{"ticker": "OZK", "price": {"title": "Bank OZK Historical Annual Stock Price Data", "value": 37.97, "historical": {"2021": {"Average Stock Price": "35.8083", "Year Open": "31.5200", "Year High": "38.8300", "Year Low": "31.5200", "Year Close": "37.9700", "Annual % Change": "21.43%"}, "2020": {"Average Stock Price": "24.3580", "Year Open": "30.8000", "Year High": "31.4600", "Year Low": "15.5500", "Year Close": "31.2700", "Annual % Change": "2.51%"}, "2019": {"Average Stock Price": "29.5861", "Year Open": "23.2000", "Year High": "34.1500", "Year Low": "23.2000", "Year Close": "30.5050", "Annual % Change": "33.62%"}, "2018": {"Average Stock Price": "41.7067", "Year Open": "48.3900", "Year High": "53.1100", "Year Low": "21.1900", "Year Close": "22.8300", "Annual % Change": "-52.88%"}, "2017": {"Average Stock Price": "48.0551", "Year Open": "52.9100", "Year High": "56.4500", "Year Low": "40.3500", "Year Close": "48.4500", "Annual % Change": "-7.87%"}, "2016": {"Average Stock Price": "40.9615", "Year Open": "48.2300", "Year High": "54.4200", "Year Low": "34.8200", "Year Close": "52.5900", "Annual % Change": "6.33%"}, "2015": {"Average Stock Price": "43.0748", "Year Open": "36.9400", "Year High": "54.6900", "Year Low": "32.4300", "Year Close": "49.4600", "Annual % Change": "30.43%"}, "2014": {"Average Stock Price": "32.3434", "Year Open": "28.1600", "Year High": "37.9800", "Year Low": "28.1450", "Year Close": "37.9200", "Annual % Change": "34.02%"}, "2013": {"Average Stock Price": "22.5292", "Year Open": "17.1850", "Year High": "28.8150", "Year Low": "17.0450", "Year Close": "28.2950", "Annual % Change": "69.08%"}, "2012": {"Average Stock Price": "15.6373", "Year Open": "15.0000", "Year High": "17.3250", "Year Low": "13.8650", "Year Close": "16.7350", "Annual % Change": "12.96%"}, "2011": {"Average Stock Price": "11.8708", "Year Open": "11.1150", "Year High": "15.4000", "Year Low": "9.9450", "Year Close": "14.8150", "Annual % Change": "36.70%"}, "2010": {"Average Stock Price": "9.0093", "Year Open": "7.3950", "Year High": "11.1450", "Year Low": "7.1650", "Year Close": "10.8375", "Annual % Change": "48.10%"}, "2009": {"Average Stock Price": "6.0086", "Year Open": "7.3725", "Year High": "7.4450", "Year Low": "4.2625", "Year Close": "7.3175", "Annual % Change": "-1.25%"}, "2008": {"Average Stock Price": "6.0158", "Year Open": "6.5450", "Year High": "8.0900", "Year Low": "3.5350", "Year Close": "7.4100", "Annual % Change": "13.13%"}, "2007": {"Average Stock Price": "7.3730", "Year Open": "8.1675", "Year High": "8.3750", "Year Low": "6.5475", "Year Close": "6.5500", "Annual % Change": "-20.75%"}, "2006": {"Average Stock Price": "8.3794", "Year Open": "9.3825", "Year High": "9.4225", "Year Low": "7.5000", "Year Close": "8.2650", "Annual % Change": "-10.41%"}, "2005": {"Average Stock Price": "8.4375", "Year Open": "8.7150", "Year High": "9.6050", "Year Low": "7.7100", "Year Close": "9.2250", "Annual % Change": "8.43%"}, "2004": {"Average Stock Price": "6.7091", "Year Open": "5.5500", "Year High": "9.2050", "Year Low": "5.4350", "Year Close": "8.5075", "Annual % Change": "51.04%"}, "2003": {"Average Stock Price": "4.5872", "Year Open": "2.9800", "Year High": "6.0263", "Year Low": "2.9575", "Year Close": "5.6325", "Annual % Change": "92.24%"}, "2002": {"Average Stock Price": "2.5117", "Year Open": "1.6400", "Year High": "3.2938", "Year Low": "1.5844", "Year Close": "2.9300", "Annual % Change": "84.57%"}, "2001": {"Average Stock Price": "1.2075", "Year Open": "0.7894", "Year High": "1.6313", "Year Low": "0.7894", "Year Close": "1.5875", "Annual % Change": "94.48%"}, "2000": {"Average Stock Price": "0.9511", "Year Open": "1.2188", "Year High": "1.2188", "Year Low": "0.6406", "Year Close": "0.8163", "Annual % Change": "-33.02%"}, "1999": {"Average Stock Price": "1.2474", "Year Open": "1.4300", "Year High": "1.4613", "Year Low": "1.0275", "Year Close": "1.2188", "Annual % Change": "-14.77%"}, "1998": {"Average Stock Price": "1.6683", "Year Open": "1.5313", "Year High": "2.2031", "Year Low": "1.1875", "Year Close": "1.4300", "Annual % Change": "-10.28%"}}}, "market cap": {"value": "$4.91B"}, "income statement": {"Revenue": {"2020-12-31": "1185.38900", "2019-12-31": "1270.06800", "2018-12-31": "1208.59500", "2017-12-31": "1056.45100", "2016-12-31": "764.95400", "2015-12-31": "514.73400", "2014-12-31": "376.33200", "2013-12-31": "288.19200", "2012-12-31": "258.80600", "2011-12-31": "316.25200", "2010-12-31": "228.29400", "2009-12-31": "216.95900", "2008-12-31": "202.35200", "2007-12-31": "199.94500", "2006-12-31": "178.42900", "2005-12-31": "132.13300"}, "Cost Of Goods Sold": {"2020-12-31": "192.15700", "2019-12-31": "278.36000", "2018-12-31": "209.38700", "2017-12-31": "115.16400", "2016-12-31": "61.05000", "2015-12-31": "27.56800", "2014-12-31": "20.95500", "2013-12-31": "18.63400", "2012-12-31": "21.60000", "2011-12-31": "30.43500", "2010-12-31": "34.33700", "2009-12-31": "47.58500", "2008-12-31": "84.30200", "2007-12-31": "99.35200", "2006-12-31": "84.47800", "2005-12-31": "44.30500"}, "Gross Profit": {"2020-12-31": "993.23210", "2019-12-31": "991.70800", "2018-12-31": "999.20800", "2017-12-31": "941.28700", "2016-12-31": "703.90400", "2015-12-31": "487.16600", "2014-12-31": "355.37700", "2013-12-31": "269.55800", "2012-12-31": "237.20600", "2011-12-31": "285.81700", "2010-12-31": "193.95700", "2009-12-31": "169.37400", "2008-12-31": "118.05000", "2007-12-31": "100.59300", "2006-12-31": "93.95100", "2005-12-31": "87.82800"}, "Research And Development Expenses": {"2020-12-31": "", "2019-12-31": "", "2018-12-31": "", "2017-12-31": "", "2016-12-31": "", "2015-12-31": "", "2014-12-31": "", "2013-12-31": "", "2012-12-31": "", "2011-12-31": "", "2010-12-31": "", "2009-12-31": "", "2008-12-31": "", "2007-12-31": "", "2006-12-31": "", "2005-12-31": ""}, "SG&A Expenses": {"2020-12-31": "617.05200", "2019-12-31": "427.37100", "2018-12-31": "445.15000", "2017-12-31": "360.76400", "2016-12-31": "279.54600", "2015-12-31": "210.39700", "2014-12-31": "182.93000", "2013-12-31": "138.14400", "2012-12-31": "126.20700", "2011-12-31": "134.30600", "2010-12-31": "103.41900", "2009-12-31": "113.43200", "2008-12-31": "73.43400", "2007-12-31": "54.40400", "2006-12-31": "48.84000", "2005-12-31": "42.38000"}, "Other Operating Income Or Expenses": {"2020-12-31": "", "2019-12-31": "", "2018-12-31": "", "2017-12-31": "", "2016-12-31": "", "2015-12-31": "", "2014-12-31": "", "2013-12-31": "", "2012-12-31": "", "2011-12-31": "", "2010-12-31": "", "2009-12-31": "", "2008-12-31": "", "2007-12-31": "", "2006-12-31": "", "2005-12-31": ""}, "Operating Expenses": {"2020-12-31": "809.20900", "2019-12-31": "705.73100", "2018-12-31": "654.53700", "2017-12-31": "475.92800", "2016-12-31": "340.59600", "2015-12-31": "237.96500", "2014-12-31": "203.88500", "2013-12-31": "156.77800", "2012-12-31": "147.80700", "2011-12-31": "164.74100", "2010-12-31": "137.75600", "2009-12-31": "161.01700", "2008-12-31": "157.73600", "2007-12-31": "153.75600", "2006-12-31": "133.31800", "2005-12-31": "86.68500"}, "Operating Income": {"2020-12-31": "376.18010", "2019-12-31": "564.33700", "2018-12-31": "554.05800", "2017-12-31": "580.52310", "2016-12-31": "424.35800", "2015-12-31": "276.76900", "2014-12-31": "172.44700", "2013-12-31": "131.41400", "2012-12-31": "110.99900", "2011-12-31": "151.51100", "2010-12-31": "90.53800", "2009-12-31": "55.94200", "2008-12-31": "44.61600", "2007-12-31": "46.18900", "2006-12-31": "45.11100", "2005-12-31": "45.44800"}, "Total Non-Operating Income/Expense": {"2020-12-31": "", "2019-12-31": "", "2018-12-31": "", "2017-12-31": "", "2016-12-31": "", "2015-12-31": "", "2014-12-31": "", "2013-12-31": "", "2012-12-31": "", "2011-12-31": "", "2010-12-31": "", "2009-12-31": "", "2008-12-31": "", "2007-12-31": "", "2006-12-31": "", "2005-12-31": ""}, "Pre-Tax Income": {"2020-12-31": "376.18000", "2019-12-31": "564.33700", "2018-12-31": "554.05800", "2017-12-31": "580.52300", "2016-12-31": "424.35800", "2015-12-31": "276.76900", "2014-12-31": "172.44700", "2013-12-31": "131.41400", "2012-12-31": "110.99900", "2011-12-31": "151.51100", "2010-12-31": "90.53800", "2009-12-31": "55.94200", "2008-12-31": "44.61600", "2007-12-31": "46.18900", "2006-12-31": "45.11100", "2005-12-31": "45.44800"}, "Income Taxes": {"2020-12-31": "84.31400", "2019-12-31": "138.42900", "2018-12-31": "136.97700", "2017-12-31": "158.58600", "2016-12-31": "154.27800", "2015-12-31": "94.45500", "2014-12-31": "53.85900", "2013-12-31": "40.14900", "2012-12-31": "33.93500", "2011-12-31": "50.20800", "2010-12-31": "26.61400", "2009-12-31": "12.85900", "2008-12-31": "9.92600", "2007-12-31": "14.44500", "2006-12-31": "13.41800", "2005-12-31": "13.95900"}, "Income After Taxes": {"2020-12-31": "291.86600", "2019-12-31": "425.90800", "2018-12-31": "417.08100", "2017-12-31": "421.93700", "2016-12-31": "270.08000", "2015-12-31": "182.31400", "2014-12-31": "118.58800", "2013-12-31": "91.26500", "2012-12-31": "77.06400", "2011-12-31": "101.30300", "2010-12-31": "63.92400", "2009-12-31": "43.08300", "2008-12-31": "34.69000", "2007-12-31": "31.74400", "2006-12-31": "31.69300", "2005-12-31": "31.48900"}, "Other Income": {"2020-12-31": "", "2019-12-31": "", "2018-12-31": "", "2017-12-31": "", "2016-12-31": "", "2015-12-31": "", "2014-12-31": "", "2013-12-31": "", "2012-12-31": "", "2011-12-31": "", "2010-12-31": "", "2009-12-31": "", "2008-12-31": "", "2007-12-31": "", "2006-12-31": "", "2005-12-31": ""}, "Income From Continuous Operations": {"2020-12-31": "291.86600", "2019-12-31": "425.90800", "2018-12-31": "417.08100", "2017-12-31": "421.93700", "2016-12-31": "270.08000", "2015-12-31": "182.31400", "2014-12-31": "118.58800", "2013-12-31": "91.26500", "2012-12-31": "77.06400", "2011-12-31": "101.30300", "2010-12-31": "63.92400", "2009-12-31": "43.08300", "2008-12-31": "34.69000", "2007-12-31": "31.74400", "2006-12-31": "31.69300", "2005-12-31": "31.48900"}, "Income From Discontinued Operations": {"2020-12-31": "", "2019-12-31": "", "2018-12-31": "", "2017-12-31": "", "2016-12-31": "", "2015-12-31": "", "2014-12-31": "", "2013-12-31": "", "2012-12-31": "", "2011-12-31": "", "2010-12-31": "", "2009-12-31": "", "2008-12-31": "", "2007-12-31": "", "2006-12-31": "", "2005-12-31": ""}, "Net Income": {"2020-12-31": "291.89800", "2019-12-31": "425.90600", "2018-12-31": "417.10600", "2017-12-31": "421.89100", "2016-12-31": "269.97900", "2015-12-31": "182.25300", "2014-12-31": "118.60600", "2013-12-31": "91.23700", "2012-12-31": "77.04400", "2011-12-31": "101.32100", "2010-12-31": "64.00100", "2009-12-31": "36.82600", "2008-12-31": "34.47400", "2007-12-31": "31.74600", "2006-12-31": "31.69300", "2005-12-31": "31.48900"}, "EBITDA": {"2020-12-31": "", "2019-12-31": "", "2018-12-31": "", "2017-12-31": "", "2016-12-31": "", "2015-12-31": "", "2014-12-31": "", "2013-12-31": "", "2012-12-31": "", "2011-12-31": "", "2010-12-31": "", "2009-12-31": "", "2008-12-31": "", "2007-12-31": "", "2006-12-31": "", "2005-12-31": ""}, "EBIT": {"2020-12-31": "", "2019-12-31": "", "2018-12-31": "", "2017-12-31": "", "2016-12-31": "", "2015-12-31": "", "2014-12-31": "", "2013-12-31": "", "2012-12-31": "", "2011-12-31": "", "2010-12-31": "", "2009-12-31": "", "2008-12-31": "", "2007-12-31": "", "2006-12-31": "", "2005-12-31": ""}, "Basic Shares Outstanding": {"2020-12-31": "129.15840", "2019-12-31": "128.92600", "2018-12-31": "128.59500", "2017-12-31": "125.46500", "2016-12-31": "104.40900", "2015-12-31": "86.78500", "2014-12-31": "77.53800", "2013-12-31": "71.91000", "2012-12-31": "69.27400", "2011-12-31": "68.52000", "2010-12-31": "67.87600", "2009-12-31": "67.52000", "2008-12-31": "67.39600", "2007-12-31": "67.15600", "2006-12-31": "66.89200", "2005-12-31": "66.56000"}, "Shares Outstanding": {"2020-12-31": "129.43500", "2019-12-31": "129.00600", "2018-12-31": "128.74000", "2017-12-31": "125.80900", "2016-12-31": "104.70000", "2015-12-31": "87.34800", "2014-12-31": "78.06000", "2013-12-31": "72.40200", "2012-12-31": "69.77600", "2011-12-31": "68.96400", "2010-12-31": "68.18000", "2009-12-31": "67.60000", "2008-12-31": "67.49600", "2007-12-31": "67.33600", "2006-12-31": "67.21200", "2005-12-31": "67.06400"}, "Basic EPS": {"2020-12-31": "2.26000", "2019-12-31": "3.30000", "2018-12-31": "3.24000", "2017-12-31": "3.36000", "2016-12-31": "2.59000", "2015-12-31": "2.10000", "2014-12-31": "1.53000", "2013-12-31": "1.27000", "2012-12-31": "1.11000", "2011-12-31": "1.48000", "2010-12-31": "0.94500", "2009-12-31": "0.54500", "2008-12-31": "0.51250", "2007-12-31": "0.47250", "2006-12-31": "0.47500", "2005-12-31": "0.47250"}, "EPS - Earnings Per Share": {"2020-12-31": "2.26000", "2019-12-31": "3.30000", "2018-12-31": "3.24000", "2017-12-31": "3.35000", "2016-12-31": "2.58000", "2015-12-31": "2.09000", "2014-12-31": "1.52000", "2013-12-31": "1.26000", "2012-12-31": "1.10000", "2011-12-31": "1.47000", "2010-12-31": "0.94000", "2009-12-31": "0.54500", "2008-12-31": "0.51000", "2007-12-31": "0.47250", "2006-12-31": "0.47250", "2005-12-31": "0.47000"}}, "income statement, quarterly": {"Revenue": {"2020-12-31": "302.05500", "2020-09-30": "294.95700", "2020-06-30": "288.72500", "2020-03-31": "299.65300", "2019-12-31": "311.36800", "2019-09-30": "315.96300", "2019-06-30": "323.42200", "2019-03-31": "319.31500", "2018-12-31": "319.63000", "2018-09-30": "301.71600", "2018-06-30": "301.05000", "2018-03-31": "286.19900", "2017-12-31": "279.31200", "2017-09-30": "274.31300", "2017-06-30": "259.99800", "2017-03-31": "242.82800", "2016-12-31": "246.09900", "2016-09-30": "223.58800", "2016-06-30": "153.66100", "2016-03-31": "141.60600", "2015-12-31": "145.21700", "2015-09-30": "125.62200", "2015-06-30": "123.37300", "2015-03-31": "120.52200", "2014-12-31": "112.43600", "2014-09-30": "99.33100", "2014-06-30": "87.14800", "2014-03-31": "77.41700", "2013-12-31": "78.67800", "2013-09-30": "77.44400", "2013-06-30": "66.94400", "2013-03-31": "65.12600", "2012-12-31": "67.62400", "2012-09-30": "63.94700", "2012-06-30": "63.48200", "2012-03-31": "63.75300", "2011-12-31": "65.33500", "2011-09-30": "67.97300", "2011-06-30": "125.93200", "2011-03-31": "57.01200", "2010-12-31": "60.73400", "2010-09-30": "66.27500", "2010-06-30": "47.70700", "2010-03-31": "53.57800", "2009-12-31": "51.41400", "2009-09-30": "45.71400", "2009-06-30": "65.19600", "2009-03-31": "54.63500", "2008-12-31": "51.27700", "2008-09-30": "49.90100", "2008-06-30": "51.22900", "2008-03-31": "49.94500", "2007-12-31": "51.07100", "2007-09-30": "50.33600", "2007-06-30": "49.75100", "2007-03-31": "48.78700", "2006-12-31": "48.52900", "2006-09-30": "47.14700", "2006-06-30": "42.80800", "2006-03-31": "39.94500", "2005-12-31": "36.85000", "2005-09-30": "34.38700", "2005-06-30": "31.76200", "2005-03-31": "29.13400"}, "Cost Of Goods Sold": {"2020-12-31": "35.79400", "2020-09-30": "43.62400", "2020-06-30": "50.54100", "2020-03-31": "62.19800", "2019-12-31": "65.98500", "2019-09-30": "70.73700", "2019-06-30": "72.28300", "2019-03-31": "69.35500", "2018-12-31": "63.68700", "2018-09-30": "56.98100", "2018-06-30": "49.00300", "2018-03-31": "39.71600", "2017-12-31": "34.26800", "2017-09-30": "31.84400", "2017-06-30": "26.05300", "2017-03-31": "22.99900", "2016-12-31": "20.72900", "2016-09-30": "19.20700", "2016-06-30": "11.89000", "2016-03-31": "9.22400", "2015-12-31": "8.15800", "2015-09-30": "7.09700", "2015-06-30": "6.34700", "2015-03-31": "5.96600", "2014-12-31": "5.87300", "2014-09-30": "5.46200", "2014-06-30": "4.95900", "2014-03-31": "4.66100", "2013-12-31": "4.80300", "2013-09-30": "4.70900", "2013-06-30": "4.49200", "2013-03-31": "4.63000", "2012-12-31": "5.00400", "2012-09-30": "5.01200", "2012-06-30": "5.47400", "2012-03-31": "6.11000", "2011-12-31": "6.53200", "2011-09-30": "7.56600", "2011-06-30": "8.39800", "2011-03-31": "7.93900", "2010-12-31": "8.14200", "2010-09-30": "8.32400", "2010-06-30": "8.85100", "2010-03-31": "9.02000", "2009-12-31": "9.66100", "2009-09-30": "10.67200", "2009-06-30": "12.32400", "2009-03-31": "14.92800", "2008-12-31": "18.75000", "2008-09-30": "20.41400", "2008-06-30": "22.06900", "2008-03-31": "23.06900", "2007-12-31": "24.69000", "2007-09-30": "25.24600", "2007-06-30": "24.83700", "2007-03-31": "24.57900", "2006-12-31": "24.57300", "2006-09-30": "23.69300", "2006-06-30": "19.86900", "2006-03-31": "16.34300", "2005-12-31": "14.20000", "2005-09-30": "11.76300", "2005-06-30": "10.03800", "2005-03-31": "8.30400"}, "Gross Profit": {"2020-12-31": "266.26100", "2020-09-30": "251.33300", "2020-06-30": "238.18400", "2020-03-31": "237.45500", "2019-12-31": "245.38300", "2019-09-30": "245.22600", "2019-06-30": "251.13900", "2019-03-31": "249.96000", "2018-12-31": "255.94300", "2018-09-30": "244.73500", "2018-06-30": "252.04700", "2018-03-31": "246.48300", "2017-12-31": "245.04400", "2017-09-30": "242.46900", "2017-06-30": "233.94500", "2017-03-31": "219.82900", "2016-12-31": "225.36990", "2016-09-30": "204.38100", "2016-06-30": "141.77100", "2016-03-31": "132.38200", "2015-12-31": "137.05900", "2015-09-30": "118.52500", "2015-06-30": "117.02600", "2015-03-31": "114.55600", "2014-12-31": "106.56300", "2014-09-30": "93.86900", "2014-06-30": "82.18900", "2014-03-31": "72.75600", "2013-12-31": "73.87500", "2013-09-30": "72.73500", "2013-06-30": "62.45200", "2013-03-31": "60.49600", "2012-12-31": "62.62000", "2012-09-30": "58.93500", "2012-06-30": "58.00800", "2012-03-31": "57.64300", "2011-12-31": "58.80300", "2011-09-30": "60.40700", "2011-06-30": "117.53400", "2011-03-31": "49.07300", "2010-12-31": "52.59200", "2010-09-30": "57.95100", "2010-06-30": "38.85600", "2010-03-31": "44.55800", "2009-12-31": "41.75300", "2009-09-30": "35.04200", "2009-06-30": "52.87200", "2009-03-31": "39.70700", "2008-12-31": "32.52700", "2008-09-30": "29.48700", "2008-06-30": "29.16000", "2008-03-31": "26.87600", "2007-12-31": "26.38100", "2007-09-30": "25.09000", "2007-06-30": "24.91400", "2007-03-31": "24.20800", "2006-12-31": "23.95600", "2006-09-30": "23.45400", "2006-06-30": "22.93900", "2006-03-31": "23.60200", "2005-12-31": "22.65000", "2005-09-30": "22.62400", "2005-06-30": "21.72400", "2005-03-31": "20.83000"}, "Research And Development Expenses": {"2020-12-31": "", "2020-09-30": "", "2020-06-30": "", "2020-03-31": "", "2019-12-31": "", "2019-09-30": "", "2019-06-30": "", "2019-03-31": "", "2018-12-31": "", "2018-09-30": "", "2018-06-30": "", "2018-03-31": "", "2017-12-31": "", "2017-09-30": "", "2017-06-30": "", "2017-03-31": "", "2016-12-31": "", "2016-09-30": "", "2016-06-30": "", "2016-03-31": "", "2015-12-31": "", "2015-09-30": "", "2015-06-30": "", "2015-03-31": "", "2014-12-31": "", "2014-09-30": "", "2014-06-30": "", "2014-03-31": "", "2013-12-31": "", "2013-09-30": "", "2013-06-30": "", "2013-03-31": "", "2012-12-31": "", "2012-09-30": "", "2012-06-30": "", "2012-03-31": "", "2011-12-31": "", "2011-09-30": "", "2011-06-30": "", "2011-03-31": "", "2010-12-31": "", "2010-09-30": "", "2010-06-30": "", "2010-03-31": "", "2009-12-31": "", "2009-09-30": "", "2009-06-30": "", "2009-03-31": "", "2008-12-31": "", "2008-09-30": "", "2008-06-30": "", "2008-03-31": "", "2007-12-31": "", "2007-09-30": "", "2007-06-30": "", "2007-03-31": "", "2006-12-31": "", "2006-09-30": "", "2006-06-30": "", "2006-03-31": "", "2005-12-31": "", "2005-09-30": "", "2005-06-30": "", "2005-03-31": ""}, "SG&A Expenses": {"2020-12-31": "110.14400", "2020-09-30": "112.84100", "2020-06-30": "172.97900", "2020-03-31": "221.08800", "2019-12-31": "109.34400", "2019-09-30": "108.76800", "2019-06-30": "105.90000", "2019-03-31": "103.35900", "2018-12-31": "102.16500", "2018-09-30": "144.89100", "2018-06-30": "98.71700", "2018-03-31": "99.37700", "2017-12-31": "95.45600", "2017-09-30": "92.17600", "2017-06-30": "89.93100", "2017-03-31": "83.20100", "2016-12-31": "88.21400", "2016-09-30": "85.86700", "2016-06-30": "55.76200", "2016-03-31": "49.70300", "2015-12-31": "56.85700", "2015-09-30": "49.00900", "2015-06-30": "48.03200", "2015-03-31": "56.49900", "2014-12-31": "54.50200", "2014-09-30": "46.21000", "2014-06-30": "43.46000", "2014-03-31": "38.75800", "2013-12-31": "37.59200", "2013-09-30": "36.02600", "2013-06-30": "32.56700", "2013-03-31": "31.95900", "2012-12-31": "32.42500", "2012-09-30": "31.76200", "2012-06-30": "30.33700", "2012-03-31": "31.68300", "2011-12-31": "33.61400", "2011-09-30": "33.30000", "2011-06-30": "38.95000", "2011-03-31": "28.44200", "2010-12-31": "29.37300", "2010-09-30": "27.86500", "2010-06-30": "24.51000", "2010-03-31": "21.67100", "2009-12-31": "24.60100", "2009-09-30": "22.99900", "2009-06-30": "39.04500", "2009-03-31": "26.78700", "2008-12-31": "22.53300", "2008-09-30": "17.22800", "2008-06-30": "17.46700", "2008-03-31": "16.20600", "2007-12-31": "15.20800", "2007-09-30": "12.83200", "2007-06-30": "13.12600", "2007-03-31": "13.23800", "2006-12-31": "13.40600", "2006-09-30": "12.25700", "2006-06-30": "11.51700", "2006-03-31": "11.66000", "2005-12-31": "10.80700", "2005-09-30": "11.07000", "2005-06-30": "10.50800", "2005-03-31": "9.99500"}, "Other Operating Income Or Expenses": {"2020-12-31": "", "2020-09-30": "", "2020-06-30": "", "2020-03-31": "", "2019-12-31": "", "2019-09-30": "", "2019-06-30": "", "2019-03-31": "", "2018-12-31": "", "2018-09-30": "", "2018-06-30": "", "2018-03-31": "", "2017-12-31": "", "2017-09-30": "", "2017-06-30": "", "2017-03-31": "", "2016-12-31": "", "2016-09-30": "", "2016-06-30": "", "2016-03-31": "", "2015-12-31": "", "2015-09-30": "", "2015-06-30": "", "2015-03-31": "", "2014-12-31": "", "2014-09-30": "", "2014-06-30": "", "2014-03-31": "", "2013-12-31": "", "2013-09-30": "", "2013-06-30": "", "2013-03-31": "", "2012-12-31": "", "2012-09-30": "", "2012-06-30": "", "2012-03-31": "", "2011-12-31": "", "2011-09-30": "", "2011-06-30": "", "2011-03-31": "", "2010-12-31": "", "2010-09-30": "", "2010-06-30": "", "2010-03-31": "", "2009-12-31": "", "2009-09-30": "", "2009-06-30": "", "2009-03-31": "", "2008-12-31": "", "2008-09-30": "", "2008-06-30": "", "2008-03-31": "", "2007-12-31": "", "2007-09-30": "", "2007-06-30": "", "2007-03-31": "", "2006-12-31": "", "2006-09-30": "", "2006-06-30": "", "2006-03-31": "", "2005-12-31": "", "2005-09-30": "", "2005-06-30": "", "2005-03-31": ""}, "Operating Expenses": {"2020-12-31": "145.93800", "2020-09-30": "156.46500", "2020-06-30": "223.52000", "2020-03-31": "283.28600", "2019-12-31": "175.32900", "2019-09-30": "179.50500", "2019-06-30": "178.18300", "2019-03-31": "172.71400", "2018-12-31": "165.85200", "2018-09-30": "201.87200", "2018-06-30": "147.72000", "2018-03-31": "139.09300", "2017-12-31": "129.72400", "2017-09-30": "124.02000", "2017-06-30": "115.98400", "2017-03-31": "106.20000", "2016-12-31": "108.94300", "2016-09-30": "105.07400", "2016-06-30": "67.65200", "2016-03-31": "58.92700", "2015-12-31": "65.01500", "2015-09-30": "56.10600", "2015-06-30": "54.37900", "2015-03-31": "62.46500", "2014-12-31": "60.37500", "2014-09-30": "51.67200", "2014-06-30": "48.41900", "2014-03-31": "43.41900", "2013-12-31": "42.39500", "2013-09-30": "40.73500", "2013-06-30": "37.05900", "2013-03-31": "36.58900", "2012-12-31": "37.42900", "2012-09-30": "36.77400", "2012-06-30": "35.81100", "2012-03-31": "37.79300", "2011-12-31": "40.14600", "2011-09-30": "40.86600", "2011-06-30": "47.34800", "2011-03-31": "36.38100", "2010-12-31": "37.51500", "2010-09-30": "36.18900", "2010-06-30": "33.36100", "2010-03-31": "30.69100", "2009-12-31": "34.26200", "2009-09-30": "33.67100", "2009-06-30": "51.36900", "2009-03-31": "41.71500", "2008-12-31": "41.28300", "2008-09-30": "37.64200", "2008-06-30": "39.53600", "2008-03-31": "39.27500", "2007-12-31": "39.89800", "2007-09-30": "38.07800", "2007-06-30": "37.96300", "2007-03-31": "37.81700", "2006-12-31": "37.97900", "2006-09-30": "35.95000", "2006-06-30": "31.38600", "2006-03-31": "28.00300", "2005-12-31": "25.00700", "2005-09-30": "22.83300", "2005-06-30": "20.54600", "2005-03-31": "18.29900"}, "Operating Income": {"2020-12-31": "156.11700", "2020-09-30": "138.49200", "2020-06-30": "65.20500", "2020-03-31": "16.36700", "2019-12-31": "136.03900", "2019-09-30": "136.45800", "2019-06-30": "145.23900", "2019-03-31": "146.60100", "2018-12-31": "153.77800", "2018-09-30": "99.84400", "2018-06-30": "153.33000", "2018-03-31": "147.10600", "2017-12-31": "149.58800", "2017-09-30": "150.29300", "2017-06-30": "144.01400", "2017-03-31": "136.62800", "2016-12-31": "137.15590", "2016-09-30": "118.51400", "2016-06-30": "86.00900", "2016-03-31": "82.67900", "2015-12-31": "80.20200", "2015-09-30": "69.51600", "2015-06-30": "68.99400", "2015-03-31": "58.05700", "2014-12-31": "52.06100", "2014-09-30": "47.65900", "2014-06-30": "38.72900", "2014-03-31": "33.99800", "2013-12-31": "36.28300", "2013-09-30": "36.70900", "2013-06-30": "29.88500", "2013-03-31": "28.53700", "2012-12-31": "30.19500", "2012-09-30": "27.17300", "2012-06-30": "27.67100", "2012-03-31": "25.96000", "2011-12-31": "25.18900", "2011-09-30": "27.10700", "2011-06-30": "78.58400", "2011-03-31": "20.63100", "2010-12-31": "23.21900", "2010-09-30": "30.08600", "2010-06-30": "14.34600", "2010-03-31": "22.88700", "2009-12-31": "17.15200", "2009-09-30": "12.04300", "2009-06-30": "13.82700", "2009-03-31": "12.92000", "2008-12-31": "9.99400", "2008-09-30": "12.25900", "2008-06-30": "11.69300", "2008-03-31": "10.67000", "2007-12-31": "11.17300", "2007-09-30": "12.25800", "2007-06-30": "11.78800", "2007-03-31": "10.97000", "2006-12-31": "10.55000", "2006-09-30": "11.19700", "2006-06-30": "11.42200", "2006-03-31": "11.94200", "2005-12-31": "11.84300", "2005-09-30": "11.55400", "2005-06-30": "11.21600", "2005-03-31": "10.83500"}, "Total Non-Operating Income/Expense": {"2020-12-31": "", "2020-09-30": "", "2020-06-30": "", "2020-03-31": "", "2019-12-31": "", "2019-09-30": "", "2019-06-30": "", "2019-03-31": "", "2018-12-31": "", "2018-09-30": "", "2018-06-30": "", "2018-03-31": "", "2017-12-31": "", "2017-09-30": "", "2017-06-30": "", "2017-03-31": "", "2016-12-31": "", "2016-09-30": "", "2016-06-30": "", "2016-03-31": "", "2015-12-31": "", "2015-09-30": "", "2015-06-30": "", "2015-03-31": "", "2014-12-31": "", "2014-09-30": "", "2014-06-30": "", "2014-03-31": "", "2013-12-31": "", "2013-09-30": "", "2013-06-30": "", "2013-03-31": "", "2012-12-31": "", "2012-09-30": "", "2012-06-30": "", "2012-03-31": "", "2011-12-31": "", "2011-09-30": "", "2011-06-30": "", "2011-03-31": "", "2010-12-31": "", "2010-09-30": "", "2010-06-30": "", "2010-03-31": "", "2009-12-31": "", "2009-09-30": "", "2009-06-30": "", "2009-03-31": "", "2008-12-31": "", "2008-09-30": "", "2008-06-30": "", "2008-03-31": "", "2007-12-31": "", "2007-09-30": "", "2007-06-30": "", "2007-03-31": "", "2006-12-31": "", "2006-09-30": "", "2006-06-30": "", "2006-03-31": "", "2005-12-31": "", "2005-09-30": "", "2005-06-30": "", "2005-03-31": ""}, "Pre-Tax Income": {"2020-12-31": "156.11700", "2020-09-30": "138.49200", "2020-06-30": "65.20500", "2020-03-31": "16.36700", "2019-12-31": "136.03900", "2019-09-30": "136.45800", "2019-06-30": "145.23900", "2019-03-31": "146.60100", "2018-12-31": "153.77800", "2018-09-30": "99.84400", "2018-06-30": "153.33000", "2018-03-31": "147.10600", "2017-12-31": "149.58800", "2017-09-30": "150.29300", "2017-06-30": "144.01400", "2017-03-31": "136.62800", "2016-12-31": "137.15600", "2016-09-30": "118.51400", "2016-06-30": "86.00900", "2016-03-31": "82.67900", "2015-12-31": "80.20200", "2015-09-30": "69.51600", "2015-06-30": "68.99400", "2015-03-31": "58.05700", "2014-12-31": "52.06100", "2014-09-30": "47.65900", "2014-06-30": "38.72900", "2014-03-31": "33.99800", "2013-12-31": "36.28300", "2013-09-30": "36.70900", "2013-06-30": "29.88500", "2013-03-31": "28.53700", "2012-12-31": "30.19500", "2012-09-30": "27.17300", "2012-06-30": "27.67100", "2012-03-31": "25.96000", "2011-12-31": "25.18900", "2011-09-30": "27.10700", "2011-06-30": "78.58400", "2011-03-31": "20.63100", "2010-12-31": "23.21900", "2010-09-30": "30.08600", "2010-06-30": "14.34600", "2010-03-31": "22.88700", "2009-12-31": "17.15200", "2009-09-30": "12.04300", "2009-06-30": "13.82700", "2009-03-31": "12.92000", "2008-12-31": "9.99400", "2008-09-30": "12.25900", "2008-06-30": "11.69300", "2008-03-31": "10.67000", "2007-12-31": "11.17300", "2007-09-30": "12.25800", "2007-06-30": "11.78800", "2007-03-31": "10.97000", "2006-12-31": "10.55000", "2006-09-30": "11.19700", "2006-06-30": "11.42200", "2006-03-31": "11.94200", "2005-12-31": "11.84300", "2005-09-30": "11.55400", "2005-06-30": "11.21600", "2005-03-31": "10.83500"}, "Income Taxes": {"2020-12-31": "35.60700", "2020-09-30": "29.25100", "2020-06-30": "14.94800", "2020-03-31": "4.50900", "2019-12-31": "35.24000", "2019-09-30": "32.57400", "2019-06-30": "34.72600", "2019-03-31": "35.88900", "2018-12-31": "38.75000", "2018-09-30": "25.66500", "2018-06-30": "38.58900", "2018-03-31": "33.97300", "2017-12-31": "3.43500", "2017-09-30": "54.24600", "2017-06-30": "53.48800", "2017-03-31": "47.41700", "2016-12-31": "49.31000", "2016-09-30": "42.47000", "2016-06-30": "31.51400", "2016-03-31": "30.98400", "2015-12-31": "28.74100", "2015-09-30": "23.38500", "2015-06-30": "24.19000", "2015-03-31": "18.13900", "2014-12-31": "17.29900", "2014-09-30": "15.57900", "2014-06-30": "12.25100", "2014-03-31": "8.73000", "2013-12-31": "11.89300", "2013-09-30": "10.22400", "2013-06-30": "9.50600", "2013-03-31": "8.52600", "2012-12-31": "9.51800", "2012-09-30": "7.88300", "2012-06-30": "8.58400", "2012-03-31": "7.95000", "2011-12-31": "7.60400", "2011-09-30": "8.22000", "2011-06-30": "28.38000", "2011-03-31": "6.00400", "2010-12-31": "6.30400", "2010-09-30": "9.87800", "2010-06-30": "3.48800", "2010-03-31": "6.94400", "2009-12-31": "4.47300", "2009-09-30": "2.59900", "2009-06-30": "3.25000", "2009-03-31": "2.53700", "2008-12-31": "0.65500", "2008-09-30": "3.25500", "2008-06-30": "3.11100", "2008-03-31": "2.90500", "2007-12-31": "3.43800", "2007-09-30": "3.85600", "2007-06-30": "3.70200", "2007-03-31": "3.44900", "2006-12-31": "3.19500", "2006-09-30": "3.18700", "2006-06-30": "3.49100", "2006-03-31": "3.54500", "2005-12-31": "3.46000", "2005-09-30": "3.48300", "2005-06-30": "3.50300", "2005-03-31": "3.51300"}, "Income After Taxes": {"2020-12-31": "120.51000", "2020-09-30": "109.24100", "2020-06-30": "50.25700", "2020-03-31": "11.85800", "2019-12-31": "100.79900", "2019-09-30": "103.88400", "2019-06-30": "110.51300", "2019-03-31": "110.71200", "2018-12-31": "115.02800", "2018-09-30": "74.17900", "2018-06-30": "114.74100", "2018-03-31": "113.13300", "2017-12-31": "146.15300", "2017-09-30": "96.04700", "2017-06-30": "90.52600", "2017-03-31": "89.21100", "2016-12-31": "87.84600", "2016-09-30": "76.04400", "2016-06-30": "54.49500", "2016-03-31": "51.69500", "2015-12-31": "51.46100", "2015-09-30": "46.13100", "2015-06-30": "44.80400", "2015-03-31": "39.91800", "2014-12-31": "34.76200", "2014-09-30": "32.08000", "2014-06-30": "26.47800", "2014-03-31": "25.26800", "2013-12-31": "24.39000", "2013-09-30": "26.48500", "2013-06-30": "20.37900", "2013-03-31": "20.01100", "2012-12-31": "20.67700", "2012-09-30": "19.29000", "2012-06-30": "19.08700", "2012-03-31": "18.01000", "2011-12-31": "17.58500", "2011-09-30": "18.88700", "2011-06-30": "50.20400", "2011-03-31": "14.62700", "2010-12-31": "16.91500", "2010-09-30": "20.20800", "2010-06-30": "10.85800", "2010-03-31": "15.94300", "2009-12-31": "12.67900", "2009-09-30": "9.44400", "2009-06-30": "10.57700", "2009-03-31": "10.38300", "2008-12-31": "9.33900", "2008-09-30": "9.00400", "2008-06-30": "8.58200", "2008-03-31": "7.76500", "2007-12-31": "7.73500", "2007-09-30": "8.40200", "2007-06-30": "8.08600", "2007-03-31": "7.52100", "2006-12-31": "7.35500", "2006-09-30": "8.01000", "2006-06-30": "7.93100", "2006-03-31": "8.39700", "2005-12-31": "8.38300", "2005-09-30": "8.07100", "2005-06-30": "7.71300", "2005-03-31": "7.32200"}, "Other Income": {"2020-12-31": "", "2020-09-30": "", "2020-06-30": "", "2020-03-31": "", "2019-12-31": "", "2019-09-30": "", "2019-06-30": "", "2019-03-31": "", "2018-12-31": "", "2018-09-30": "", "2018-06-30": "", "2018-03-31": "", "2017-12-31": "", "2017-09-30": "", "2017-06-30": "", "2017-03-31": "", "2016-12-31": "", "2016-09-30": "", "2016-06-30": "", "2016-03-31": "", "2015-12-31": "", "2015-09-30": "", "2015-06-30": "", "2015-03-31": "", "2014-12-31": "", "2014-09-30": "", "2014-06-30": "", "2014-03-31": "", "2013-12-31": "", "2013-09-30": "", "2013-06-30": "", "2013-03-31": "", "2012-12-31": "", "2012-09-30": "", "2012-06-30": "", "2012-03-31": "", "2011-12-31": "", "2011-09-30": "", "2011-06-30": "", "2011-03-31": "", "2010-12-31": "", "2010-09-30": "", "2010-06-30": "", "2010-03-31": "", "2009-12-31": "", "2009-09-30": "", "2009-06-30": "", "2009-03-31": "", "2008-12-31": "", "2008-09-30": "", "2008-06-30": "", "2008-03-31": "", "2007-12-31": "", "2007-09-30": "", "2007-06-30": "", "2007-03-31": "", "2006-12-31": "", "2006-09-30": "", "2006-06-30": "", "2006-03-31": "", "2005-12-31": "", "2005-09-30": "", "2005-06-30": "", "2005-03-31": ""}, "Income From Continuous Operations": {"2020-12-31": "120.51000", "2020-09-30": "109.24100", "2020-06-30": "50.25700", "2020-03-31": "11.85800", "2019-12-31": "100.79900", "2019-09-30": "103.88400", "2019-06-30": "110.51300", "2019-03-31": "110.71200", "2018-12-31": "115.02800", "2018-09-30": "74.17900", "2018-06-30": "114.74100", "2018-03-31": "113.13300", "2017-12-31": "146.15300", "2017-09-30": "96.04700", "2017-06-30": "90.52600", "2017-03-31": "89.21100", "2016-12-31": "87.84600", "2016-09-30": "76.04400", "2016-06-30": "54.49500", "2016-03-31": "51.69500", "2015-12-31": "51.46100", "2015-09-30": "46.13100", "2015-06-30": "44.80400", "2015-03-31": "39.91800", "2014-12-31": "34.76200", "2014-09-30": "32.08000", "2014-06-30": "26.47800", "2014-03-31": "25.26800", "2013-12-31": "24.39000", "2013-09-30": "26.48500", "2013-06-30": "20.37900", "2013-03-31": "20.01100", "2012-12-31": "20.67700", "2012-09-30": "19.29000", "2012-06-30": "19.08700", "2012-03-31": "18.01000", "2011-12-31": "17.58500", "2011-09-30": "18.88700", "2011-06-30": "50.20400", "2011-03-31": "14.62700", "2010-12-31": "16.91500", "2010-09-30": "20.20800", "2010-06-30": "10.85800", "2010-03-31": "15.94300", "2009-12-31": "12.67900", "2009-09-30": "9.44400", "2009-06-30": "10.57700", "2009-03-31": "10.38300", "2008-12-31": "9.33900", "2008-09-30": "9.00400", "2008-06-30": "8.58200", "2008-03-31": "7.76500", "2007-12-31": "7.73500", "2007-09-30": "8.40200", "2007-06-30": "8.08600", "2007-03-31": "7.52100", "2006-12-31": "7.35500", "2006-09-30": "8.01000", "2006-06-30": "7.93100", "2006-03-31": "8.39700", "2005-12-31": "8.38300", "2005-09-30": "8.07100", "2005-06-30": "7.71300", "2005-03-31": "7.32200"}, "Income From Discontinued Operations": {"2020-12-31": "", "2020-09-30": "", "2020-06-30": "", "2020-03-31": "", "2019-12-31": "", "2019-09-30": "", "2019-06-30": "", "2019-03-31": "", "2018-12-31": "", "2018-09-30": "", "2018-06-30": "", "2018-03-31": "", "2017-12-31": "", "2017-09-30": "", "2017-06-30": "", "2017-03-31": "", "2016-12-31": "", "2016-09-30": "", "2016-06-30": "", "2016-03-31": "", "2015-12-31": "", "2015-09-30": "", "2015-06-30": "", "2015-03-31": "", "2014-12-31": "", "2014-09-30": "", "2014-06-30": "", "2014-03-31": "", "2013-12-31": "", "2013-09-30": "", "2013-06-30": "", "2013-03-31": "", "2012-12-31": "", "2012-09-30": "", "2012-06-30": "", "2012-03-31": "", "2011-12-31": "", "2011-09-30": "", "2011-06-30": "", "2011-03-31": "", "2010-12-31": "", "2010-09-30": "", "2010-06-30": "", "2010-03-31": "", "2009-12-31": "", "2009-09-30": "", "2009-06-30": "", "2009-03-31": "", "2008-12-31": "", "2008-09-30": "", "2008-06-30": "", "2008-03-31": "", "2007-12-31": "", "2007-09-30": "", "2007-06-30": "", "2007-03-31": "", "2006-12-31": "", "2006-09-30": "", "2006-06-30": "", "2006-03-31": "", "2005-12-31": "", "2005-09-30": "", "2005-06-30": "", "2005-03-31": ""}, "Net Income": {"2020-12-31": "120.51300", "2020-09-30": "109.25300", "2020-06-30": "50.26600", "2020-03-31": "11.86600", "2019-12-31": "100.80600", "2019-09-30": "103.89100", "2019-06-30": "110.50300", "2019-03-31": "110.70600", "2018-12-31": "115.03100", "2018-09-30": "74.18000", "2018-06-30": "114.75100", "2018-03-31": "113.14400", "2017-12-31": "146.16400", "2017-09-30": "96.00700", "2017-06-30": "90.53200", "2017-03-31": "89.18800", "2016-12-31": "87.78700", "2016-09-30": "76.03000", "2016-06-30": "54.47400", "2016-03-31": "51.68800", "2015-12-31": "51.45500", "2015-09-30": "46.12800", "2015-06-30": "44.77600", "2015-03-31": "39.89400", "2014-12-31": "34.75100", "2014-09-30": "32.09300", "2014-06-30": "26.48600", "2014-03-31": "25.27600", "2013-12-31": "24.39800", "2013-09-30": "26.45200", "2013-06-30": "20.38700", "2013-03-31": "20.00000", "2012-12-31": "20.66800", "2012-09-30": "19.27500", "2012-06-30": "19.09200", "2012-03-31": "18.00900", "2011-12-31": "17.57000", "2011-09-30": "18.90400", "2011-06-30": "50.21700", "2011-03-31": "14.63000", "2010-12-31": "16.93200", "2010-09-30": "20.22500", "2010-06-30": "10.89000", "2010-03-31": "15.95400", "2009-12-31": "9.64800", "2009-09-30": "8.39100", "2009-06-30": "9.50100", "2009-03-31": "9.28600", "2008-12-31": "9.09100", "2008-09-30": "9.01100", "2008-06-30": "8.60700", "2008-03-31": "7.76500", "2007-12-31": "7.73700", "2007-09-30": "8.40200", "2007-06-30": "8.08600", "2007-03-31": "7.52100", "2006-12-31": "7.35500", "2006-09-30": "8.01000", "2006-06-30": "7.93100", "2006-03-31": "8.39700", "2005-12-31": "8.38300", "2005-09-30": "8.07100", "2005-06-30": "7.71300", "2005-03-31": "7.32200"}, "EBITDA": {"2020-12-31": "", "2020-09-30": "", "2020-06-30": "", "2020-03-31": "", "2019-12-31": "", "2019-09-30": "", "2019-06-30": "", "2019-03-31": "", "2018-12-31": "", "2018-09-30": "", "2018-06-30": "", "2018-03-31": "", "2017-12-31": "", "2017-09-30": "", "2017-06-30": "", "2017-03-31": "", "2016-12-31": "", "2016-09-30": "", "2016-06-30": "", "2016-03-31": "", "2015-12-31": "", "2015-09-30": "", "2015-06-30": "", "2015-03-31": "", "2014-12-31": "", "2014-09-30": "", "2014-06-30": "", "2014-03-31": "", "2013-12-31": "", "2013-09-30": "", "2013-06-30": "", "2013-03-31": "", "2012-12-31": "", "2012-09-30": "", "2012-06-30": "", "2012-03-31": "", "2011-12-31": "", "2011-09-30": "", "2011-06-30": "", "2011-03-31": "", "2010-12-31": "", "2010-09-30": "", "2010-06-30": "", "2010-03-31": "", "2009-12-31": "", "2009-09-30": "", "2009-06-30": "", "2009-03-31": "", "2008-12-31": "", "2008-09-30": "", "2008-06-30": "", "2008-03-31": "", "2007-12-31": "", "2007-09-30": "", "2007-06-30": "", "2007-03-31": "", "2006-12-31": "", "2006-09-30": "", "2006-06-30": "", "2006-03-31": "", "2005-12-31": "", "2005-09-30": "", "2005-06-30": "", "2005-03-31": ""}, "EBIT": {"2020-12-31": "", "2020-09-30": "", "2020-06-30": "", "2020-03-31": "", "2019-12-31": "", "2019-09-30": "", "2019-06-30": "", "2019-03-31": "", "2018-12-31": "", "2018-09-30": "", "2018-06-30": "", "2018-03-31": "", "2017-12-31": "", "2017-09-30": "", "2017-06-30": "", "2017-03-31": "", "2016-12-31": "", "2016-09-30": "", "2016-06-30": "", "2016-03-31": "", "2015-12-31": "", "2015-09-30": "", "2015-06-30": "", "2015-03-31": "", "2014-12-31": "", "2014-09-30": "", "2014-06-30": "", "2014-03-31": "", "2013-12-31": "", "2013-09-30": "", "2013-06-30": "", "2013-03-31": "", "2012-12-31": "", "2012-09-30": "", "2012-06-30": "", "2012-03-31": "", "2011-12-31": "", "2011-09-30": "", "2011-06-30": "", "2011-03-31": "", "2010-12-31": "", "2010-09-30": "", "2010-06-30": "", "2010-03-31": "", "2009-12-31": "", "2009-09-30": "", "2009-06-30": "", "2009-03-31": "", "2008-12-31": "", "2008-09-30": "", "2008-06-30": "", "2008-03-31": "", "2007-12-31": "", "2007-09-30": "", "2007-06-30": "", "2007-03-31": "", "2006-12-31": "", "2006-09-30": "", "2006-06-30": "", "2006-03-31": "", "2005-12-31": "", "2005-09-30": "", "2005-06-30": "", "2005-03-31": ""}, "Basic Shares Outstanding": {"2020-12-31": "129.58390", "2020-09-30": "129.34600", "2020-06-30": "129.34600", "2020-03-31": "129.23500", "2019-12-31": "128.92600", "2019-09-30": "128.94600", "2019-06-30": "128.95400", "2019-03-31": "128.84800", "2018-12-31": "128.59500", "2018-09-30": "128.60800", "2018-06-30": "128.62300", "2018-03-31": "128.53500", "2017-12-31": "125.46500", "2017-09-30": "128.18200", "2017-06-30": "123.83500", "2017-03-31": "121.51200", "2016-12-31": "104.40900", "2016-09-30": "114.74500", "2016-06-30": "90.73000", "2016-03-31": "90.68700", "2015-12-31": "86.78500", "2015-09-30": "87.68300", "2015-06-30": "86.78600", "2015-03-31": "83.69900", "2014-12-31": "77.53800", "2014-09-30": "79.67800", "2014-06-30": "76.74300", "2014-03-31": "73.80200", "2013-12-31": "71.91000", "2013-09-30": "72.54400", "2013-06-30": "70.80600", "2013-03-31": "70.64400", "2012-12-31": "69.27400", "2012-09-30": "69.29400", "2012-06-30": "69.17600", "2012-03-31": "69.07400", "2011-12-31": "68.52000", "2011-09-30": "68.52800", "2011-06-30": "68.43600", "2011-03-31": "68.30000", "2010-12-31": "67.87600", "2010-09-30": "67.92400", "2010-06-30": "67.79200", "2010-03-31": "67.67600", "2009-12-31": "67.52000", "2009-09-30": "67.54800", "2009-06-30": "67.49200", "2009-03-31": "67.46800", "2008-12-31": "67.39600", "2008-09-30": "67.39200", "2008-06-30": "67.32000", "2008-03-31": "67.28400", "2007-12-31": "67.15600", "2007-09-30": "67.19600", "2007-06-30": "67.07600", "2007-03-31": "67.03200", "2006-12-31": "66.89200", "2006-09-30": "66.88800", "2006-06-30": "66.86400", "2006-03-31": "66.81200", "2005-12-31": "66.56000", "2005-09-30": "66.59200", "2005-06-30": "66.54800", "2005-03-31": "66.30000"}, "Shares Outstanding": {"2020-12-31": "129.52300", "2020-09-30": "129.47000", "2020-06-30": "129.39900", "2020-03-31": "129.30700", "2019-12-31": "129.00600", "2019-09-30": "129.01200", "2019-06-30": "129.07900", "2019-03-31": "128.96400", "2018-12-31": "128.74000", "2018-09-30": "128.74400", "2018-06-30": "128.80400", "2018-03-31": "128.76200", "2017-12-31": "125.80900", "2017-09-30": "128.47200", "2017-06-30": "124.19800", "2017-03-31": "121.95400", "2016-12-31": "104.70000", "2016-09-30": "115.00700", "2016-06-30": "91.28800", "2016-03-31": "91.25100", "2015-12-31": "87.34800", "2015-09-30": "88.45400", "2015-06-30": "87.51500", "2015-03-31": "84.40900", "2014-12-31": "78.06000", "2014-09-30": "80.44500", "2014-06-30": "77.46600", "2014-03-31": "74.49400", "2013-12-31": "72.40200", "2013-09-30": "73.29600", "2013-06-30": "71.48200", "2013-03-31": "71.26200", "2012-12-31": "69.77600", "2012-09-30": "69.92600", "2012-06-30": "69.77400", "2012-03-31": "69.65200", "2011-12-31": "68.96400", "2011-09-30": "69.02000", "2011-06-30": "68.92800", "2011-03-31": "68.73200", "2010-12-31": "68.18000", "2010-09-30": "68.26800", "2010-06-30": "68.21200", "2010-03-31": "67.87200", "2009-12-31": "67.60000", "2009-09-30": "67.62000", "2009-06-30": "67.57600", "2009-03-31": "67.54800", "2008-12-31": "67.49600", "2008-09-30": "67.48800", "2008-06-30": "67.46000", "2008-03-31": "67.44400", "2007-12-31": "67.33600", "2007-09-30": "67.39600", "2007-06-30": "67.33600", "2007-03-31": "67.31200", "2006-12-31": "67.21200", "2006-09-30": "67.23600", "2006-06-30": "67.23200", "2006-03-31": "67.24800", "2005-12-31": "67.06400", "2005-09-30": "67.12000", "2005-06-30": "67.08000", "2005-03-31": "66.95600"}, "Basic EPS": {"2020-12-31": "0.93000", "2020-09-30": "0.84000", "2020-06-30": "0.39000", "2020-03-31": "0.09000", "2019-12-31": "0.77000", "2019-09-30": "0.81000", "2019-06-30": "0.86000", "2019-03-31": "0.86000", "2018-12-31": "0.89000", "2018-09-30": "0.58000", "2018-06-30": "0.89000", "2018-03-31": "0.88000", "2017-12-31": "1.15000", "2017-09-30": "0.75000", "2017-06-30": "0.73000", "2017-03-31": "0.73000", "2016-12-31": "0.76000", "2016-09-30": "0.66000", "2016-06-30": "0.60000", "2016-03-31": "0.57000", "2015-12-31": "0.57000", "2015-09-30": "0.53000", "2015-06-30": "0.52000", "2015-03-31": "0.48000", "2014-12-31": "0.44000", "2014-09-30": "0.40000", "2014-06-30": "0.35000", "2014-03-31": "0.34000", "2013-12-31": "0.33500", "2013-09-30": "0.36000", "2013-06-30": "0.29000", "2013-03-31": "0.28500", "2012-12-31": "0.29500", "2012-09-30": "0.28000", "2012-06-30": "0.27500", "2012-03-31": "0.26000", "2011-12-31": "0.25500", "2011-09-30": "0.27500", "2011-06-30": "0.73500", "2011-03-31": "0.21500", "2010-12-31": "0.25000", "2010-09-30": "0.30000", "2010-06-30": "0.16000", "2010-03-31": "0.23500", "2009-12-31": "0.14250", "2009-09-30": "0.12500", "2009-06-30": "0.14000", "2009-03-31": "0.13750", "2008-12-31": "0.13750", "2008-09-30": "0.13250", "2008-06-30": "0.12750", "2008-03-31": "0.11500", "2007-12-31": "0.11500", "2007-09-30": "0.12500", "2007-06-30": "0.12000", "2007-03-31": "0.11250", "2006-12-31": "0.11250", "2006-09-30": "0.12000", "2006-06-30": "0.11750", "2006-03-31": "0.12500", "2005-12-31": "0.12750", "2005-09-30": "0.12000", "2005-06-30": "0.11500", "2005-03-31": "0.11000"}, "EPS - Earnings Per Share": {"2020-12-31": "0.93000", "2020-09-30": "0.84000", "2020-06-30": "0.39000", "2020-03-31": "0.09000", "2019-12-31": "0.77000", "2019-09-30": "0.81000", "2019-06-30": "0.86000", "2019-03-31": "0.86000", "2018-12-31": "0.89000", "2018-09-30": "0.58000", "2018-06-30": "0.89000", "2018-03-31": "0.88000", "2017-12-31": "1.14000", "2017-09-30": "0.75000", "2017-06-30": "0.73000", "2017-03-31": "0.73000", "2016-12-31": "0.75000", "2016-09-30": "0.66000", "2016-06-30": "0.60000", "2016-03-31": "0.57000", "2015-12-31": "0.59000", "2015-09-30": "0.52000", "2015-06-30": "0.51000", "2015-03-31": "0.47000", "2014-12-31": "0.44000", "2014-09-30": "0.40000", "2014-06-30": "0.34000", "2014-03-31": "0.34000", "2013-12-31": "0.33000", "2013-09-30": "0.36000", "2013-06-30": "0.29000", "2013-03-31": "0.28000", "2012-12-31": "0.29000", "2012-09-30": "0.27500", "2012-06-30": "0.27500", "2012-03-31": "0.26000", "2011-12-31": "0.25000", "2011-09-30": "0.27500", "2011-06-30": "0.73000", "2011-03-31": "0.21500", "2010-12-31": "0.25000", "2010-09-30": "0.29500", "2010-06-30": "0.16000", "2010-03-31": "0.23500", "2009-12-31": "0.14250", "2009-09-30": "0.12500", "2009-06-30": "0.14000", "2009-03-31": "0.13750", "2008-12-31": "0.13500", "2008-09-30": "0.13250", "2008-06-30": "0.12750", "2008-03-31": "0.11500", "2007-12-31": "0.11500", "2007-09-30": "0.12500", "2007-06-30": "0.12000", "2007-03-31": "0.11250", "2006-12-31": "0.11000", "2006-09-30": "0.12000", "2006-06-30": "0.11750", "2006-03-31": "0.12500", "2005-12-31": "0.12500", "2005-09-30": "0.12000", "2005-06-30": "0.11500", "2005-03-31": "0.11000"}}, "balance sheet": {"Cash On Hand": {"2020-12-31": "2393.66200", "2019-12-31": "1495.75700", "2018-12-31": "290.67200", "2017-12-31": "440.38800", "2016-12-31": "866.36000", "2015-12-31": "90.98800", "2014-12-31": "150.20300", "2013-12-31": "195.97500", "2012-12-31": "207.96700", "2011-12-31": "58.92700", "2010-12-31": "49.02900", "2009-12-31": "78.29400", "2008-12-31": "40.98200", "2007-12-31": "47.52100", "2006-12-31": "42.73400", "2005-12-31": "40.58600"}, "Receivables": {"2020-12-31": "", "2019-12-31": "", "2018-12-31": "", "2017-12-31": "", "2016-12-31": "", "2015-12-31": "", "2014-12-31": "", "2013-12-31": "", "2012-12-31": "", "2011-12-31": "", "2010-12-31": "", "2009-12-31": "", "2008-12-31": "", "2007-12-31": "", "2006-12-31": "", "2005-12-31": ""}, "Inventory": {"2020-12-31": "", "2019-12-31": "", "2018-12-31": "", "2017-12-31": "", "2016-12-31": "", "2015-12-31": "", "2014-12-31": "", "2013-12-31": "", "2012-12-31": "", "2011-12-31": "", "2010-12-31": "", "2009-12-31": "", "2008-12-31": "", "2007-12-31": "", "2006-12-31": "", "2005-12-31": ""}, "Pre-Paid Expenses": {"2020-12-31": "", "2019-12-31": "", "2018-12-31": "", "2017-12-31": "", "2016-12-31": "", "2015-12-31": "", "2014-12-31": "", "2013-12-31": "", "2012-12-31": "", "2011-12-31": "", "2010-12-31": "", "2009-12-31": "", "2008-12-31": "", "2007-12-31": "", "2006-12-31": "", "2005-12-31": ""}, "Other Current Assets": {"2020-12-31": "", "2019-12-31": "", "2018-12-31": "", "2017-12-31": "", "2016-12-31": "", "2015-12-31": "", "2014-12-31": "", "2013-12-31": "", "2012-12-31": "", "2011-12-31": "", "2010-12-31": "", "2009-12-31": "", "2008-12-31": "", "2007-12-31": "", "2006-12-31": "", "2005-12-31": ""}, "Total Current Assets": {"2020-12-31": "21395.08000", "2019-12-31": "18994.48000", "2018-12-31": "17388.20000", "2017-12-31": "16453.91000", "2016-12-31": "15404.85000", "2015-12-31": "8390.30500", "2014-12-31": "5245.29400", "2013-12-31": "3524.46800", "2012-12-31": "3088.23500", "2011-12-31": "3003.87500", "2010-12-31": "2037.26400", "2009-12-31": "1957.53900", "2008-12-31": "2051.54600", "2007-12-31": "1916.51900", "2006-12-31": "1719.80800", "2005-12-31": "1408.10400"}, "Property, Plant, And Equipment": {"2020-12-31": "738.84200", "2019-12-31": "711.54100", "2018-12-31": "567.18900", "2017-12-31": "519.81100", "2016-12-31": "504.08600", "2015-12-31": "296.23800", "2014-12-31": "273.59100", "2013-12-31": "245.47200", "2012-12-31": "225.75400", "2011-12-31": "186.53300", "2010-12-31": "170.49700", "2009-12-31": "156.20400", "2008-12-31": "152.58600", "2007-12-31": "130.04800", "2006-12-31": "116.67900", "2005-12-31": "88.78600"}, "Long-Term Investments": {"2020-12-31": "3443.83700", "2019-12-31": "2299.24400", "2018-12-31": "2888.28100", "2017-12-31": "2622.79600", "2016-12-31": "1471.61200", "2015-12-31": "602.34800", "2014-12-31": "839.32100", "2013-12-31": "669.38400", "2012-12-31": "494.26600", "2011-12-31": "438.91000", "2010-12-31": "398.69800", "2009-12-31": "506.67800", "2008-12-31": "944.78300", "2007-12-31": "578.34800", "2006-12-31": "620.13200", "2005-12-31": "574.12000"}, "Goodwill And Intangible Assets": {"2020-12-31": "675.45800", "2019-12-31": "684.54200", "2018-12-31": "696.46100", "2017-12-31": "709.04000", "2016-12-31": "720.95000", "2015-12-31": "152.34000", "2014-12-31": "105.57600", "2013-12-31": "19.15800", "2012-12-31": "11.82700", "2011-12-31": "12.20700", "2010-12-31": "7.92500", "2009-12-31": "5.55400", "2008-12-31": "5.66400", "2007-12-31": "5.87700", "2006-12-31": "6.14000", "2005-12-31": "6.40200"}, "Other Long-Term Assets": {"2020-12-31": "909.37600", "2019-12-31": "865.91800", "2018-12-31": "847.90000", "2017-12-31": "970.09500", "2016-12-31": "788.64110", "2015-12-31": "438.22900", "2014-12-31": "302.71700", "2013-12-31": "332.68800", "2012-12-31": "220.12500", "2011-12-31": "200.12600", "2010-12-31": "658.88700", "2009-12-31": "144.83600", "2008-12-31": "78.72400", "2007-12-31": "80.08300", "2006-12-31": "66.64100", "2005-12-31": "57.47000"}, "Total Long-Term Assets": {"2020-12-31": "5767.51300", "2019-12-31": "4561.24500", "2018-12-31": "4999.83100", "2017-12-31": "4821.74200", "2016-12-31": "3485.28900", "2015-12-31": "1489.15500", "2014-12-31": "1521.20500", "2013-12-31": "1266.70200", "2012-12-31": "951.97200", "2011-12-31": "837.77600", "2010-12-31": "1236.00700", "2009-12-31": "813.27200", "2008-12-31": "1181.75700", "2007-12-31": "794.35600", "2006-12-31": "809.59200", "2005-12-31": "726.77800"}, "Total Assets": {"2020-12-31": "27162.60000", "2019-12-31": "23555.73000", "2018-12-31": "22388.03000", "2017-12-31": "21275.65000", "2016-12-31": "18890.14000", "2015-12-31": "9879.45900", "2014-12-31": "6766.49900", "2013-12-31": "4791.17000", "2012-12-31": "4040.20700", "2011-12-31": "3841.65100", "2010-12-31": "3273.27100", "2009-12-31": "2770.81100", "2008-12-31": "3233.30300", "2007-12-31": "2710.87500", "2006-12-31": "2529.40000", "2005-12-31": "2134.88200"}, "Total Current Liabilities": {"2020-12-31": "21710.31000", "2019-12-31": "18707.29000", "2018-12-31": "18175.33000", "2017-12-31": "17447.84000", "2016-12-31": "15712.61000", "2015-12-31": "8089.43900", "2014-12-31": "5598.85200", "2013-12-31": "3786.89800", "2012-12-31": "3158.21900", "2011-12-31": "3022.23600", "2010-12-31": "2595.50800", "2009-12-31": "2090.83800", "2008-12-31": "2415.80300", "2007-12-31": "2115.13100", "2006-12-31": "2095.15600", "2005-12-31": "1636.28300"}, "Long Term Debt": {"2020-12-31": "1095.45000", "2019-12-31": "694.96600", "2018-12-31": "439.33100", "2017-12-31": "364.01900", "2016-12-31": "382.66100", "2015-12-31": "322.22500", "2014-12-31": "255.80500", "2013-12-31": "345.84500", "2012-12-31": "345.71300", "2011-12-31": "366.79700", "2010-12-31": "347.08900", "2009-12-31": "407.50300", "2008-12-31": "489.89700", "2007-12-31": "401.48300", "2006-12-31": "259.61100", "2005-12-31": "349.19600"}, "Other Non-Current Liabilities": {"2020-12-31": "81.48100", "2019-12-31": "", "2018-12-31": "", "2017-12-31": "", "2016-12-31": "", "2015-12-31": "", "2014-12-31": "", "2013-12-31": "", "2012-12-31": "", "2011-12-31": "", "2010-12-31": "", "2009-12-31": "", "2008-12-31": "", "2007-12-31": "", "2006-12-31": "", "2005-12-31": ""}, "Total Long Term Liabilities": {"2020-12-31": "1176.93100", "2019-12-31": "694.96600", "2018-12-31": "439.33100", "2017-12-31": "364.01900", "2016-12-31": "382.66100", "2015-12-31": "322.22500", "2014-12-31": "255.80500", "2013-12-31": "345.84500", "2012-12-31": "345.71300", "2011-12-31": "366.79700", "2010-12-31": "347.08900", "2009-12-31": "407.50300", "2008-12-31": "489.89700", "2007-12-31": "404.91500", "2006-12-31": "259.61100", "2005-12-31": "349.19600"}, "Total Liabilities": {"2020-12-31": "22887.24000", "2019-12-31": "19402.26000", "2018-12-31": "18614.66000", "2017-12-31": "17811.86000", "2016-12-31": "16095.27000", "2015-12-31": "8411.66500", "2014-12-31": "5854.65700", "2013-12-31": "4158.64000", "2012-12-31": "3529.10100", "2011-12-31": "3413.67800", "2010-12-31": "2949.50100", "2009-12-31": "2498.34100", "2008-12-31": "2905.70000", "2007-12-31": "2520.04600", "2006-12-31": "2354.76700", "2005-12-31": "1985.47900"}, "Common Stock Net": {"2020-12-31": "1.29400", "2019-12-31": "1.28900", "2018-12-31": "1.28600", "2017-12-31": "1.28300", "2016-12-31": "1.21300", "2015-12-31": "0.90600", "2014-12-31": "0.79900", "2013-12-31": "0.73700", "2012-12-31": "0.35300", "2011-12-31": "0.34500", "2010-12-31": "0.34100", "2009-12-31": "0.16900", "2008-12-31": "0.16900", "2007-12-31": "0.16800", "2006-12-31": "0.16700", "2005-12-31": "0.16700"}, "Retained Earnings (Accumulated Deficit)": {"2020-12-31": "1946.87500", "2019-12-31": "1869.98300", "2018-12-31": "1565.20100", "2017-12-31": "1250.31300", "2016-12-31": "914.43400", "2015-12-31": "706.62800", "2014-12-31": "571.45400", "2013-12-31": "488.97800", "2012-12-31": "423.48500", "2011-12-31": "363.73400", "2010-12-31": "275.07400", "2009-12-31": "221.24300", "2008-12-31": "193.19500", "2007-12-31": "167.13900", "2006-12-31": "142.60900", "2005-12-31": "117.60000"}, "Comprehensive Income": {"2020-12-31": "58.25200", "2019-12-31": "27.25500", "2018-12-31": "-34.10500", "2017-12-31": "-12.71200", "2016-12-31": "-25.92000", "2015-12-31": "7.95900", "2014-12-31": "14.13200", "2013-12-31": "-3.67200", "2012-12-31": "10.78300", "2011-12-31": "9.32700", "2010-12-31": "-0.16700", "2009-12-31": "6.03200", "2008-12-31": "15.62400", "2007-12-31": "-15.09100", "2006-12-31": "-4.92200", "2005-12-31": "-2.57400"}, "Other Share Holders Equity": {"2020-12-31": "", "2019-12-31": "", "2018-12-31": "", "2017-12-31": "", "2016-12-31": "", "2015-12-31": "", "2014-12-31": "", "2013-12-31": "", "2012-12-31": "", "2011-12-31": "", "2010-12-31": "", "2009-12-31": "", "2008-12-31": "", "2007-12-31": "", "2006-12-31": "", "2005-12-31": ""}, "Share Holder Equity": {"2020-12-31": "4275.35600", "2019-12-31": "4153.46800", "2018-12-31": "3773.36500", "2017-12-31": "3463.78800", "2016-12-31": "2794.87100", "2015-12-31": "1467.79400", "2014-12-31": "911.84200", "2013-12-31": "632.53000", "2012-12-31": "511.10600", "2011-12-31": "427.97300", "2010-12-31": "323.77000", "2009-12-31": "272.47000", "2008-12-31": "327.60300", "2007-12-31": "190.82900", "2006-12-31": "174.63300", "2005-12-31": "149.40300"}, "Total Liabilities And Share Holders Equity": {"2020-12-31": "27162.60000", "2019-12-31": "23555.73000", "2018-12-31": "22388.03000", "2017-12-31": "21275.65000", "2016-12-31": "18890.14000", "2015-12-31": "9879.45900", "2014-12-31": "6766.49900", "2013-12-31": "4791.17000", "2012-12-31": "4040.20700", "2011-12-31": "3841.65100", "2010-12-31": "3273.27100", "2009-12-31": "2770.81100", "2008-12-31": "3233.30300", "2007-12-31": "2710.87500", "2006-12-31": "2529.40000", "2005-12-31": "2134.88200"}}, "balance sheet, quarterly": {"Cash On Hand": {"2020-12-31": "2393.66200", "2020-09-30": "1934.09500", "2020-06-30": "1646.07000", "2020-03-31": "1347.72900", "2019-12-31": "1495.75700", "2019-09-30": "1029.94600", "2019-06-30": "738.56600", "2019-03-31": "607.69800", "2018-12-31": "290.67200", "2018-09-30": "387.76600", "2018-06-30": "585.35200", "2018-03-31": "632.87300", "2017-12-31": "440.38800", "2017-09-30": "1057.31200", "2017-06-30": "824.05300", "2017-03-31": "928.76500", "2016-12-31": "866.36000", "2016-09-30": "969.52200", "2016-06-30": "806.52600", "2016-03-31": "622.76100", "2015-12-31": "90.98800", "2015-09-30": "281.62400", "2015-06-30": "514.89000", "2015-03-31": "428.78200", "2014-12-31": "150.20300", "2014-09-30": "112.08400", "2014-06-30": "110.68800", "2014-03-31": "188.35100", "2013-12-31": "195.97500", "2013-09-30": "124.45800", "2013-06-30": "60.89200", "2013-03-31": "162.57500", "2012-12-31": "207.96700", "2012-09-30": "126.64200", "2012-06-30": "66.35700", "2012-03-31": "143.76200", "2011-12-31": "58.92700", "2011-09-30": "69.49700", "2011-06-30": "81.31400", "2011-03-31": "49.54300", "2010-12-31": "49.02900", "2010-09-30": "54.36200", "2010-06-30": "60.16300", "2010-03-31": "129.80000", "2009-12-31": "78.29400", "2009-09-30": "37.02700", "2009-06-30": "65.54900", "2009-03-31": "49.46300", "2008-12-31": "40.98200", "2008-09-30": "46.58300", "2008-06-30": "53.02800", "2008-03-31": "47.84900", "2007-12-31": "47.52100", "2007-09-30": "35.53400", "2007-06-30": "42.95700", "2007-03-31": "37.47000", "2006-12-31": "42.73400", "2006-09-30": "69.30400", "2006-06-30": "41.49500", "2006-03-31": "40.00500", "2005-12-31": "40.58600", "2005-09-30": "38.42000", "2005-06-30": "45.20400", "2005-03-31": "33.27500"}, "Receivables": {"2020-12-31": "", "2020-09-30": "", "2020-06-30": "", "2020-03-31": "", "2019-12-31": "", "2019-09-30": "", "2019-06-30": "", "2019-03-31": "", "2018-12-31": "", "2018-09-30": "", "2018-06-30": "", "2018-03-31": "", "2017-12-31": "", "2017-09-30": "", "2017-06-30": "", "2017-03-31": "", "2016-12-31": "", "2016-09-30": "", "2016-06-30": "", "2016-03-31": "", "2015-12-31": "", "2015-09-30": "", "2015-06-30": "", "2015-03-31": "", "2014-12-31": "", "2014-09-30": "", "2014-06-30": "", "2014-03-31": "", "2013-12-31": "", "2013-09-30": "", "2013-06-30": "", "2013-03-31": "", "2012-12-31": "", "2012-09-30": "", "2012-06-30": "", "2012-03-31": "", "2011-12-31": "", "2011-09-30": "", "2011-06-30": "", "2011-03-31": "", "2010-12-31": "", "2010-09-30": "", "2010-06-30": "", "2010-03-31": "", "2009-12-31": "", "2009-09-30": "", "2009-06-30": "", "2009-03-31": "", "2008-12-31": "", "2008-09-30": "", "2008-06-30": "", "2008-03-31": "", "2007-12-31": "", "2007-09-30": "", "2007-06-30": "", "2007-03-31": "", "2006-12-31": "", "2006-09-30": "", "2006-06-30": "", "2006-03-31": "", "2005-12-31": "", "2005-09-30": "", "2005-06-30": "", "2005-03-31": ""}, "Inventory": {"2020-12-31": "", "2020-09-30": "", "2020-06-30": "", "2020-03-31": "", "2019-12-31": "", "2019-09-30": "", "2019-06-30": "", "2019-03-31": "", "2018-12-31": "", "2018-09-30": "", "2018-06-30": "", "2018-03-31": "", "2017-12-31": "", "2017-09-30": "", "2017-06-30": "", "2017-03-31": "", "2016-12-31": "", "2016-09-30": "", "2016-06-30": "", "2016-03-31": "", "2015-12-31": "", "2015-09-30": "", "2015-06-30": "", "2015-03-31": "", "2014-12-31": "", "2014-09-30": "", "2014-06-30": "", "2014-03-31": "", "2013-12-31": "", "2013-09-30": "", "2013-06-30": "", "2013-03-31": "", "2012-12-31": "", "2012-09-30": "", "2012-06-30": "", "2012-03-31": "", "2011-12-31": "", "2011-09-30": "", "2011-06-30": "", "2011-03-31": "", "2010-12-31": "", "2010-09-30": "", "2010-06-30": "", "2010-03-31": "", "2009-12-31": "", "2009-09-30": "", "2009-06-30": "", "2009-03-31": "", "2008-12-31": "", "2008-09-30": "", "2008-06-30": "", "2008-03-31": "", "2007-12-31": "", "2007-09-30": "", "2007-06-30": "", "2007-03-31": "", "2006-12-31": "", "2006-09-30": "", "2006-06-30": "", "2006-03-31": "", "2005-12-31": "", "2005-09-30": "", "2005-06-30": "", "2005-03-31": ""}, "Pre-Paid Expenses": {"2020-12-31": "", "2020-09-30": "", "2020-06-30": "", "2020-03-31": "", "2019-12-31": "", "2019-09-30": "", "2019-06-30": "", "2019-03-31": "", "2018-12-31": "", "2018-09-30": "", "2018-06-30": "", "2018-03-31": "", "2017-12-31": "", "2017-09-30": "", "2017-06-30": "", "2017-03-31": "", "2016-12-31": "", "2016-09-30": "", "2016-06-30": "", "2016-03-31": "", "2015-12-31": "", "2015-09-30": "", "2015-06-30": "", "2015-03-31": "", "2014-12-31": "", "2014-09-30": "", "2014-06-30": "", "2014-03-31": "", "2013-12-31": "", "2013-09-30": "", "2013-06-30": "", "2013-03-31": "", "2012-12-31": "", "2012-09-30": "", "2012-06-30": "", "2012-03-31": "", "2011-12-31": "", "2011-09-30": "", "2011-06-30": "", "2011-03-31": "", "2010-12-31": "", "2010-09-30": "", "2010-06-30": "", "2010-03-31": "", "2009-12-31": "", "2009-09-30": "", "2009-06-30": "", "2009-03-31": "", "2008-12-31": "", "2008-09-30": "", "2008-06-30": "", "2008-03-31": "", "2007-12-31": "", "2007-09-30": "", "2007-06-30": "", "2007-03-31": "", "2006-12-31": "", "2006-09-30": "", "2006-06-30": "", "2006-03-31": "", "2005-12-31": "", "2005-09-30": "", "2005-06-30": "", "2005-03-31": ""}, "Other Current Assets": {"2020-12-31": "", "2020-09-30": "", "2020-06-30": "", "2020-03-31": "", "2019-12-31": "", "2019-09-30": "", "2019-06-30": "", "2019-03-31": "", "2018-12-31": "", "2018-09-30": "", "2018-06-30": "", "2018-03-31": "", "2017-12-31": "", "2017-09-30": "", "2017-06-30": "", "2017-03-31": "", "2016-12-31": "", "2016-09-30": "", "2016-06-30": "", "2016-03-31": "", "2015-12-31": "", "2015-09-30": "", "2015-06-30": "", "2015-03-31": "", "2014-12-31": "", "2014-09-30": "", "2014-06-30": "", "2014-03-31": "", "2013-12-31": "", "2013-09-30": "", "2013-06-30": "", "2013-03-31": "", "2012-12-31": "", "2012-09-30": "", "2012-06-30": "", "2012-03-31": "", "2011-12-31": "", "2011-09-30": "", "2011-06-30": "", "2011-03-31": "", "2010-12-31": "", "2010-09-30": "", "2010-06-30": "", "2010-03-31": "", "2009-12-31": "", "2009-09-30": "", "2009-06-30": "", "2009-03-31": "", "2008-12-31": "", "2008-09-30": "", "2008-06-30": "", "2008-03-31": "", "2007-12-31": "", "2007-09-30": "", "2007-06-30": "", "2007-03-31": "", "2006-12-31": "", "2006-09-30": "", "2006-06-30": "", "2006-03-31": "", "2005-12-31": "", "2005-09-30": "", "2005-06-30": "", "2005-03-31": ""}, "Total Current Assets": {"2020-12-31": "21395.08000", "2020-09-30": "21069.55000", "2020-06-30": "20733.68000", "2020-03-31": "19420.02000", "2019-12-31": "18994.48000", "2019-09-30": "18732.01000", "2019-06-30": "18198.13000", "2019-03-31": "18062.68000", "2018-12-31": "17388.20000", "2018-09-30": "17091.45000", "2018-06-30": "17316.42000", "2018-03-31": "17213.00000", "2017-12-31": "16453.91000", "2017-09-30": "16798.11000", "2017-06-30": "15965.25000", "2017-03-31": "15684.99000", "2016-12-31": "15404.85000", "2016-09-30": "15092.38000", "2016-06-30": "10506.65000", "2016-03-31": "9864.01800", "2015-12-31": "8390.30500", "2015-09-30": "7657.48200", "2015-06-30": "7078.45800", "2015-03-31": "6753.08300", "2014-12-31": "5245.29400", "2014-09-30": "5002.37600", "2014-06-30": "4660.52700", "2014-03-31": "3789.74900", "2013-12-31": "3524.46800", "2013-09-30": "3518.63300", "2013-06-30": "3103.19400", "2013-03-31": "3009.74700", "2012-12-31": "3088.23500", "2012-09-30": "2960.19200", "2012-06-30": "2941.41400", "2012-03-31": "3005.48500", "2011-12-31": "3003.87500", "2011-09-30": "2229.57200", "2011-06-30": "2215.00800", "2011-03-31": "2031.51100", "2010-12-31": "2037.26400", "2010-09-30": "2041.80500", "2010-06-30": "1979.55500", "2010-03-31": "2029.58100", "2009-12-31": "1957.53900", "2009-09-30": "1944.61900", "2009-06-30": "2035.61200", "2009-03-31": "2021.08900", "2008-12-31": "2051.54600", "2008-09-30": "2092.48300", "2008-06-30": "2058.10400", "2008-03-31": "2025.09200", "2007-12-31": "1916.51900", "2007-09-30": "1850.64300", "2007-06-30": "1797.96000", "2007-03-31": "1760.12100", "2006-12-31": "1719.80800", "2006-09-30": "1664.04700", "2006-06-30": "1594.10900", "2006-03-31": "1460.45900", "2005-12-31": "1408.10400", "2005-09-30": "1363.48400", "2005-06-30": "1260.79700", "2005-03-31": "1202.17800"}, "Property, Plant, And Equipment": {"2020-12-31": "738.84200", "2020-09-30": "739.06600", "2020-06-30": "732.67400", "2020-03-31": "723.37100", "2019-12-31": "711.54100", "2019-09-30": "687.51100", "2019-06-30": "662.08200", "2019-03-31": "647.03200", "2018-12-31": "567.18900", "2018-09-30": "538.52300", "2018-06-30": "540.99800", "2018-03-31": "532.26300", "2017-12-31": "519.81100", "2017-09-30": "517.56100", "2017-06-30": "516.53600", "2017-03-31": "506.52000", "2016-12-31": "504.08600", "2016-09-30": "503.18800", "2016-06-30": "305.47500", "2016-03-31": "299.85000", "2015-12-31": "296.23800", "2015-09-30": "296.43300", "2015-06-30": "285.08700", "2015-03-31": "282.07300", "2014-12-31": "273.59100", "2014-09-30": "267.88800", "2014-06-30": "265.06100", "2014-03-31": "254.97300", "2013-12-31": "245.47200", "2013-09-30": "245.05500", "2013-06-30": "225.83800", "2013-03-31": "227.45800", "2012-12-31": "225.75400", "2012-09-30": "221.61800", "2012-06-30": "219.86700", "2012-03-31": "202.26600", "2011-12-31": "186.53300", "2011-09-30": "183.64400", "2011-06-30": "181.01000", "2011-03-31": "178.03300", "2010-12-31": "170.49700", "2010-09-30": "164.83400", "2010-06-30": "162.99200", "2010-03-31": "156.82000", "2009-12-31": "156.20400", "2009-09-30": "156.74600", "2009-06-30": "155.40900", "2009-03-31": "155.69400", "2008-12-31": "152.58600", "2008-09-30": "147.03000", "2008-06-30": "140.29000", "2008-03-31": "136.62900", "2007-12-31": "130.04800", "2007-09-30": "127.57900", "2007-06-30": "125.60800", "2007-03-31": "122.21900", "2006-12-31": "116.67900", "2006-09-30": "106.13300", "2006-06-30": "97.96200", "2006-03-31": "93.18800", "2005-12-31": "88.78600", "2005-09-30": "79.67200", "2005-06-30": "75.70600", "2005-03-31": "71.50700"}, "Long-Term Investments": {"2020-12-31": "3443.83700", "2020-09-30": "3506.63100", "2020-06-30": "3350.68600", "2020-03-31": "2867.17000", "2019-12-31": "2299.24400", "2019-09-30": "2428.37800", "2019-06-30": "2560.09600", "2019-03-31": "2781.69100", "2018-12-31": "2888.28100", "2018-09-30": "2706.15600", "2018-06-30": "2617.85900", "2018-03-31": "2612.96100", "2017-12-31": "2622.79600", "2017-09-30": "1975.10200", "2017-06-30": "2101.75100", "2017-03-31": "1470.56800", "2016-12-31": "1471.61200", "2016-09-30": "1341.89400", "2016-06-30": "824.39900", "2016-03-31": "627.94600", "2015-12-31": "602.34800", "2015-09-30": "796.37300", "2015-06-30": "782.27700", "2015-03-31": "784.27500", "2014-12-31": "839.32100", "2014-09-30": "859.87600", "2014-06-30": "892.12900", "2014-03-31": "687.66100", "2013-12-31": "669.38400", "2013-09-30": "671.39300", "2013-06-30": "490.74800", "2013-03-31": "487.64800", "2012-12-31": "494.26600", "2012-09-30": "429.93500", "2012-06-30": "414.89800", "2012-03-31": "434.19700", "2011-12-31": "438.91000", "2011-09-30": "439.59600", "2011-06-30": "499.24400", "2011-03-31": "390.14100", "2010-12-31": "398.69800", "2010-09-30": "412.44300", "2010-06-30": "453.46300", "2010-03-31": "540.03100", "2009-12-31": "506.67800", "2009-09-30": "645.68200", "2009-06-30": "671.51300", "2009-03-31": "889.51500", "2008-12-31": "944.78300", "2008-09-30": "721.28500", "2008-06-30": "768.18000", "2008-03-31": "812.86900", "2007-12-31": "578.34800", "2007-09-30": "591.48000", "2007-06-30": "575.43300", "2007-03-31": "590.60500", "2006-12-31": "620.13200", "2006-09-30": "675.81500", "2006-06-30": "655.63100", "2006-03-31": "614.93300", "2005-12-31": "574.12000", "2005-09-30": "514.29900", "2005-06-30": "506.05800", "2005-03-31": "459.81300"}, "Goodwill And Intangible Assets": {"2020-12-31": "675.45800", "2020-09-30": "677.25100", "2020-06-30": "679.16600", "2020-03-31": "681.74700", "2019-12-31": "684.54200", "2019-09-30": "687.39700", "2019-06-30": "690.30400", "2019-03-31": "693.31600", "2018-12-31": "696.46100", "2018-09-30": "699.60600", "2018-06-30": "702.75100", "2018-03-31": "705.89600", "2017-12-31": "709.04000", "2017-09-30": "712.18500", "2017-06-30": "715.33000", "2017-03-31": "718.47500", "2016-12-31": "720.95000", "2016-09-30": "722.15300", "2016-06-30": "149.90400", "2016-03-31": "150.86500", "2015-12-31": "152.34000", "2015-09-30": "156.75600", "2015-06-30": "151.15000", "2015-03-31": "155.51000", "2014-12-31": "105.57600", "2014-09-30": "107.10800", "2014-06-30": "108.64000", "2014-03-31": "20.99300", "2013-12-31": "19.15800", "2013-09-30": "20.03900", "2013-06-30": "10.69000", "2013-03-31": "11.25800", "2012-12-31": "11.82700", "2012-09-30": "10.68000", "2012-06-30": "11.18900", "2012-03-31": "11.69800", "2011-12-31": "12.20700", "2011-09-30": "12.71600", "2011-06-30": "13.22000", "2011-03-31": "8.09800", "2010-12-31": "7.92500", "2010-09-30": "7.53600", "2010-06-30": "7.07200", "2010-03-31": "7.18300", "2009-12-31": "5.55400", "2009-09-30": "5.58100", "2009-06-30": "5.60900", "2009-03-31": "5.63600", "2008-12-31": "5.66400", "2008-09-30": "5.69200", "2008-06-30": "5.74600", "2008-03-31": "5.81200", "2007-12-31": "5.87700", "2007-09-30": "5.94300", "2007-06-30": "6.00800", "2007-03-31": "6.07400", "2006-12-31": "6.14000", "2006-09-30": "6.20500", "2006-06-30": "6.27100", "2006-03-31": "6.33600", "2005-12-31": "6.40200", "2005-09-30": "6.46700", "2005-06-30": "6.53300", "2005-03-31": "6.59800"}, "Other Long-Term Assets": {"2020-12-31": "909.37600", "2020-09-30": "895.81100", "2020-06-30": "884.20200", "2020-03-31": "873.49900", "2019-12-31": "865.91800", "2019-09-30": "867.37900", "2019-06-30": "850.11690", "2019-03-31": "820.92800", "2018-12-31": "847.90000", "2018-09-30": "1050.80600", "2018-06-30": "1042.35600", "2018-03-31": "975.32100", "2017-12-31": "970.09500", "2017-09-30": "765.54000", "2017-06-30": "765.71700", "2017-03-31": "771.65500", "2016-12-31": "788.64110", "2016-09-30": "792.16700", "2016-06-30": "493.14800", "2016-03-31": "484.74000", "2015-12-31": "438.22900", "2015-09-30": "422.17200", "2015-06-30": "413.46400", "2015-03-31": "328.46600", "2014-12-31": "302.71700", "2014-09-30": "343.11200", "2014-06-30": "371.61800", "2014-03-31": "279.61900", "2013-12-31": "332.68800", "2013-09-30": "255.44700", "2013-06-30": "213.16200", "2013-03-31": "215.70700", "2012-12-31": "220.12500", "2012-09-30": "200.59200", "2012-06-30": "177.49200", "2012-03-31": "183.73600", "2011-12-31": "200.12600", "2011-09-30": "1066.61700", "2011-06-30": "1119.85700", "2011-03-31": "718.84000", "2010-12-31": "658.88700", "2010-09-30": "549.19200", "2010-06-30": "275.19000", "2010-03-31": "284.59600", "2009-12-31": "144.83600", "2009-09-30": "137.05800", "2009-06-30": "93.55300", "2009-03-31": "87.88500", "2008-12-31": "78.72400", "2008-09-30": "104.05600", "2008-06-30": "89.79700", "2008-03-31": "71.56900", "2007-12-31": "80.08300", "2007-09-30": "75.66000", "2007-06-30": "75.53600", "2007-03-31": "65.18600", "2006-12-31": "66.64100", "2006-09-30": "63.56100", "2006-06-30": "66.62400", "2006-03-31": "63.16800", "2005-12-31": "57.47000", "2005-09-30": "55.78900", "2005-06-30": "53.50900", "2005-03-31": "57.22400"}, "Total Long-Term Assets": {"2020-12-31": "5767.51300", "2020-09-30": "5818.75900", "2020-06-30": "5646.72900", "2020-03-31": "5145.78700", "2019-12-31": "4561.24500", "2019-09-30": "4670.66500", "2019-06-30": "4762.59900", "2019-03-31": "4942.96700", "2018-12-31": "4999.83100", "2018-09-30": "4995.09100", "2018-06-30": "4903.96400", "2018-03-31": "4826.44100", "2017-12-31": "4821.74200", "2017-09-30": "3970.38800", "2017-06-30": "4099.33400", "2017-03-31": "3467.21800", "2016-12-31": "3485.28900", "2016-09-30": "3359.40200", "2016-06-30": "1772.92600", "2016-03-31": "1563.40100", "2015-12-31": "1489.15500", "2015-09-30": "1671.73400", "2015-06-30": "1631.97800", "2015-03-31": "1550.32400", "2014-12-31": "1521.20500", "2014-09-30": "1577.98400", "2014-06-30": "1637.44800", "2014-03-31": "1243.24600", "2013-12-31": "1266.70200", "2013-09-30": "1191.93400", "2013-06-30": "940.43800", "2013-03-31": "942.07100", "2012-12-31": "951.97200", "2012-09-30": "862.82500", "2012-06-30": "823.44600", "2012-03-31": "831.89700", "2011-12-31": "837.77600", "2011-09-30": "1702.57300", "2011-06-30": "1813.33100", "2011-03-31": "1295.11200", "2010-12-31": "1236.00700", "2010-09-30": "1134.00500", "2010-06-30": "898.71700", "2010-03-31": "988.63000", "2009-12-31": "813.27200", "2009-09-30": "945.06700", "2009-06-30": "926.08400", "2009-03-31": "1138.73000", "2008-12-31": "1181.75700", "2008-09-30": "978.06300", "2008-06-30": "1004.01300", "2008-03-31": "1026.87900", "2007-12-31": "794.35600", "2007-09-30": "800.66200", "2007-06-30": "782.58500", "2007-03-31": "784.08390", "2006-12-31": "809.59200", "2006-09-30": "851.71400", "2006-06-30": "826.48800", "2006-03-31": "777.62500", "2005-12-31": "726.77800", "2005-09-30": "656.22700", "2005-06-30": "641.80600", "2005-03-31": "595.14200"}, "Total Assets": {"2020-12-31": "27162.60000", "2020-09-30": "26888.31000", "2020-06-30": "26380.41000", "2020-03-31": "24565.81000", "2019-12-31": "23555.73000", "2019-09-30": "23402.68000", "2019-06-30": "22960.73000", "2019-03-31": "23005.65000", "2018-12-31": "22388.03000", "2018-09-30": "22086.54000", "2018-06-30": "22220.38000", "2018-03-31": "22039.44000", "2017-12-31": "21275.65000", "2017-09-30": "20768.49000", "2017-06-30": "20064.59000", "2017-03-31": "19152.21000", "2016-12-31": "18890.14000", "2016-09-30": "18451.78000", "2016-06-30": "12279.58000", "2016-03-31": "11427.42000", "2015-12-31": "9879.45900", "2015-09-30": "9329.21600", "2015-06-30": "8710.43500", "2015-03-31": "8303.40700", "2014-12-31": "6766.49900", "2014-09-30": "6580.36000", "2014-06-30": "6297.97500", "2014-03-31": "5032.99500", "2013-12-31": "4791.17000", "2013-09-30": "4710.56700", "2013-06-30": "4043.63200", "2013-03-31": "3951.81800", "2012-12-31": "4040.20700", "2012-09-30": "3823.01700", "2012-06-30": "3764.86000", "2012-03-31": "3837.38200", "2011-12-31": "3841.65100", "2011-09-30": "3932.14500", "2011-06-30": "4028.33900", "2011-03-31": "3326.62300", "2010-12-31": "3273.27100", "2010-09-30": "3175.81000", "2010-06-30": "2878.27200", "2010-03-31": "3018.21100", "2009-12-31": "2770.81100", "2009-09-30": "2889.68600", "2009-06-30": "2961.69600", "2009-03-31": "3159.81900", "2008-12-31": "3233.30300", "2008-09-30": "3070.54600", "2008-06-30": "3062.11700", "2008-03-31": "3051.97100", "2007-12-31": "2710.87500", "2007-09-30": "2651.30500", "2007-06-30": "2580.54500", "2007-03-31": "2544.20500", "2006-12-31": "2529.40000", "2006-09-30": "2515.76100", "2006-06-30": "2420.59700", "2006-03-31": "2238.08400", "2005-12-31": "2134.88200", "2005-09-30": "2019.71100", "2005-06-30": "1902.60300", "2005-03-31": "1797.32000"}, "Total Current Liabilities": {"2020-12-31": "21710.31000", "2020-09-30": "21535.28000", "2020-06-30": "20950.60000", "2020-03-31": "19006.71000", "2019-12-31": "18707.29000", "2019-09-30": "18676.47000", "2019-06-30": "18419.79000", "2019-03-31": "18775.53000", "2018-12-31": "18175.33000", "2018-09-30": "18085.77000", "2018-06-30": "18259.51000", "2018-03-31": "18165.91000", "2017-12-31": "17447.84000", "2017-09-30": "17046.82000", "2017-06-30": "16417.72000", "2017-03-31": "15892.33000", "2016-12-31": "15712.61000", "2016-09-30": "15309.73000", "2016-06-30": "10337.13000", "2016-03-31": "9756.41300", "2015-12-31": "8089.43900", "2015-09-30": "7732.13700", "2015-06-30": "7218.34300", "2015-03-31": "6842.09300", "2014-12-31": "5598.85200", "2014-09-30": "5257.09900", "2014-06-30": "5071.95900", "2014-03-31": "4000.18600", "2013-12-31": "3786.89800", "2013-09-30": "3723.19100", "2013-06-30": "3026.82600", "2013-03-31": "3053.59600", "2012-12-31": "3158.21900", "2012-09-30": "2971.07800", "2012-06-30": "2872.41100", "2012-03-31": "3020.78100", "2011-12-31": "3022.23600", "2011-09-30": "3143.14300", "2011-06-30": "3257.46600", "2011-03-31": "2632.65900", "2010-12-31": "2595.50800", "2010-09-30": "2490.81800", "2010-06-30": "2235.62300", "2010-03-31": "2323.82300", "2009-12-31": "2090.83800", "2009-09-30": "2113.64400", "2009-06-30": "2217.15500", "2009-03-31": "2367.86600", "2008-12-31": "2415.80300", "2008-09-30": "2359.86200", "2008-06-30": "2369.20900", "2008-03-31": "2278.00700", "2007-12-31": "2115.13100", "2007-09-30": "2083.78900", "2007-06-30": "2216.70700", "2007-03-31": "2232.68200", "2006-12-31": "2095.15600", "2006-09-30": "2065.18700", "2006-06-30": "1884.62900", "2006-03-31": "1797.56100", "2005-12-31": "1636.28300", "2005-09-30": "1524.73100", "2005-06-30": "1499.49500", "2005-03-31": "1429.57200"}, "Long Term Debt": {"2020-12-31": "1095.45000", "2020-09-30": "1095.23400", "2020-06-30": "1247.74400", "2020-03-31": "1395.16700", "2019-12-31": "694.96600", "2019-09-30": "644.76300", "2019-06-30": "544.56100", "2019-03-31": "344.36000", "2018-12-31": "439.33100", "2018-09-30": "344.13100", "2018-06-30": "343.93100", "2018-03-31": "343.87300", "2017-12-31": "364.01900", "2017-09-30": "383.86600", "2017-06-30": "383.71100", "2017-03-31": "383.28200", "2016-12-31": "382.66100", "2016-09-30": "382.50000", "2016-06-30": "382.33900", "2016-03-31": "159.75600", "2015-12-31": "322.22500", "2015-09-30": "279.40500", "2015-06-30": "279.33400", "2015-03-31": "278.58200", "2014-12-31": "255.80500", "2014-09-30": "417.56600", "2014-06-30": "345.82500", "2014-03-31": "345.83500", "2013-12-31": "345.84500", "2013-09-30": "345.85500", "2013-06-30": "456.64000", "2013-03-31": "345.70600", "2012-12-31": "345.71300", "2012-09-30": "345.72100", "2012-06-30": "404.65300", "2012-03-31": "345.73600", "2011-12-31": "366.79700", "2011-09-30": "354.30300", "2011-06-30": "357.63200", "2011-03-31": "347.63900", "2010-12-31": "347.08900", "2010-09-30": "359.45200", "2010-06-30": "346.73800", "2010-03-31": "407.41900", "2009-12-31": "407.50300", "2009-09-30": "426.62900", "2009-06-30": "408.21200", "2009-03-31": "446.92800", "2008-12-31": "489.89700", "2008-09-30": "491.47400", "2008-06-30": "478.60400", "2008-03-31": "557.53800", "2007-12-31": "401.48300", "2007-09-30": "375.32900", "2007-06-30": "185.75700", "2007-03-31": "129.20800", "2006-12-31": "259.61100", "2006-09-30": "283.94500", "2006-06-30": "386.35800", "2006-03-31": "287.52300", "2005-12-31": "349.19600", "2005-09-30": "351.89800", "2005-06-30": "263.36200", "2005-03-31": "241.09300"}, "Other Non-Current Liabilities": {"2020-12-31": "81.48100", "2020-09-30": "68.42600", "2020-06-30": "68.29800", "2020-03-31": "77.67200", "2019-12-31": "", "2019-09-30": "", "2019-06-30": "", "2019-03-31": "", "2018-12-31": "", "2018-09-30": "", "2018-06-30": "", "2018-03-31": "", "2017-12-31": "", "2017-09-30": "", "2017-06-30": "", "2017-03-31": "", "2016-12-31": "", "2016-09-30": "", "2016-06-30": "", "2016-03-31": "", "2015-12-31": "", "2015-09-30": "", "2015-06-30": "", "2015-03-31": "", "2014-12-31": "", "2014-09-30": "", "2014-06-30": "", "2014-03-31": "", "2013-12-31": "", "2013-09-30": "", "2013-06-30": "", "2013-03-31": "", "2012-12-31": "", "2012-09-30": "", "2012-06-30": "", "2012-03-31": "", "2011-12-31": "", "2011-09-30": "", "2011-06-30": "", "2011-03-31": "", "2010-12-31": "", "2010-09-30": "", "2010-06-30": "", "2010-03-31": "", "2009-12-31": "", "2009-09-30": "", "2009-06-30": "", "2009-03-31": "", "2008-12-31": "", "2008-09-30": "", "2008-06-30": "", "2008-03-31": "", "2007-12-31": "", "2007-09-30": "", "2007-06-30": "", "2007-03-31": "", "2006-12-31": "", "2006-09-30": "", "2006-06-30": "", "2006-03-31": "", "2005-12-31": "", "2005-09-30": "", "2005-06-30": "", "2005-03-31": ""}, "Total Long Term Liabilities": {"2020-12-31": "1176.93100", "2020-09-30": "1163.66000", "2020-06-30": "1316.04200", "2020-03-31": "1472.83900", "2019-12-31": "694.96600", "2019-09-30": "644.76300", "2019-06-30": "544.56100", "2019-03-31": "344.36000", "2018-12-31": "439.33100", "2018-09-30": "344.13100", "2018-06-30": "343.93100", "2018-03-31": "343.87300", "2017-12-31": "364.01900", "2017-09-30": "383.86600", "2017-06-30": "383.71100", "2017-03-31": "383.28200", "2016-12-31": "382.66100", "2016-09-30": "382.50000", "2016-06-30": "382.33900", "2016-03-31": "159.75600", "2015-12-31": "322.22500", "2015-09-30": "279.40500", "2015-06-30": "279.33400", "2015-03-31": "278.58200", "2014-12-31": "255.80500", "2014-09-30": "417.56600", "2014-06-30": "345.82500", "2014-03-31": "345.83500", "2013-12-31": "345.84500", "2013-09-30": "345.85500", "2013-06-30": "456.64000", "2013-03-31": "345.70600", "2012-12-31": "345.71300", "2012-09-30": "345.72100", "2012-06-30": "404.65300", "2012-03-31": "345.73600", "2011-12-31": "366.79700", "2011-09-30": "354.30300", "2011-06-30": "357.63200", "2011-03-31": "347.63900", "2010-12-31": "347.08900", "2010-09-30": "359.45200", "2010-06-30": "346.73800", "2010-03-31": "407.41900", "2009-12-31": "407.50300", "2009-09-30": "426.62900", "2009-06-30": "408.21200", "2009-03-31": "446.92800", "2008-12-31": "489.89700", "2008-09-30": "491.47400", "2008-06-30": "478.60400", "2008-03-31": "557.53800", "2007-12-31": "404.91500", "2007-09-30": "378.76200", "2007-06-30": "185.75700", "2007-03-31": "129.20800", "2006-12-31": "259.61100", "2006-09-30": "283.94500", "2006-06-30": "386.35800", "2006-03-31": "287.52300", "2005-12-31": "349.19600", "2005-09-30": "351.89800", "2005-06-30": "263.36200", "2005-03-31": "241.09300"}, "Total Liabilities": {"2020-12-31": "22887.24000", "2020-09-30": "22698.94000", "2020-06-30": "22266.64000", "2020-03-31": "20479.55000", "2019-12-31": "19402.26000", "2019-09-30": "19321.23000", "2019-06-30": "18964.35000", "2019-03-31": "19119.89000", "2018-12-31": "18614.66000", "2018-09-30": "18429.90000", "2018-06-30": "18603.44000", "2018-03-31": "18509.79000", "2017-12-31": "17811.86000", "2017-09-30": "17430.68000", "2017-06-30": "16801.44000", "2017-03-31": "16275.61000", "2016-12-31": "16095.27000", "2016-09-30": "15692.23000", "2016-06-30": "10719.47000", "2016-03-31": "9916.16900", "2015-12-31": "8411.66500", "2015-09-30": "8011.54200", "2015-06-30": "7497.67700", "2015-03-31": "7120.67500", "2014-12-31": "5854.65700", "2014-09-30": "5701.34100", "2014-06-30": "5444.31700", "2014-03-31": "4372.22300", "2013-12-31": "4158.64000", "2013-09-30": "4094.75100", "2013-06-30": "3509.06200", "2013-03-31": "3424.68600", "2012-12-31": "3529.10100", "2012-09-30": "3341.73300", "2012-06-30": "3301.85200", "2012-03-31": "3391.31300", "2011-12-31": "3413.67800", "2011-09-30": "3521.79400", "2011-06-30": "3639.23300", "2011-03-31": "2988.35700", "2010-12-31": "2949.50100", "2010-09-30": "2856.30600", "2010-06-30": "2582.36100", "2010-03-31": "2731.24200", "2009-12-31": "2498.34100", "2009-09-30": "2540.27300", "2009-06-30": "2625.36700", "2009-03-31": "2814.79400", "2008-12-31": "2905.70000", "2008-09-30": "2851.33600", "2008-06-30": "2847.81300", "2008-03-31": "2835.54500", "2007-12-31": "2520.04600", "2007-09-30": "2462.55100", "2007-06-30": "2402.46400", "2007-03-31": "2361.89000", "2006-12-31": "2354.76700", "2006-09-30": "2349.13200", "2006-06-30": "2270.98700", "2006-03-31": "2085.08400", "2005-12-31": "1985.47900", "2005-09-30": "1876.62900", "2005-06-30": "1762.85700", "2005-03-31": "1670.66500"}, "Common Stock Net": {"2020-12-31": "1.29400", "2020-09-30": "1.29300", "2020-06-30": "1.29300", "2020-03-31": "1.29300", "2019-12-31": "1.28900", "2019-09-30": "1.28900", "2019-06-30": "1.28900", "2019-03-31": "1.28900", "2018-12-31": "1.28600", "2018-09-30": "1.28600", "2018-06-30": "1.28600", "2018-03-31": "1.28600", "2017-12-31": "1.28300", "2017-09-30": "1.28200", "2017-06-30": "1.28200", "2017-03-31": "1.21600", "2016-12-31": "1.21300", "2016-09-30": "1.21100", "2016-06-30": "0.90700", "2016-03-31": "0.90700", "2015-12-31": "0.90600", "2015-09-30": "0.88300", "2015-06-30": "0.86800", "2015-03-31": "0.86700", "2014-12-31": "0.79900", "2014-09-30": "0.79700", "2014-06-30": "0.79700", "2014-03-31": "0.73900", "2013-12-31": "0.73700", "2013-09-30": "0.73500", "2013-06-30": "0.70900", "2013-03-31": "0.35400", "2012-12-31": "0.35300", "2012-09-30": "0.34700", "2012-06-30": "0.34600", "2012-03-31": "0.34600", "2011-12-31": "0.34500", "2011-09-30": "0.34300", "2011-06-30": "0.34200", "2011-03-31": "0.34200", "2010-12-31": "0.34100", "2010-09-30": "0.34000", "2010-06-30": "0.17000", "2010-03-31": "0.16900", "2009-12-31": "0.16900", "2009-09-30": "0.16900", "2009-06-30": "0.16900", "2009-03-31": "0.16900", "2008-12-31": "0.16900", "2008-09-30": "0.16800", "2008-06-30": "0.16800", "2008-03-31": "0.16800", "2007-12-31": "0.16800", "2007-09-30": "0.16800", "2007-06-30": "0.16800", "2007-03-31": "0.16800", "2006-12-31": "0.16700", "2006-09-30": "0.16700", "2006-06-30": "0.16700", "2006-03-31": "0.16700", "2005-12-31": "0.16700", "2005-09-30": "0.16700", "2005-06-30": "0.16600", "2005-03-31": "0.16600"}, "Retained Earnings (Accumulated Deficit)": {"2020-12-31": "1946.87500", "2020-09-30": "1862.01200", "2020-06-30": "1788.32900", "2020-03-31": "1772.97800", "2019-12-31": "1869.98300", "2019-09-30": "1801.41400", "2019-06-30": "1728.48600", "2019-03-31": "1647.62600", "2018-12-31": "1565.20100", "2018-09-30": "1477.17800", "2018-06-30": "1428.72100", "2018-03-31": "1339.04900", "2017-12-31": "1250.31300", "2017-09-30": "1124.45400", "2017-06-30": "1051.53100", "2017-03-31": "982.27500", "2016-12-31": "914.43400", "2016-09-30": "846.63600", "2016-06-30": "785.12600", "2016-03-31": "744.71300", "2015-12-31": "706.62800", "2015-09-30": "667.97200", "2015-06-30": "633.99800", "2015-03-31": "600.93500", "2014-12-31": "571.45400", "2014-09-30": "546.66700", "2014-06-30": "524.13400", "2014-03-31": "506.14600", "2013-12-31": "488.97800", "2013-09-30": "472.28800", "2013-06-30": "452.56800", "2013-03-31": "438.19400", "2012-12-31": "423.48500", "2012-09-30": "407.67100", "2012-06-30": "392.89500", "2012-03-31": "377.95100", "2011-12-31": "363.73400", "2011-09-30": "349.59200", "2011-06-30": "333.94300", "2011-03-31": "286.80400", "2010-12-31": "275.07400", "2010-09-30": "260.86200", "2010-06-30": "243.18100", "2010-03-31": "234.83000", "2009-12-31": "221.24300", "2009-09-30": "213.79300", "2009-06-30": "207.59600", "2009-03-31": "200.28800", "2008-12-31": "193.19500", "2008-09-30": "186.29500", "2008-06-30": "179.47300", "2008-03-31": "172.88500", "2007-12-31": "167.13900", "2007-09-30": "161.42000", "2007-06-30": "154.86300", "2007-03-31": "148.45400", "2006-12-31": "142.60900", "2006-09-30": "136.92800", "2006-06-30": "130.58900", "2006-03-31": "124.33000", "2005-12-31": "117.60000", "2005-09-30": "110.88200", "2005-06-30": "104.47600", "2005-03-31": "98.25900"}, "Comprehensive Income": {"2020-12-31": "58.25200", "2020-09-30": "61.11600", "2020-06-30": "63.17700", "2020-03-31": "54.88800", "2019-12-31": "27.25500", "2019-09-30": "27.64800", "2019-06-30": "19.69300", "2019-03-31": "-5.67600", "2018-12-31": "-34.10500", "2018-09-30": "-59.25100", "2018-06-30": "-46.91300", "2018-03-31": "-40.90800", "2017-12-31": "-12.71200", "2017-09-30": "-5.62600", "2017-06-30": "-4.99200", "2017-03-31": "-18.06700", "2016-12-31": "-25.92000", "2016-09-30": "13.63500", "2016-06-30": "15.10600", "2016-03-31": "10.43100", "2015-12-31": "7.95900", "2015-09-30": "11.72100", "2015-06-30": "8.06800", "2015-03-31": "14.36700", "2014-12-31": "14.13200", "2014-09-30": "10.72400", "2014-06-30": "10.00600", "2014-03-31": "3.21100", "2013-12-31": "-3.67200", "2013-09-30": "-0.45300", "2013-06-30": "-0.89800", "2013-03-31": "9.02900", "2012-12-31": "10.78300", "2012-09-30": "12.96000", "2012-06-30": "11.45200", "2012-03-31": "10.56500", "2011-12-31": "9.32700", "2011-09-30": "7.93000", "2011-06-30": "3.33000", "2011-03-31": "0.74100", "2010-12-31": "-0.16700", "2010-09-30": "10.62400", "2010-06-30": "5.71200", "2010-03-31": "6.25000", "2009-12-31": "6.03200", "2009-09-30": "15.59700", "2009-06-30": "9.23900", "2009-03-31": "25.55100", "2008-12-31": "15.62400", "2008-09-30": "-10.38400", "2008-06-30": "-8.03300", "2008-03-31": "1.07000", "2007-12-31": "-15.09100", "2007-09-30": "-11.30800", "2007-06-30": "-14.64700", "2007-03-31": "-3.56800", "2006-12-31": "-4.92200", "2006-09-30": "-6.64200", "2006-06-30": "-16.83200", "2006-03-31": "-6.82400", "2005-12-31": "-2.57400", "2005-09-30": "-1.78600", "2005-06-30": "1.62500", "2005-03-31": "-4.79400"}, "Other Share Holders Equity": {"2020-12-31": "", "2020-09-30": "", "2020-06-30": "", "2020-03-31": "", "2019-12-31": "", "2019-09-30": "", "2019-06-30": "", "2019-03-31": "", "2018-12-31": "", "2018-09-30": "", "2018-06-30": "", "2018-03-31": "", "2017-12-31": "", "2017-09-30": "", "2017-06-30": "", "2017-03-31": "", "2016-12-31": "", "2016-09-30": "", "2016-06-30": "", "2016-03-31": "", "2015-12-31": "", "2015-09-30": "", "2015-06-30": "", "2015-03-31": "", "2014-12-31": "", "2014-09-30": "", "2014-06-30": "", "2014-03-31": "", "2013-12-31": "", "2013-09-30": "", "2013-06-30": "", "2013-03-31": "", "2012-12-31": "", "2012-09-30": "", "2012-06-30": "", "2012-03-31": "", "2011-12-31": "", "2011-09-30": "", "2011-06-30": "", "2011-03-31": "", "2010-12-31": "", "2010-09-30": "", "2010-06-30": "", "2010-03-31": "", "2009-12-31": "", "2009-09-30": "", "2009-06-30": "", "2009-03-31": "", "2008-12-31": "", "2008-09-30": "", "2008-06-30": "", "2008-03-31": "", "2007-12-31": "", "2007-09-30": "", "2007-06-30": "", "2007-03-31": "", "2006-12-31": "", "2006-09-30": "", "2006-06-30": "", "2006-03-31": "", "2005-12-31": "", "2005-09-30": "", "2005-06-30": "", "2005-03-31": ""}, "Share Holder Equity": {"2020-12-31": "4275.35600", "2020-09-30": "4189.37300", "2020-06-30": "4113.76600", "2020-03-31": "4086.25900", "2019-12-31": "4153.46800", "2019-09-30": "4081.44800", "2019-06-30": "3996.37800", "2019-03-31": "3885.76400", "2018-12-31": "3773.36500", "2018-09-30": "3656.63400", "2018-06-30": "3616.94200", "2018-03-31": "3529.65400", "2017-12-31": "3463.78800", "2017-09-30": "3337.81000", "2017-06-30": "3263.15300", "2017-03-31": "2876.60400", "2016-12-31": "2794.87100", "2016-09-30": "2759.55100", "2016-06-30": "1560.11200", "2016-03-31": "1511.25000", "2015-12-31": "1467.79400", "2015-09-30": "1317.67400", "2015-06-30": "1212.75800", "2015-03-31": "1182.73200", "2014-12-31": "911.84200", "2014-09-30": "879.01900", "2014-06-30": "853.65800", "2014-03-31": "660.77200", "2013-12-31": "632.53000", "2013-09-30": "615.81600", "2013-06-30": "534.57000", "2013-03-31": "527.13200", "2012-12-31": "511.10600", "2012-09-30": "481.28400", "2012-06-30": "463.00800", "2012-03-31": "446.06900", "2011-12-31": "427.97300", "2011-09-30": "410.35100", "2011-06-30": "389.10600", "2011-03-31": "338.26600", "2010-12-31": "323.77000", "2010-09-30": "319.50400", "2010-06-30": "295.91100", "2010-03-31": "286.96900", "2009-12-31": "272.47000", "2009-09-30": "349.41300", "2009-06-30": "336.32900", "2009-03-31": "345.02500", "2008-12-31": "327.60300", "2008-09-30": "219.21000", "2008-06-30": "214.30400", "2008-03-31": "216.42600", "2007-12-31": "190.82900", "2007-09-30": "188.75400", "2007-06-30": "178.08100", "2007-03-31": "182.31500", "2006-12-31": "174.63300", "2006-09-30": "166.62900", "2006-06-30": "149.61000", "2006-03-31": "153.00000", "2005-12-31": "149.40300", "2005-09-30": "143.08200", "2005-06-30": "139.74600", "2005-03-31": "126.65500"}, "Total Liabilities And Share Holders Equity": {"2020-12-31": "27162.60000", "2020-09-30": "26888.31000", "2020-06-30": "26380.41000", "2020-03-31": "24565.81000", "2019-12-31": "23555.73000", "2019-09-30": "23402.68000", "2019-06-30": "22960.73000", "2019-03-31": "23005.65000", "2018-12-31": "22388.03000", "2018-09-30": "22086.54000", "2018-06-30": "22220.38000", "2018-03-31": "22039.44000", "2017-12-31": "21275.65000", "2017-09-30": "20768.49000", "2017-06-30": "20064.59000", "2017-03-31": "19152.21000", "2016-12-31": "18890.14000", "2016-09-30": "18451.78000", "2016-06-30": "12279.58000", "2016-03-31": "11427.42000", "2015-12-31": "9879.45900", "2015-09-30": "9329.21600", "2015-06-30": "8710.43500", "2015-03-31": "8303.40700", "2014-12-31": "6766.49900", "2014-09-30": "6580.36000", "2014-06-30": "6297.97500", "2014-03-31": "5032.99500", "2013-12-31": "4791.17000", "2013-09-30": "4710.56700", "2013-06-30": "4043.63200", "2013-03-31": "3951.81800", "2012-12-31": "4040.20700", "2012-09-30": "3823.01700", "2012-06-30": "3764.86000", "2012-03-31": "3837.38200", "2011-12-31": "3841.65100", "2011-09-30": "3932.14500", "2011-06-30": "4028.33900", "2011-03-31": "3326.62300", "2010-12-31": "3273.27100", "2010-09-30": "3175.81000", "2010-06-30": "2878.27200", "2010-03-31": "3018.21100", "2009-12-31": "2770.81100", "2009-09-30": "2889.68600", "2009-06-30": "2961.69600", "2009-03-31": "3159.81900", "2008-12-31": "3233.30300", "2008-09-30": "3070.54600", "2008-06-30": "3062.11700", "2008-03-31": "3051.97100", "2007-12-31": "2710.87500", "2007-09-30": "2651.30500", "2007-06-30": "2580.54500", "2007-03-31": "2544.20500", "2006-12-31": "2529.40000", "2006-09-30": "2515.76100", "2006-06-30": "2420.59700", "2006-03-31": "2238.08400", "2005-12-31": "2134.88200", "2005-09-30": "2019.71100", "2005-06-30": "1902.60300", "2005-03-31": "1797.32000"}}, "cash flow statement": {"Net Income/Loss": {"2020-12-31": "0.00000", "2019-12-31": "425.90800", "2018-12-31": "417.08100", "2017-12-31": "421.93700", "2016-12-31": "270.08000", "2015-12-31": "182.31400", "2014-12-31": "118.58800", "2013-12-31": "91.26500", "2012-12-31": "77.06400", "2011-12-31": "101.30300", "2010-12-31": "63.92400", "2009-12-31": "43.08300", "2008-12-31": "34.69000", "2007-12-31": "31.74400", "2006-12-31": "31.69300", "2005-12-31": "31.48900"}, "Total Depreciation And Amortization - Cash Flow": {"2020-12-31": "", "2019-12-31": "35.06100", "2018-12-31": "13.64600", "2017-12-31": "-28.59700", "2016-12-31": "31.59400", "2015-12-31": "17.84000", "2014-12-31": "13.62800", "2013-12-31": "10.51600", "2012-12-31": "-53.08600", "2011-12-31": "-58.67400", "2010-12-31": "-12.82400", "2009-12-31": "-0.18400", "2008-12-31": "2.75800", "2007-12-31": "2.64800", "2006-12-31": "2.12700", "2005-12-31": "2.05200"}, "Other Non-Cash Items": {"2020-12-31": "", "2019-12-31": "-64.21600", "2018-12-31": "114.30300", "2017-12-31": "282.29500", "2016-12-31": "-28.25400", "2015-12-31": "-33.79200", "2014-12-31": "-54.57600", "2013-12-31": "-67.70800", "2012-12-31": "-10.34500", "2011-12-31": "-46.16000", "2010-12-31": "-9.26400", "2009-12-31": "21.30300", "2008-12-31": "16.86100", "2007-12-31": "4.65900", "2006-12-31": "-1.66900", "2005-12-31": "0.32300"}, "Total Non-Cash Items": {"2020-12-31": "", "2019-12-31": "-29.15500", "2018-12-31": "127.94900", "2017-12-31": "253.69800", "2016-12-31": "3.34000", "2015-12-31": "-15.95200", "2014-12-31": "-40.94800", "2013-12-31": "-57.19200", "2012-12-31": "-63.43100", "2011-12-31": "-104.83400", "2010-12-31": "-22.08800", "2009-12-31": "21.11900", "2008-12-31": "19.61900", "2007-12-31": "7.30700", "2006-12-31": "0.45800", "2005-12-31": "2.37500"}, "Change In Accounts Receivable": {"2020-12-31": "", "2019-12-31": "6.71000", "2018-12-31": "-9.04700", "2017-12-31": "-0.59400", "2016-12-31": "-24.10200", "2015-12-31": "-2.40100", "2014-12-31": "3.26500", "2013-12-31": "21.07300", "2012-12-31": "-17.57200", "2011-12-31": "-2.05500", "2010-12-31": "-6.31900", "2009-12-31": "3.23700", "2008-12-31": "-1.34100", "2007-12-31": "2.03700", "2006-12-31": "-6.78700", "2005-12-31": "-4.36000"}, "Change In Inventories": {"2020-12-31": "", "2019-12-31": "", "2018-12-31": "", "2017-12-31": "", "2016-12-31": "", "2015-12-31": "", "2014-12-31": "", "2013-12-31": "", "2012-12-31": "", "2011-12-31": "", "2010-12-31": "", "2009-12-31": "", "2008-12-31": "", "2007-12-31": "", "2006-12-31": "", "2005-12-31": ""}, "Change In Accounts Payable": {"2020-12-31": "", "2019-12-31": "8.89300", "2018-12-31": "3.34800", "2017-12-31": "-0.86900", "2016-12-31": "-8.00600", "2015-12-31": "13.52300", "2014-12-31": "17.84600", "2013-12-31": "0.04900", "2012-12-31": "-12.78400", "2011-12-31": "14.84400", "2010-12-31": "1.01500", "2009-12-31": "-4.94600", "2008-12-31": "-0.90900", "2007-12-31": "3.41300", "2006-12-31": "2.09800", "2005-12-31": "4.91700"}, "Change In Assets/Liabilities": {"2020-12-31": "", "2019-12-31": "12.28800", "2018-12-31": "165.98300", "2017-12-31": "-239.88000", "2016-12-31": "0.61600", "2015-12-31": "23.69400", "2014-12-31": "-1.98500", "2013-12-31": "4.12400", "2012-12-31": "1.02500", "2011-12-31": "11.33000", "2010-12-31": "4.36800", "2009-12-31": "-14.53000", "2008-12-31": "-5.97700", "2007-12-31": "-1.83100", "2006-12-31": "-4.84600", "2005-12-31": "-2.36700"}, "Total Change In Assets/Liabilities": {"2020-12-31": "", "2019-12-31": "27.89100", "2018-12-31": "160.28400", "2017-12-31": "-291.15500", "2016-12-31": "-31.49200", "2015-12-31": "34.81600", "2014-12-31": "19.12600", "2013-12-31": "25.24600", "2012-12-31": "-29.33100", "2011-12-31": "24.11900", "2010-12-31": "-0.93600", "2009-12-31": "-16.23900", "2008-12-31": "-8.22700", "2007-12-31": "3.61900", "2006-12-31": "-9.53500", "2005-12-31": "-1.81000"}, "Cash Flow From Operating Activities": {"2020-12-31": "", "2019-12-31": "424.64400", "2018-12-31": "705.31400", "2017-12-31": "384.48000", "2016-12-31": "241.92800", "2015-12-31": "201.17800", "2014-12-31": "96.76600", "2013-12-31": "59.31900", "2012-12-31": "-15.69800", "2011-12-31": "20.58800", "2010-12-31": "40.90000", "2009-12-31": "47.96300", "2008-12-31": "46.08200", "2007-12-31": "42.67000", "2006-12-31": "22.61600", "2005-12-31": "32.05400"}, "Net Change In Property, Plant, And Equipment": {"2020-12-31": "", "2019-12-31": "-98.69100", "2018-12-31": "-86.75200", "2017-12-31": "-38.86400", "2016-12-31": "-45.17100", "2015-12-31": "-16.80400", "2014-12-31": "-18.06700", "2013-12-31": "-10.10600", "2012-12-31": "-46.09900", "2011-12-31": "20.70900", "2010-12-31": "6.62600", "2009-12-31": "-9.19900", "2008-12-31": "-19.71500", "2007-12-31": "-11.89900", "2006-12-31": "-29.45600", "2005-12-31": "-21.41300"}, "Net Change In Intangible Assets": {"2020-12-31": "", "2019-12-31": "", "2018-12-31": "", "2017-12-31": "", "2016-12-31": "", "2015-12-31": "", "2014-12-31": "", "2013-12-31": "", "2012-12-31": "", "2011-12-31": "", "2010-12-31": "", "2009-12-31": "", "2008-12-31": "", "2007-12-31": "", "2006-12-31": "", "2005-12-31": ""}, "Net Acquisitions/Divestitures": {"2020-12-31": "", "2019-12-31": "", "2018-12-31": "", "2017-12-31": "", "2016-12-31": "", "2015-12-31": "", "2014-12-31": "", "2013-12-31": "", "2012-12-31": "", "2011-12-31": "", "2010-12-31": "", "2009-12-31": "", "2008-12-31": "", "2007-12-31": "", "2006-12-31": "", "2005-12-31": ""}, "Net Change In Short-term Investments": {"2020-12-31": "", "2019-12-31": "", "2018-12-31": "", "2017-12-31": "", "2016-12-31": "", "2015-12-31": "", "2014-12-31": "", "2013-12-31": "", "2012-12-31": "", "2011-12-31": "", "2010-12-31": "", "2009-12-31": "", "2008-12-31": "", "2007-12-31": "", "2006-12-31": "", "2005-12-31": ""}, "Net Change In Long-Term Investments": {"2020-12-31": "", "2019-12-31": "652.92900", "2018-12-31": "-315.81200", "2017-12-31": "-1139.86400", "2016-12-31": "-469.23200", "2015-12-31": "270.91400", "2014-12-31": "102.71300", "2013-12-31": "-54.49600", "2012-12-31": "37.45500", "2011-12-31": "112.27500", "2010-12-31": "194.03300", "2009-12-31": "453.50500", "2008-12-31": "-303.43900", "2007-12-31": "26.47000", "2006-12-31": "-46.96600", "2005-12-31": "-139.71500"}, "Net Change In Investments - Total": {"2020-12-31": "", "2019-12-31": "652.92900", "2018-12-31": "-315.81200", "2017-12-31": "-1139.86400", "2016-12-31": "-469.23200", "2015-12-31": "270.91400", "2014-12-31": "102.71300", "2013-12-31": "-54.49600", "2012-12-31": "37.45500", "2011-12-31": "112.27500", "2010-12-31": "194.03300", "2009-12-31": "453.50500", "2008-12-31": "-303.43900", "2007-12-31": "26.47000", "2006-12-31": "-46.96600", "2005-12-31": "-139.71500"}, "Investing Activities - Other": {"2020-12-31": "", "2019-12-31": "-433.60710", "2018-12-31": "-1123.89500", "2017-12-31": "-1451.66900", "2016-12-31": "-1769.84200", "2015-12-31": "-1588.82500", "2014-12-31": "-649.20400", "2013-12-31": "-19.67600", "2012-12-31": "196.24000", "2011-12-31": "660.02600", "2010-12-31": "291.44100", "2009-12-31": "31.86500", "2008-12-31": "-170.28500", "2007-12-31": "-205.13000", "2006-12-31": "-308.26000", "2005-12-31": "-243.53600"}, "Cash Flow From Investing Activities": {"2020-12-31": "", "2019-12-31": "120.63100", "2018-12-31": "-1526.45900", "2017-12-31": "-2630.39700", "2016-12-31": "-2284.24500", "2015-12-31": "-1334.71500", "2014-12-31": "-564.55800", "2013-12-31": "-84.27800", "2012-12-31": "187.59600", "2011-12-31": "793.01000", "2010-12-31": "492.10000", "2009-12-31": "476.17100", "2008-12-31": "-493.43900", "2007-12-31": "-190.55900", "2006-12-31": "-384.68200", "2005-12-31": "-404.66400"}, "Net Long-Term Debt": {"2020-12-31": "", "2019-12-31": "254.69500", "2018-12-31": "74.37300", "2017-12-31": "-19.58300", "2016-12-31": "-163.89100", "2015-12-31": "4.83100", "2014-12-31": "-98.54500", "2013-12-31": "0.13200", "2012-12-31": "-21.08300", "2011-12-31": "-73.11100", "2010-12-31": "-113.94800", "2009-12-31": "-82.39400", "2008-12-31": "88.41400", "2007-12-31": "141.87200", "2006-12-31": "-89.58600", "2005-12-31": "160.80000"}, "Net Current Debt": {"2020-12-31": "", "2019-12-31": "-9.31500", "2018-12-31": "-48.76700", "2017-12-31": "4.22100", "2016-12-31": "-0.69000", "2015-12-31": "-0.31500", "2014-12-31": "-4.04000", "2013-12-31": "17.14800", "2012-12-31": "-3.26000", "2011-12-31": "-11.26200", "2010-12-31": "-0.88300", "2009-12-31": "-2.59500", "2008-12-31": "0.77800", "2007-12-31": "5.08500", "2006-12-31": "5.33000", "2005-12-31": "2.44800"}, "Debt Issuance/Retirement Net - Total": {"2020-12-31": "", "2019-12-31": "245.38000", "2018-12-31": "25.60600", "2017-12-31": "-15.36200", "2016-12-31": "-164.58100", "2015-12-31": "4.51600", "2014-12-31": "-102.58500", "2013-12-31": "17.28000", "2012-12-31": "-24.34300", "2011-12-31": "-84.37300", "2010-12-31": "-114.83100", "2009-12-31": "-84.98900", "2008-12-31": "89.19200", "2007-12-31": "146.95700", "2006-12-31": "-84.25600", "2005-12-31": "163.24800"}, "Net Common Equity Issued/Repurchased": {"2020-12-31": "", "2019-12-31": "-0.29000", "2018-12-31": "1.97100", "2017-12-31": "306.57200", "2016-12-31": "2.85800", "2015-12-31": "108.28800", "2014-12-31": "2.37800", "2013-12-31": "2.90400", "2012-12-31": "3.63800", "2011-12-31": "4.03200", "2010-12-31": "2.82500", "2009-12-31": "-2.39200", "2008-12-31": "0.40800", "2007-12-31": "0.54600", "2006-12-31": "0.82400", "2005-12-31": "0.97400"}, "Net Total Equity Issued/Repurchased": {"2020-12-31": "", "2019-12-31": "-0.29000", "2018-12-31": "1.97100", "2017-12-31": "306.57200", "2016-12-31": "2.85800", "2015-12-31": "108.28800", "2014-12-31": "2.37800", "2013-12-31": "2.90400", "2012-12-31": "3.63800", "2011-12-31": "4.03200", "2010-12-31": "2.82500", "2009-12-31": "-77.39200", "2008-12-31": "75.40800", "2007-12-31": "0.54600", "2006-12-31": "0.82400", "2005-12-31": "0.97400"}, "Total Common And Preferred Stock Dividends Paid": {"2020-12-31": "", "2019-12-31": "-121.12400", "2018-12-31": "-102.21800", "2017-12-31": "-88.73200", "2016-12-31": "-62.17300", "2015-12-31": "-47.07900", "2014-12-31": "-36.13000", "2013-12-31": "-25.74400", "2012-12-31": "-17.29300", "2011-12-31": "-12.66100", "2010-12-31": "-10.17000", "2009-12-31": "-12.13200", "2008-12-31": "-8.41800", "2007-12-31": "-7.21600", "2006-12-31": "-6.68400", "2005-12-31": "-6.15100"}, "Financial Activities - Other": {"2020-12-31": "", "2019-12-31": "535.84400", "2018-12-31": "746.07000", "2017-12-31": "1617.46700", "2016-12-31": "3041.58500", "2015-12-31": "1008.59700", "2014-12-31": "558.35700", "2013-12-31": "18.52700", "2012-12-31": "15.14000", "2011-12-31": "-710.69800", "2010-12-31": "-440.08900", "2009-12-31": "-312.30900", "2008-12-31": "284.63600", "2007-12-31": "12.38900", "2006-12-31": "454.33000", "2005-12-31": "213.57700"}, "Cash Flow From Financial Activities": {"2020-12-31": "", "2019-12-31": "659.81000", "2018-12-31": "671.42900", "2017-12-31": "1819.94500", "2016-12-31": "2817.68900", "2015-12-31": "1074.32200", "2014-12-31": "422.02000", "2013-12-31": "12.96700", "2012-12-31": "-22.85800", "2011-12-31": "-803.70000", "2010-12-31": "-562.26500", "2009-12-31": "-486.82200", "2008-12-31": "440.81800", "2007-12-31": "152.67600", "2006-12-31": "364.21400", "2005-12-31": "371.64800"}, "Net Cash Flow": {"2020-12-31": "", "2019-12-31": "1205.08500", "2018-12-31": "-149.71600", "2017-12-31": "-425.97200", "2016-12-31": "775.37200", "2015-12-31": "-59.21500", "2014-12-31": "-45.77200", "2013-12-31": "-11.99200", "2012-12-31": "149.04000", "2011-12-31": "9.89800", "2010-12-31": "-29.26500", "2009-12-31": "37.31200", "2008-12-31": "-6.53900", "2007-12-31": "4.78700", "2006-12-31": "2.14800", "2005-12-31": "-0.96200"}, "Stock-Based Compensation": {"2020-12-31": "", "2019-12-31": "14.16900", "2018-12-31": "14.13500", "2017-12-31": "12.32900", "2016-12-31": "10.75400", "2015-12-31": "8.20200", "2014-12-31": "5.67500", "2013-12-31": "4.48700", "2012-12-31": "2.60700", "2011-12-31": "1.52800", "2010-12-31": "0.83300", "2009-12-31": "0.71200", "2008-12-31": "0.86200", "2007-12-31": "0.86900", "2006-12-31": "0.86500", "2005-12-31": "0.61400"}, "Common Stock Dividends Paid": {"2020-12-31": "", "2019-12-31": "-121.12400", "2018-12-31": "-102.21800", "2017-12-31": "-88.73200", "2016-12-31": "-62.17300", "2015-12-31": "-47.07900", "2014-12-31": "-36.13000", "2013-12-31": "-25.74400", "2012-12-31": "-17.29300", "2011-12-31": "-12.66100", "2010-12-31": "-10.17000", "2009-12-31": "-8.77800", "2008-12-31": "-8.41800", "2007-12-31": "-7.21600", "2006-12-31": "-6.68400", "2005-12-31": "-6.15100"}}, "cash flow statement, quarterly": {"Net Income/Loss": {"2020-12-31": -171.356, "2020-09-30": 109.241, "2020-06-30": 50.257, "2020-03-31": "11.85800", "2019-12-31": 100.799, "2019-09-30": 103.884, "2019-06-30": 110.513, "2019-03-31": "110.71200", "2018-12-31": 115.028, "2018-09-30": 74.179, "2018-06-30": 114.741, "2018-03-31": "113.13300", "2017-12-31": 146.154, "2017-09-30": 96.047, "2017-06-30": 90.525, "2017-03-31": "89.21100", "2016-12-31": 87.845, "2016-09-30": 76.045, "2016-06-30": 54.495, "2016-03-31": "51.69500", "2015-12-31": 51.461, "2015-09-30": 46.131, "2015-06-30": 44.804, "2015-03-31": "39.91800", "2014-12-31": 34.762, "2014-09-30": 32.08, "2014-06-30": 26.478, "2014-03-31": "25.26800", "2013-12-31": 24.39, "2013-09-30": 26.485, "2013-06-30": 20.379, "2013-03-31": "20.01100", "2012-12-31": 20.676, "2012-09-30": 19.29, "2012-06-30": 19.088, "2012-03-31": "18.01000", "2011-12-31": 17.585, "2011-09-30": 18.887, "2011-06-30": 50.204, "2011-03-31": "14.62700", "2010-12-31": 16.914, "2010-09-30": 20.208, "2010-06-30": 10.859, "2010-03-31": "15.94300", "2009-12-31": 12.679, "2009-09-30": 9.444, "2009-06-30": 10.577, "2009-03-31": "10.38300", "2008-12-31": 9.339, "2008-09-30": 9.004, "2008-06-30": 8.582, "2008-03-31": "7.76500", "2007-12-31": 7.735, "2007-09-30": 8.402, "2007-06-30": 8.086, "2007-03-31": "7.52100", "2006-12-31": 7.355, "2006-09-30": 8.01, "2006-06-30": 7.931, "2006-03-31": "8.39700", "2005-12-31": 8.383, "2005-09-30": 8.071, "2005-06-30": 7.713, "2005-03-31": "7.32200"}, "Total Depreciation And Amortization - Cash Flow": {"2020-12-31": -52.908, "2020-09-30": 20.326, "2020-06-30": 17.767, "2020-03-31": "14.81500", "2019-12-31": -10.486, "2019-09-30": 14.923, "2019-06-30": 15.368, "2019-03-31": "15.25600", "2018-12-31": -30.058, "2018-09-30": 14.235, "2018-06-30": 14.789, "2018-03-31": "14.68000", "2017-12-31": -64.55, "2017-09-30": 13.305, "2017-06-30": 11.425, "2017-03-31": "11.22300", "2016-12-31": 11.478, "2016-09-30": 9.633, "2016-06-30": 5.418, "2016-03-31": "5.06500", "2015-12-31": 5.613, "2015-09-30": 4.467, "2015-06-30": 3.963, "2015-03-31": "3.79700", "2014-12-31": 3.765, "2014-09-30": 45.827, "2014-06-30": -38.743, "2014-03-31": "2.77900", "2013-12-31": 37.67, "2013-09-30": -8.148, "2013-06-30": -8.707, "2013-03-31": "-10.29900", "2012-12-31": -11.586, "2012-09-30": -45.68, "2012-06-30": 1.957, "2012-03-31": "2.22300", "2011-12-31": -15.889, "2011-09-30": -17.101, "2011-06-30": -15.717, "2011-03-31": "-9.96700", "2010-12-31": -6.932, "2010-09-30": -4.993, "2010-06-30": -1.502, "2010-03-31": "0.60300", "2009-12-31": 0.55, "2009-09-30": -0.047, "2009-06-30": -0.4, "2009-03-31": "-0.28700", "2008-12-31": 0.611, "2008-09-30": 0.831, "2008-06-30": 0.723, "2008-03-31": "0.59300", "2007-12-31": 0.734, "2007-09-30": 0.685, "2007-06-30": 0.636, "2007-03-31": "0.59300", "2006-12-31": 0.506, "2006-09-30": 0.515, "2006-06-30": 0.518, "2006-03-31": "0.58800", "2005-12-31": 0.514, "2005-09-30": 0.474, "2005-06-30": 0.51, "2005-03-31": "0.55400"}, "Other Non-Cash Items": {"2020-12-31": -216.487, "2020-09-30": 11.424, "2020-06-30": 87.947, "2020-03-31": "117.11600", "2019-12-31": 8.299, "2019-09-30": -10.069, "2019-06-30": 4.623, "2019-03-31": "-67.06900", "2018-12-31": 54.329, "2018-09-30": 52.496, "2018-06-30": 10.597, "2018-03-31": "-3.11900", "2017-12-31": 311.549, "2017-09-30": -13.583, "2017-06-30": -9.55, "2017-03-31": "-6.12100", "2016-12-31": -11.197, "2016-09-30": -9.348, "2016-06-30": 0.74, "2016-03-31": "-8.44900", "2015-12-31": -12.323, "2015-09-30": -3.048, "2015-06-30": -7.962, "2015-03-31": "-10.45900", "2014-12-31": 16.765, "2014-09-30": -70.314, "2014-06-30": 21.014, "2014-03-31": "-22.04100", "2013-12-31": -51.126, "2013-09-30": -10.965, "2013-06-30": -3.303, "2013-03-31": "-2.31400", "2012-12-31": -11.015, "2012-09-30": 33.518, "2012-06-30": -16.027, "2012-03-31": "-16.82100", "2011-12-31": -15.911, "2011-09-30": -1.378, "2011-06-30": -30.822, "2011-03-31": "1.95100", "2010-12-31": -6.704, "2010-09-30": -4.881, "2010-06-30": 4.236, "2010-03-31": "-1.91500", "2009-12-31": 0.188, "2009-09-30": 7.794, "2009-06-30": 6.164, "2009-03-31": "7.15700", "2008-12-31": 5.779, "2008-09-30": 3.361, "2008-06-30": 4.107, "2008-03-31": "3.61400", "2007-12-31": 1.721, "2007-09-30": 0.741, "2007-06-30": 1.477, "2007-03-31": "0.72000", "2006-12-31": -0.634, "2006-09-30": 0.063, "2006-06-30": 0.632, "2006-03-31": "-1.73000", "2005-12-31": 0.14, "2005-09-30": 0.523, "2005-06-30": 0.683, "2005-03-31": "-1.02300"}, "Total Non-Cash Items": {"2020-12-31": -269.395, "2020-09-30": 31.75, "2020-06-30": 105.714, "2020-03-31": "131.93100", "2019-12-31": -2.187, "2019-09-30": 4.854, "2019-06-30": 19.991, "2019-03-31": "-51.81300", "2018-12-31": 24.271, "2018-09-30": 66.731, "2018-06-30": 25.386, "2018-03-31": "11.56100", "2017-12-31": 246.999, "2017-09-30": -0.278, "2017-06-30": 1.875, "2017-03-31": "5.10200", "2016-12-31": 0.281, "2016-09-30": 0.285, "2016-06-30": 6.158, "2016-03-31": "-3.38400", "2015-12-31": -6.71, "2015-09-30": 1.419, "2015-06-30": -3.999, "2015-03-31": "-6.66200", "2014-12-31": 20.53, "2014-09-30": -24.487, "2014-06-30": -17.729, "2014-03-31": "-19.26200", "2013-12-31": -13.456, "2013-09-30": -19.113, "2013-06-30": -12.01, "2013-03-31": "-12.61300", "2012-12-31": -22.601, "2012-09-30": -12.162, "2012-06-30": -14.07, "2012-03-31": "-14.59800", "2011-12-31": -31.8, "2011-09-30": -18.479, "2011-06-30": -46.539, "2011-03-31": "-8.01600", "2010-12-31": -13.636, "2010-09-30": -9.874, "2010-06-30": 2.734, "2010-03-31": "-1.31200", "2009-12-31": 0.738, "2009-09-30": 7.747, "2009-06-30": 5.764, "2009-03-31": "6.87000", "2008-12-31": 6.39, "2008-09-30": 4.192, "2008-06-30": 4.83, "2008-03-31": "4.20700", "2007-12-31": 2.455, "2007-09-30": 1.426, "2007-06-30": 2.113, "2007-03-31": "1.31300", "2006-12-31": -0.128, "2006-09-30": 0.578, "2006-06-30": 1.15, "2006-03-31": "-1.14200", "2005-12-31": 0.654, "2005-09-30": 0.997, "2005-06-30": 1.193, "2005-03-31": "-0.46900"}, "Change In Accounts Receivable": {"2020-12-31": 11.216, "2020-09-30": -3.695, "2020-06-30": 0.098, "2020-03-31": "-7.61900", "2019-12-31": 1.011, "2019-09-30": 4.734, "2019-06-30": 4.542, "2019-03-31": "-3.57700", "2018-12-31": -5.877, "2018-09-30": -4.263, "2018-06-30": -2.702, "2018-03-31": "3.79500", "2017-12-31": -15.423, "2017-09-30": -7.352, "2017-06-30": -0.026, "2017-03-31": "22.20700", "2016-12-31": -16.773, "2016-09-30": 12.05, "2016-06-30": -9.288, "2016-03-31": "-10.09100", "2015-12-31": 4.379, "2015-09-30": 6.605, "2015-06-30": -6.614, "2015-03-31": "-6.77100", "2014-12-31": 3.495, "2014-09-30": 8.592, "2014-06-30": -7.796, "2014-03-31": "-1.02600", "2013-12-31": 2.613, "2013-09-30": 1.815, "2013-06-30": 0.006, "2013-03-31": "16.63900", "2012-12-31": -8.654, "2012-09-30": -8.921, "2012-06-30": 2.088, "2012-03-31": "-2.08500", "2011-12-31": -5.145, "2011-09-30": -3.632, "2011-06-30": -3.758, "2011-03-31": "10.48000", "2010-12-31": 3.857, "2010-09-30": -7.017, "2010-06-30": -5.386, "2010-03-31": "2.22700", "2009-12-31": 2.241, "2009-09-30": 6.642, "2009-06-30": -6.922, "2009-03-31": "1.27600", "2008-12-31": -4.862, "2008-09-30": 4.022, "2008-06-30": -0.496, "2008-03-31": "-0.00500", "2007-12-31": 1.805, "2007-09-30": -0.58, "2007-06-30": 0.26, "2007-03-31": "0.55200", "2006-12-31": -1.024, "2006-09-30": -0.33, "2006-06-30": -6.21, "2006-03-31": "0.77700", "2005-12-31": 0.508, "2005-09-30": -0.098, "2005-06-30": -2.352, "2005-03-31": "-2.41800"}, "Change In Inventories": {"2020-12-31": 0, "2020-09-30": 0, "2020-06-30": 0, "2020-03-31": "", "2019-12-31": 0, "2019-09-30": 0, "2019-06-30": 0, "2019-03-31": "", "2018-12-31": 0, "2018-09-30": 0, "2018-06-30": 0, "2018-03-31": "", "2017-12-31": 0, "2017-09-30": 0, "2017-06-30": 0, "2017-03-31": "", "2016-12-31": 0, "2016-09-30": 0, "2016-06-30": 0, "2016-03-31": "", "2015-12-31": 0, "2015-09-30": 0, "2015-06-30": 0, "2015-03-31": "", "2014-12-31": 0, "2014-09-30": 0, "2014-06-30": 0, "2014-03-31": "", "2013-12-31": 0, "2013-09-30": 0, "2013-06-30": 0, "2013-03-31": "", "2012-12-31": 0, "2012-09-30": 0, "2012-06-30": 0, "2012-03-31": "", "2011-12-31": 0, "2011-09-30": 0, "2011-06-30": 0, "2011-03-31": "", "2010-12-31": 0, "2010-09-30": 0, "2010-06-30": 0, "2010-03-31": "", "2009-12-31": 0, "2009-09-30": 0, "2009-06-30": 0, "2009-03-31": "", "2008-12-31": 0, "2008-09-30": 0, "2008-06-30": 0, "2008-03-31": "", "2007-12-31": 0, "2007-09-30": 0, "2007-06-30": 0, "2007-03-31": "", "2006-12-31": 0, "2006-09-30": 0, "2006-06-30": 0, "2006-03-31": "", "2005-12-31": 0, "2005-09-30": 0, "2005-06-30": 0, "2005-03-31": ""}, "Change In Accounts Payable": {"2020-12-31": 32.384, "2020-09-30": -1.355, "2020-06-30": 0.188, "2020-03-31": "-31.21700", "2019-12-31": -2.955, "2019-09-30": 13.776, "2019-06-30": -60.1, "2019-03-31": "58.17200", "2018-12-31": 14.508, "2018-09-30": 1.446, "2018-06-30": 12.927, "2018-03-31": "-25.53300", "2017-12-31": -1.186, "2017-09-30": 4.998, "2017-06-30": -28.717, "2017-03-31": "24.03600", "2016-12-31": -5.144, "2016-09-30": 2.487, "2016-06-30": -17.44, "2016-03-31": "12.09100", "2015-12-31": 15.881, "2015-09-30": -0.407, "2015-06-30": -9.994, "2015-03-31": "8.04300", "2014-12-31": -6.55, "2014-09-30": 11.302, "2014-06-30": -1.537, "2014-03-31": "14.63100", "2013-12-31": -2.088, "2013-09-30": -1.54, "2013-06-30": -3.697, "2013-03-31": "7.37400", "2012-12-31": 5.308, "2012-09-30": 2.19, "2012-06-30": -8.546, "2012-03-31": "-11.73600", "2011-12-31": 12.355, "2011-09-30": -1.024, "2011-06-30": 3.108, "2011-03-31": "0.40500", "2010-12-31": -0.881, "2010-09-30": 0.122, "2010-06-30": 0.517, "2010-03-31": "1.25700", "2009-12-31": -1.396, "2009-09-30": -1.367, "2009-06-30": -2.329, "2009-03-31": "0.14600", "2008-12-31": -0.463, "2008-09-30": -1.37, "2008-06-30": -0.643, "2008-03-31": "1.56700", "2007-12-31": 0.904, "2007-09-30": -0.467, "2007-06-30": -0.272, "2007-03-31": "3.24800", "2006-12-31": 3.528, "2006-09-30": -0.706, "2006-06-30": -1.841, "2006-03-31": "1.11700", "2005-12-31": 1.043, "2005-09-30": 0.252, "2005-06-30": 1.319, "2005-03-31": "2.30300"}, "Change In Assets/Liabilities": {"2020-12-31": 2.591, "2020-09-30": 3.56, "2020-06-30": -3.463, "2020-03-31": "-2.68800", "2019-12-31": -4.008, "2019-09-30": -2.3, "2019-06-30": -7.423, "2019-03-31": "26.01900", "2018-12-31": 200.132, "2018-09-30": -5.094, "2018-06-30": -48.858, "2018-03-31": "19.80300", "2017-12-31": -230.905, "2017-09-30": -5.512, "2017-06-30": -4.938, "2017-03-31": "1.47500", "2016-12-31": 15.479, "2016-09-30": 1.121, "2016-06-30": -10.988, "2016-03-31": "-4.99600", "2015-12-31": -1.646, "2015-09-30": -0.199, "2015-06-30": -3.444, "2015-03-31": "28.98300", "2014-12-31": -3.682, "2014-09-30": 0.656, "2014-06-30": 2.456, "2014-03-31": "-1.41500", "2013-12-31": 5.016, "2013-09-30": 1.658, "2013-06-30": -2.484, "2013-03-31": "-0.06600", "2012-12-31": 1.152, "2012-09-30": -1.569, "2012-06-30": -0.509, "2012-03-31": "1.95100", "2011-12-31": 13.361, "2011-09-30": 3.848, "2011-06-30": -6.114, "2011-03-31": "0.23500", "2010-12-31": 7.293, "2010-09-30": -1.987, "2010-06-30": -1.876, "2010-03-31": "0.93800", "2009-12-31": -6.773, "2009-09-30": -4.45, "2009-06-30": -3.659, "2009-03-31": "0.35200", "2008-12-31": -1.226, "2008-09-30": -0.587, "2008-06-30": -3.035, "2008-03-31": "-1.12900", "2007-12-31": -0.776, "2007-09-30": 0.519, "2007-06-30": -3.076, "2007-03-31": "1.50200", "2006-12-31": -4.899, "2006-09-30": -0.015, "2006-06-30": 0.631, "2006-03-31": "-0.56300", "2005-12-31": -0.722, "2005-09-30": -1.205, "2005-06-30": 0.352, "2005-03-31": "-0.79200"}, "Total Change In Assets/Liabilities": {"2020-12-31": 46.191, "2020-09-30": -1.49, "2020-06-30": -3.177, "2020-03-31": "-41.52400", "2019-12-31": -5.952, "2019-09-30": 16.21, "2019-06-30": -62.981, "2019-03-31": "80.61400", "2018-12-31": 208.763, "2018-09-30": -7.911, "2018-06-30": -38.633, "2018-03-31": "-1.93500", "2017-12-31": -297.326, "2017-09-30": -7.866, "2017-06-30": -33.681, "2017-03-31": "47.71800", "2016-12-31": -6.438, "2016-09-30": 15.658, "2016-06-30": -37.716, "2016-03-31": "-2.99600", "2015-12-31": 18.614, "2015-09-30": 5.999, "2015-06-30": -20.052, "2015-03-31": "30.25500", "2014-12-31": -6.737, "2014-09-30": 20.55, "2014-06-30": -6.877, "2014-03-31": "12.19000", "2013-12-31": 5.541, "2013-09-30": 1.933, "2013-06-30": -6.175, "2013-03-31": "23.94700", "2012-12-31": -2.194, "2012-09-30": -8.3, "2012-06-30": -6.967, "2012-03-31": "-11.87000", "2011-12-31": 20.571, "2011-09-30": -0.808, "2011-06-30": -6.764, "2011-03-31": "11.12000", "2010-12-31": 10.269, "2010-09-30": -8.882, "2010-06-30": -6.745, "2010-03-31": "4.42200", "2009-12-31": -5.928, "2009-09-30": 0.825, "2009-06-30": -12.91, "2009-03-31": "1.77400", "2008-12-31": -6.551, "2008-09-30": 2.065, "2008-06-30": -4.174, "2008-03-31": "0.43300", "2007-12-31": 1.933, "2007-09-30": -0.528, "2007-06-30": -3.088, "2007-03-31": "5.30200", "2006-12-31": -2.395, "2006-09-30": -1.051, "2006-06-30": -7.42, "2006-03-31": "1.33100", "2005-12-31": 0.829, "2005-09-30": -1.051, "2005-06-30": -0.681, "2005-03-31": "-0.90700"}, "Cash Flow From Operating Activities": {"2020-12-31": -394.56, "2020-09-30": 139.501, "2020-06-30": 152.794, "2020-03-31": "102.26500", "2019-12-31": 92.66, "2019-09-30": 124.948, "2019-06-30": 67.523, "2019-03-31": "139.51300", "2018-12-31": 348.062, "2018-09-30": 132.999, "2018-06-30": 101.494, "2018-03-31": "122.75900", "2017-12-31": 95.827, "2017-09-30": 87.903, "2017-06-30": 58.719, "2017-03-31": "142.03100", "2016-12-31": 81.688, "2016-09-30": 91.988, "2016-06-30": 22.937, "2016-03-31": "45.31500", "2015-12-31": 63.365, "2015-09-30": 53.549, "2015-06-30": 20.753, "2015-03-31": "63.51100", "2014-12-31": 48.555, "2014-09-30": 28.143, "2014-06-30": 1.872, "2014-03-31": "18.19600", "2013-12-31": 16.475, "2013-09-30": 9.305, "2013-06-30": 2.194, "2013-03-31": "31.34500", "2012-12-31": -4.119, "2012-09-30": -1.172, "2012-06-30": -1.949, "2012-03-31": "-8.45800", "2011-12-31": 6.356, "2011-09-30": -0.4, "2011-06-30": -3.099, "2011-03-31": "17.73100", "2010-12-31": 13.547, "2010-09-30": 1.452, "2010-06-30": 6.848, "2010-03-31": "19.05300", "2009-12-31": 7.489, "2009-09-30": 18.016, "2009-06-30": 3.431, "2009-03-31": "19.02700", "2008-12-31": 9.178, "2008-09-30": 15.261, "2008-06-30": 9.238, "2008-03-31": "12.40500", "2007-12-31": 12.123, "2007-09-30": 9.3, "2007-06-30": 7.111, "2007-03-31": "14.13600", "2006-12-31": 4.832, "2006-09-30": 7.537, "2006-06-30": 1.661, "2006-03-31": "8.58600", "2005-12-31": 9.866, "2005-09-30": 8.017, "2005-06-30": 8.225, "2005-03-31": "5.94600"}, "Net Change In Property, Plant, And Equipment": {"2020-12-31": 41.089, "2020-09-30": -8.732, "2020-06-30": -15.564, "2020-03-31": "-16.79300", "2019-12-31": -20.318, "2019-09-30": -27.528, "2019-06-30": -23.285, "2019-03-31": "-27.56000", "2018-12-31": -62.496, "2018-09-30": -4.376, "2018-06-30": -9.498, "2018-03-31": "-10.38200", "2017-12-31": -7.549, "2017-09-30": -8.167, "2017-06-30": -15.683, "2017-03-31": "-7.46500", "2016-12-31": -10.716, "2016-09-30": -19.132, "2016-06-30": -8.741, "2016-03-31": "-6.58200", "2015-12-31": -53.34, "2015-09-30": 6.238, "2015-06-30": 15.094, "2015-03-31": "15.20400", "2014-12-31": -62.065, "2014-09-30": 18.418, "2014-06-30": 17.7, "2014-03-31": "7.88000", "2013-12-31": -50.266, "2013-09-30": 18.883, "2013-06-30": 12.104, "2013-03-31": "9.17300", "2012-12-31": -51.521, "2012-09-30": 12.975, "2012-06-30": -18.974, "2012-03-31": "11.42100", "2011-12-31": 11.38, "2011-09-30": 12.489, "2011-06-30": 1.15, "2011-03-31": "-4.31000", "2010-12-31": 3.023, "2010-09-30": -3.134, "2010-06-30": 5.74, "2010-03-31": "0.99700", "2009-12-31": -17.663, "2009-09-30": 5.884, "2009-06-30": 4.922, "2009-03-31": "-2.34200", "2008-12-31": -4.171, "2008-09-30": -6.551, "2008-06-30": -2.711, "2008-03-31": "-6.28200", "2007-12-31": -1.936, "2007-09-30": -2.167, "2007-06-30": -2.392, "2007-03-31": "-5.40400", "2006-12-31": -11.268, "2006-09-30": -8.47, "2006-06-30": -4.929, "2006-03-31": "-4.78900", "2005-12-31": -5.09, "2005-09-30": -4.585, "2005-06-30": -4.79, "2005-03-31": "-6.94800"}, "Net Change In Intangible Assets": {"2020-12-31": 0, "2020-09-30": 0, "2020-06-30": 0, "2020-03-31": "", "2019-12-31": 0, "2019-09-30": 0, "2019-06-30": 0, "2019-03-31": "", "2018-12-31": 0, "2018-09-30": 0, "2018-06-30": 0, "2018-03-31": "", "2017-12-31": 0, "2017-09-30": 0, "2017-06-30": 0, "2017-03-31": "", "2016-12-31": 0, "2016-09-30": 0, "2016-06-30": 0, "2016-03-31": "", "2015-12-31": 0, "2015-09-30": 0, "2015-06-30": 0, "2015-03-31": "", "2014-12-31": 0, "2014-09-30": 0, "2014-06-30": 0, "2014-03-31": "", "2013-12-31": 0, "2013-09-30": 0, "2013-06-30": 0, "2013-03-31": "", "2012-12-31": 0, "2012-09-30": 0, "2012-06-30": 0, "2012-03-31": "", "2011-12-31": 0, "2011-09-30": 0, "2011-06-30": 0, "2011-03-31": "", "2010-12-31": 0, "2010-09-30": 0, "2010-06-30": 0, "2010-03-31": "", "2009-12-31": 0, "2009-09-30": 0, "2009-06-30": 0, "2009-03-31": "", "2008-12-31": 0, "2008-09-30": 0, "2008-06-30": 0, "2008-03-31": "", "2007-12-31": 0, "2007-09-30": 0, "2007-06-30": 0, "2007-03-31": "", "2006-12-31": 0, "2006-09-30": 0, "2006-06-30": 0, "2006-03-31": "", "2005-12-31": 0, "2005-09-30": 0, "2005-06-30": 0, "2005-03-31": ""}, "Net Acquisitions/Divestitures": {"2020-12-31": 0, "2020-09-30": 0, "2020-06-30": 0, "2020-03-31": "", "2019-12-31": 0, "2019-09-30": 0, "2019-06-30": 0, "2019-03-31": "", "2018-12-31": 0, "2018-09-30": 0, "2018-06-30": 0, "2018-03-31": "", "2017-12-31": 0, "2017-09-30": 0, "2017-06-30": 0, "2017-03-31": "", "2016-12-31": 0, "2016-09-30": 0, "2016-06-30": 0, "2016-03-31": "", "2015-12-31": 0, "2015-09-30": 0, "2015-06-30": 0, "2015-03-31": "", "2014-12-31": 0, "2014-09-30": 0, "2014-06-30": 0, "2014-03-31": "", "2013-12-31": 0, "2013-09-30": 0, "2013-06-30": 0, "2013-03-31": "", "2012-12-31": 0, "2012-09-30": 0, "2012-06-30": 0, "2012-03-31": "", "2011-12-31": 0, "2011-09-30": 0, "2011-06-30": 0, "2011-03-31": "", "2010-12-31": 0, "2010-09-30": 0, "2010-06-30": 0, "2010-03-31": "", "2009-12-31": 0, "2009-09-30": 0, "2009-06-30": 0, "2009-03-31": "", "2008-12-31": 0, "2008-09-30": 0, "2008-06-30": 0, "2008-03-31": "", "2007-12-31": 0, "2007-09-30": 0, "2007-06-30": 0, "2007-03-31": "", "2006-12-31": 0, "2006-09-30": 0, "2006-06-30": 0, "2006-03-31": "", "2005-12-31": 0, "2005-09-30": 0, "2005-06-30": 0, "2005-03-31": ""}, "Net Change In Short-term Investments": {"2020-12-31": 0, "2020-09-30": 0, "2020-06-30": 0, "2020-03-31": "", "2019-12-31": 0, "2019-09-30": 0, "2019-06-30": 0, "2019-03-31": "", "2018-12-31": 0, "2018-09-30": 0, "2018-06-30": 0, "2018-03-31": "", "2017-12-31": 0, "2017-09-30": 0, "2017-06-30": 0, "2017-03-31": "", "2016-12-31": 0, "2016-09-30": 0, "2016-06-30": 0, "2016-03-31": "", "2015-12-31": 0, "2015-09-30": 0, "2015-06-30": 0, "2015-03-31": "", "2014-12-31": 0, "2014-09-30": 0, "2014-06-30": 0, "2014-03-31": "", "2013-12-31": 0, "2013-09-30": 0, "2013-06-30": 0, "2013-03-31": "", "2012-12-31": 0, "2012-09-30": 0, "2012-06-30": 0, "2012-03-31": "", "2011-12-31": 0, "2011-09-30": 0, "2011-06-30": 0, "2011-03-31": "", "2010-12-31": 0, "2010-09-30": 0, "2010-06-30": 0, "2010-03-31": "", "2009-12-31": 0, "2009-09-30": 0, "2009-06-30": 0, "2009-03-31": "", "2008-12-31": 0, "2008-09-30": 0, "2008-06-30": 0, "2008-03-31": "", "2007-12-31": 0, "2007-09-30": 0, "2007-06-30": 0, "2007-03-31": "", "2006-12-31": 0, "2006-09-30": 0, "2006-06-30": 0, "2006-03-31": "", "2005-12-31": 0, "2005-09-30": 0, "2005-06-30": 0, "2005-03-31": ""}, "Net Change In Long-Term Investments": {"2020-12-31": 1162.919, "2020-09-30": -153.437, "2020-06-30": -476.393, "2020-03-31": "-533.08900", "2019-12-31": 124.601, "2019-09-30": 137.932, "2019-06-30": 251.021, "2019-03-31": "139.37500", "2018-12-31": -154.079, "2018-09-30": -110.051, "2018-06-30": -21.519, "2018-03-31": "-30.16300", "2017-12-31": -659.892, "2017-09-30": 122.3429, "2017-06-30": -612.6209, "2017-03-31": "10.30600", "2016-12-31": -232.035, "2016-09-30": -52.049, "2016-06-30": -163.514, "2016-03-31": "-21.63400", "2015-12-31": 187.833, "2015-09-30": 6.294, "2015-06-30": -3.517, "2015-03-31": "80.30400", "2014-12-31": 26.025, "2014-09-30": 33.697, "2014-06-30": 46.837, "2014-03-31": "-3.84600", "2013-12-31": -3.162, "2013-09-30": -29.996, "2013-06-30": -23.628, "2013-03-31": "2.29000", "2012-12-31": 9.356, "2012-09-30": -1.114, "2012-06-30": 22.499, "2012-03-31": "6.71400", "2011-12-31": 2.769, "2011-09-30": 67.714, "2011-06-30": 31.553, "2011-03-31": "10.23900", "2010-12-31": 3.448, "2010-09-30": 131.804, "2010-06-30": 86.426, "2010-03-31": "-27.64500", "2009-12-31": 135.378, "2009-09-30": 24.557, "2009-06-30": 233.98, "2009-03-31": "59.59000", "2008-12-31": -150.545, "2008-09-30": 29.7701, "2008-06-30": 7.2309, "2008-03-31": "-189.89500", "2007-12-31": 1.588, "2007-09-30": -9.126, "2007-06-30": 1.033, "2007-03-31": "32.97500", "2006-12-31": 60.205, "2006-09-30": -7.951, "2006-06-30": -59.049, "2006-03-31": "-40.17100", "2005-12-31": -60.867, "2005-09-30": -12.768, "2005-06-30": -36.04, "2005-03-31": "-30.04000"}, "Net Change In Investments - Total": {"2020-12-31": 1162.919, "2020-09-30": -153.437, "2020-06-30": -476.393, "2020-03-31": "-533.08900", "2019-12-31": 124.601, "2019-09-30": 137.932, "2019-06-30": 251.021, "2019-03-31": "139.37500", "2018-12-31": -154.079, "2018-09-30": -110.051, "2018-06-30": -21.519, "2018-03-31": "-30.16300", "2017-12-31": -659.892, "2017-09-30": 122.3429, "2017-06-30": -612.6209, "2017-03-31": "10.30600", "2016-12-31": -232.035, "2016-09-30": -52.049, "2016-06-30": -163.514, "2016-03-31": "-21.63400", "2015-12-31": 187.833, "2015-09-30": 6.294, "2015-06-30": -3.517, "2015-03-31": "80.30400", "2014-12-31": 26.025, "2014-09-30": 33.697, "2014-06-30": 46.837, "2014-03-31": "-3.84600", "2013-12-31": -3.162, "2013-09-30": -29.996, "2013-06-30": -23.628, "2013-03-31": "2.29000", "2012-12-31": 9.356, "2012-09-30": -1.114, "2012-06-30": 22.499, "2012-03-31": "6.71400", "2011-12-31": 2.769, "2011-09-30": 67.714, "2011-06-30": 31.553, "2011-03-31": "10.23900", "2010-12-31": 3.448, "2010-09-30": 131.804, "2010-06-30": 86.426, "2010-03-31": "-27.64500", "2009-12-31": 135.378, "2009-09-30": 24.557, "2009-06-30": 233.98, "2009-03-31": "59.59000", "2008-12-31": -150.545, "2008-09-30": 29.7701, "2008-06-30": 7.2309, "2008-03-31": "-189.89500", "2007-12-31": 1.588, "2007-09-30": -9.126, "2007-06-30": 1.033, "2007-03-31": "32.97500", "2006-12-31": 60.205, "2006-09-30": -7.951, "2006-06-30": -59.049, "2006-03-31": "-40.17100", "2005-12-31": -60.867, "2005-09-30": -12.768, "2005-06-30": -36.04, "2005-03-31": "-30.04000"}, "Investing Activities - Other": {"2020-12-31": 1853.169, "2020-09-30": -60.836, "2020-06-30": -1099.788, "2020-03-31": "-692.54500", "2019-12-31": 217.599, "2019-09-30": -268.2991, "2019-06-30": -29.943, "2019-03-31": "-352.96400", "2018-12-31": -380.772, "2018-09-30": 11.64, "2018-06-30": -187.155, "2018-03-31": "-567.60800", "2017-12-31": -373.736, "2017-09-30": -530.6479, "2017-06-30": -329.8701, "2017-03-31": "-217.41500", "2016-12-31": -371.799, "2016-09-30": -0.316, "2016-06-30": -432.3, "2016-03-31": "-965.42700", "2015-12-31": -875.672, "2015-09-30": -527.53, "2015-06-30": -299.724, "2015-03-31": "114.10100", "2014-12-31": -146.268, "2014-09-30": -315.564, "2014-06-30": -221.769, "2014-03-31": "34.39700", "2013-12-31": 48.995, "2013-09-30": 94.045, "2013-06-30": -186.565, "2013-03-31": "23.84900", "2012-12-31": 68.804, "2012-09-30": 27.811, "2012-06-30": -4.092, "2012-03-31": "103.71700", "2011-12-31": 74.186, "2011-09-30": 31.283, "2011-06-30": 416.904, "2011-03-31": "137.65300", "2010-12-31": 110.83, "2010-09-30": 118.106, "2010-06-30": -12.145, "2010-03-31": "74.65000", "2009-12-31": 40.01, "2009-09-30": -1.269, "2009-06-30": -28.336, "2009-03-31": "21.46000", "2008-12-31": 28.058, "2008-09-30": -52.318, "2008-06-30": -32.308, "2008-03-31": "-113.71700", "2007-12-31": -59.961, "2007-09-30": -60.123, "2007-06-30": -36.026, "2007-03-31": "-49.02000", "2006-12-31": -81.696, "2006-09-30": -44.808, "2006-06-30": -127.181, "2006-03-31": "-54.57500", "2005-12-31": -48.196, "2005-09-30": -110.432, "2005-06-30": -42.461, "2005-03-31": "-42.44700"}, "Cash Flow From Investing Activities": {"2020-12-31": 3057.177, "2020-09-30": -223.005, "2020-06-30": -1591.745, "2020-03-31": "-1242.42700", "2019-12-31": 321.882, "2019-09-30": -157.895, "2019-06-30": 197.793, "2019-03-31": "-241.14900", "2018-12-31": -597.347, "2018-09-30": -102.787, "2018-06-30": -218.172, "2018-03-31": "-608.15300", "2017-12-31": -1041.177, "2017-09-30": -416.472, "2017-06-30": -958.174, "2017-03-31": "-214.57400", "2016-12-31": -614.55, "2016-09-30": -71.497, "2016-06-30": -604.555, "2016-03-31": "-993.64300", "2015-12-31": -741.179, "2015-09-30": -514.998, "2015-06-30": -288.147, "2015-03-31": "209.60900", "2014-12-31": -182.308, "2014-09-30": -263.449, "2014-06-30": -157.232, "2014-03-31": "38.43100", "2013-12-31": -4.433, "2013-09-30": 82.932, "2013-06-30": -198.089, "2013-03-31": "35.31200", "2012-12-31": 26.639, "2012-09-30": 39.672, "2012-06-30": -0.567, "2012-03-31": "121.85200", "2011-12-31": 88.335, "2011-09-30": 111.486, "2011-06-30": 449.607, "2011-03-31": "143.58200", "2010-12-31": 117.301, "2010-09-30": 246.776, "2010-06-30": 80.021, "2010-03-31": "48.00200", "2009-12-31": 157.725, "2009-09-30": 29.172, "2009-06-30": 210.566, "2009-03-31": "78.70800", "2008-12-31": -126.658, "2008-09-30": -29.099, "2008-06-30": -27.788, "2008-03-31": "-309.89400", "2007-12-31": -60.309, "2007-09-30": -71.416, "2007-06-30": -37.385, "2007-03-31": "-21.44900", "2006-12-31": -32.759, "2006-09-30": -61.229, "2006-06-30": -191.159, "2006-03-31": "-99.53500", "2005-12-31": -114.153, "2005-09-30": -127.785, "2005-06-30": -83.291, "2005-03-31": "-79.43500"}, "Net Long-Term Debt": {"2020-12-31": -399.562, "2020-09-30": -152.747, "2020-06-30": -147.657, "2020-03-31": "699.96600", "2019-12-31": 49.966, "2019-09-30": 99.966, "2019-06-30": 199.966, "2019-03-31": "-95.20300", "2018-12-31": 94.964, "2018-09-30": -0.037, "2018-06-30": -0.176, "2018-03-31": "-20.37800", "2017-12-31": -20.084, "2017-09-30": -0.082, "2017-06-30": 0.195, "2017-03-31": "0.38800", "2016-12-31": -0.076, "2016-09-30": -223.643, "2016-06-30": 222.436, "2016-03-31": "-162.60800", "2015-12-31": 36.306, "2015-09-30": -0.071, "2015-06-30": 0.614, "2015-03-31": "-32.01800", "2014-12-31": -169.821, "2014-09-30": 71.74, "2014-06-30": -0.198, "2014-03-31": "-0.26600", "2013-12-31": -0.01, "2013-09-30": -110.784, "2013-06-30": 110.933, "2013-03-31": "-0.00700", "2012-12-31": -0.007, "2012-09-30": -58.932, "2012-06-30": 58.917, "2012-03-31": "-21.06100", "2011-12-31": 12.494, "2011-09-30": -3.329, "2011-06-30": -77.995, "2011-03-31": "-4.28100", "2010-12-31": -12.427, "2010-09-30": -16.678, "2010-06-30": -60.681, "2010-03-31": "-24.16200", "2009-12-31": -19.126, "2009-09-30": 18.417, "2009-06-30": -38.716, "2009-03-31": "-42.96900", "2008-12-31": -1.577, "2008-09-30": 12.87, "2008-06-30": -78.935, "2008-03-31": "156.05600", "2007-12-31": 26.153, "2007-09-30": 189.573, "2007-06-30": 56.549, "2007-03-31": "-130.40300", "2006-12-31": -24.335, "2006-09-30": -102.413, "2006-06-30": 98.836, "2006-03-31": "-61.67400", "2005-12-31": -2.702, "2005-09-30": 88.536, "2005-06-30": 21.577, "2005-03-31": "53.38900"}, "Net Current Debt": {"2020-12-31": 6.255, "2020-09-30": -4.283, "2020-06-30": 5.456, "2020-03-31": "-7.42800", "2019-12-31": -0.907, "2019-09-30": 1.247, "2019-06-30": -14.608, "2019-03-31": "4.95300", "2018-12-31": -31.327, "2018-09-30": -127.96, "2018-06-30": 30.776, "2018-03-31": "79.74400", "2017-12-31": -0.834, "2017-09-30": 1.663, "2017-06-30": -12.107, "2017-03-31": "15.49900", "2016-12-31": -5.53, "2016-09-30": 16.643, "2016-06-30": -11.886, "2016-03-31": "0.08300", "2015-12-31": -14.24, "2015-09-30": 9.491, "2015-06-30": -6.948, "2015-03-31": "11.38200", "2014-12-31": -8.364, "2014-09-30": 17.943, "2014-06-30": -11.656, "2014-03-31": "-1.96300", "2013-12-31": 2.85, "2013-09-30": 19.144, "2013-06-30": -6.01, "2013-03-31": "1.16400", "2012-12-31": -2.961, "2012-09-30": 0.911, "2012-06-30": -12.086, "2012-03-31": "10.87600", "2011-12-31": -13.523, "2011-09-30": 6.93, "2011-06-30": -5.219, "2011-03-31": "0.55000", "2010-12-31": -12.364, "2010-09-30": 4.073, "2010-06-30": -0.402, "2010-03-31": "7.81000", "2009-12-31": -8.001, "2009-09-30": -3.797, "2009-06-30": 1.503, "2009-03-31": "7.70000", "2008-12-31": 0.535, "2008-09-30": 2.426, "2008-06-30": -1.955, "2008-03-31": "-0.22800", "2007-12-31": 3.43, "2007-09-30": -2.408, "2007-06-30": -4.964, "2007-03-31": "9.02700", "2006-12-31": -9.991, "2006-09-30": -4.238, "2006-06-30": 12.023, "2006-03-31": "7.53600", "2005-12-31": 10.249, "2005-09-30": 1.116, "2005-06-30": -6.313, "2005-03-31": "-2.60400"}, "Debt Issuance/Retirement Net - Total": {"2020-12-31": -393.307, "2020-09-30": -157.03, "2020-06-30": -142.201, "2020-03-31": "692.53800", "2019-12-31": 49.059, "2019-09-30": 101.213, "2019-06-30": 185.358, "2019-03-31": "-90.25000", "2018-12-31": 63.637, "2018-09-30": -127.997, "2018-06-30": 30.6, "2018-03-31": "59.36600", "2017-12-31": -20.918, "2017-09-30": 1.581, "2017-06-30": -11.912, "2017-03-31": "15.88700", "2016-12-31": -5.606, "2016-09-30": -207, "2016-06-30": 210.55, "2016-03-31": "-162.52500", "2015-12-31": 22.066, "2015-09-30": 9.42, "2015-06-30": -6.334, "2015-03-31": "-20.63600", "2014-12-31": -178.185, "2014-09-30": 89.683, "2014-06-30": -11.854, "2014-03-31": "-2.22900", "2013-12-31": 2.84, "2013-09-30": -91.64, "2013-06-30": 104.923, "2013-03-31": "1.15700", "2012-12-31": -2.968, "2012-09-30": -58.021, "2012-06-30": 46.831, "2012-03-31": "-10.18500", "2011-12-31": -1.029, "2011-09-30": 3.601, "2011-06-30": -83.214, "2011-03-31": "-3.73100", "2010-12-31": -24.791, "2010-09-30": -12.605, "2010-06-30": -61.083, "2010-03-31": "-16.35200", "2009-12-31": -27.127, "2009-09-30": 14.62, "2009-06-30": -37.213, "2009-03-31": "-35.26900", "2008-12-31": -1.042, "2008-09-30": 15.296, "2008-06-30": -80.89, "2008-03-31": "155.82800", "2007-12-31": 29.583, "2007-09-30": 187.165, "2007-06-30": 51.585, "2007-03-31": "-121.37600", "2006-12-31": -34.326, "2006-09-30": -106.651, "2006-06-30": 110.859, "2006-03-31": "-54.13800", "2005-12-31": 7.547, "2005-09-30": 89.652, "2005-06-30": 15.264, "2005-03-31": "50.78500"}, "Net Common Equity Issued/Repurchased": {"2020-12-31": 1.808, "2020-09-30": 0, "2020-06-30": 0, "2020-03-31": "-1.80800", "2019-12-31": 0.266, "2019-09-30": 0.214, "2019-06-30": 0.49, "2019-03-31": "-1.26000", "2018-12-31": 0.062, "2018-09-30": 0.092, "2018-06-30": 0.222, "2018-03-31": "1.59500", "2017-12-31": 4.068, "2017-09-30": 1.415, "2017-06-30": 299.918, "2017-03-31": "1.17100", "2016-12-31": 1.603, "2016-09-30": 0.499, "2016-06-30": 0.434, "2016-03-31": "0.32200", "2015-12-31": 107.002, "2015-09-30": 0.289, "2015-06-30": 0.45, "2015-03-31": "0.54700", "2014-12-31": 0.311, "2014-09-30": 0.495, "2014-06-30": 0.067, "2014-03-31": "1.50500", "2013-12-31": 0.287, "2013-09-30": 0.178, "2013-06-30": 1.071, "2013-03-31": "1.36800", "2012-12-31": 0.516, "2012-09-30": 1.062, "2012-06-30": 0.367, "2012-03-31": "1.69300", "2011-12-31": 1.365, "2011-09-30": 0.618, "2011-06-30": 0.66, "2011-03-31": "1.38900", "2010-12-31": 0.861, "2010-09-30": 0.629, "2010-06-30": 0.914, "2010-03-31": "0.42100", "2009-12-31": -2.637, "2009-09-30": 0.185, "2009-06-30": 0.033, "2009-03-31": "0.02700", "2008-12-31": 0.177, "2008-09-30": 0.108, "2008-06-30": 0.089, "2008-03-31": "0.03400", "2007-12-31": 0.176, "2007-09-30": 0.19, "2007-06-30": 0.071, "2007-03-31": "0.10900", "2006-12-31": 0.232, "2006-09-30": 0.184, "2006-06-30": 0.022, "2006-03-31": "0.38600", "2005-12-31": 0.144, "2005-09-30": 0.077, "2005-06-30": 0.753, "2005-03-31": ""}, "Net Total Equity Issued/Repurchased": {"2020-12-31": 1.808, "2020-09-30": 0, "2020-06-30": 0, "2020-03-31": "-1.80800", "2019-12-31": 0.266, "2019-09-30": 0.214, "2019-06-30": 0.49, "2019-03-31": "-1.26000", "2018-12-31": 0.062, "2018-09-30": 0.092, "2018-06-30": 0.222, "2018-03-31": "1.59500", "2017-12-31": 4.068, "2017-09-30": 1.415, "2017-06-30": 299.918, "2017-03-31": "1.17100", "2016-12-31": 1.603, "2016-09-30": 0.499, "2016-06-30": 0.434, "2016-03-31": "0.32200", "2015-12-31": 107.002, "2015-09-30": 0.289, "2015-06-30": 0.45, "2015-03-31": "0.54700", "2014-12-31": 0.311, "2014-09-30": 0.495, "2014-06-30": 0.067, "2014-03-31": "1.50500", "2013-12-31": 0.287, "2013-09-30": 0.178, "2013-06-30": 1.071, "2013-03-31": "1.36800", "2012-12-31": 0.516, "2012-09-30": 1.062, "2012-06-30": 0.367, "2012-03-31": "1.69300", "2011-12-31": 1.365, "2011-09-30": 0.618, "2011-06-30": 0.66, "2011-03-31": "1.38900", "2010-12-31": 0.861, "2010-09-30": 0.629, "2010-06-30": 0.914, "2010-03-31": "0.42100", "2009-12-31": -77.637, "2009-09-30": 0.185, "2009-06-30": 0.033, "2009-03-31": "0.02700", "2008-12-31": 75.177, "2008-09-30": 0.108, "2008-06-30": 0.089, "2008-03-31": "0.03400", "2007-12-31": 0.176, "2007-09-30": 0.19, "2007-06-30": 0.071, "2007-03-31": "0.10900", "2006-12-31": 0.232, "2006-09-30": 0.184, "2006-06-30": 0.022, "2006-03-31": "0.38600", "2005-12-31": 0.144, "2005-09-30": 0.077, "2005-06-30": 0.753, "2005-03-31": ""}, "Total Common And Preferred Stock Dividends Paid": {"2020-12-31": 103.69, "2020-09-30": -35.248, "2020-06-30": -34.915, "2020-03-31": "-33.52700", "2019-12-31": -32.237, "2019-09-30": -30.963, "2019-06-30": -29.643, "2019-03-31": "-28.28100", "2018-12-31": -27.008, "2018-09-30": -25.723, "2018-06-30": -25.079, "2018-03-31": "-24.40800", "2017-12-31": -23.713, "2017-09-30": -23.084, "2017-06-30": -21.276, "2017-03-31": "-20.65900", "2016-12-31": -19.988, "2016-09-30": -14.521, "2016-06-30": -14.061, "2016-03-31": "-13.60300", "2015-12-31": -12.799, "2015-09-30": -12.154, "2015-06-30": -11.713, "2015-03-31": "-10.41300", "2014-12-31": -9.964, "2014-09-30": -9.56, "2014-06-30": -8.498, "2014-03-31": "-8.10800", "2013-12-31": -7.708, "2013-09-30": -6.732, "2013-06-30": -6.013, "2013-03-31": "-5.29100", "2012-12-31": -4.853, "2012-09-30": -4.499, "2012-06-30": -4.149, "2012-03-31": "-3.79200", "2011-12-31": -3.428, "2011-09-30": -3.255, "2011-06-30": -3.078, "2011-03-31": "-2.90000", "2010-12-31": -2.719, "2010-09-30": -2.544, "2010-06-30": -2.54, "2010-03-31": "-2.36700", "2009-12-31": -3.022, "2009-09-30": -2.85, "2009-06-30": -3.411, "2009-03-31": "-2.84900", "2008-12-31": -2.191, "2008-09-30": -2.189, "2008-06-30": -2.019, "2008-03-31": "-2.01900", "2007-12-31": -2.018, "2007-09-30": -1.845, "2007-06-30": -1.677, "2007-03-31": "-1.67600", "2006-12-31": -1.674, "2006-09-30": -1.671, "2006-06-30": -1.672, "2006-03-31": "-1.66700", "2005-12-31": -1.665, "2005-09-30": -1.665, "2005-06-30": -1.496, "2005-03-31": "-1.32500"}, "Financial Activities - Other": {"2020-12-31": -2813.146, "2020-09-30": 563.807, "2020-06-30": 1914.408, "2020-03-31": "334.93100", "2019-12-31": 34.181, "2019-09-30": 253.863, "2019-06-30": -290.653, "2019-03-31": "538.45300", "2018-12-31": 115.5, "2018-09-30": -74.17, "2018-06-30": 63.414, "2018-03-31": "641.32600", "2017-12-31": 368.989, "2017-09-30": 581.916, "2017-06-30": 528.013, "2017-03-31": "138.54900", "2016-12-31": 453.691, "2016-09-30": 363.527, "2016-06-30": 568.46, "2016-03-31": "1655.90700", "2015-12-31": 370.909, "2015-09-30": 230.628, "2015-06-30": 371.099, "2015-03-31": "35.96100", "2014-12-31": 359.71, "2014-09-30": 156.084, "2014-06-30": 97.982, "2014-03-31": "-55.41900", "2013-12-31": 64.056, "2013-09-30": 69.523, "2013-06-30": -5.769, "2013-03-31": "-109.28300", "2012-12-31": 66.11, "2012-09-30": 83.243, "2012-06-30": -117.938, "2012-03-31": "-16.27500", "2011-12-31": -102.1689, "2011-09-30": -123.8671, "2011-06-30": -329.105, "2011-03-31": "-155.55700", "2010-12-31": -109.532, "2010-09-30": -239.509, "2010-06-30": -93.797, "2010-03-31": "2.74900", "2009-12-31": -16.161, "2009-09-30": -87.665, "2009-06-30": -157.32, "2009-03-31": "-51.16300", "2008-12-31": 39.935, "2008-09-30": -5.822, "2008-06-30": 106.549, "2008-03-31": "143.97400", "2007-12-31": 32.432, "2007-09-30": -130.817, "2007-06-30": -14.218, "2007-03-31": "124.99200", "2006-12-31": 37.125, "2006-09-30": 189.639, "2006-06-30": 81.779, "2006-03-31": "145.78700", "2005-12-31": 100.427, "2005-09-30": 24.92, "2005-06-30": 72.474, "2005-03-31": "15.75600"}, "Cash Flow From Financial Activities": {"2020-12-31": -3100.955, "2020-09-30": 371.529, "2020-06-30": 1737.292, "2020-03-31": "992.13400", "2019-12-31": 51.269, "2019-09-30": 324.327, "2019-06-30": -134.448, "2019-03-31": "418.66200", "2018-12-31": 152.191, "2018-09-30": -227.798, "2018-06-30": 69.157, "2018-03-31": "677.87900", "2017-12-31": 328.426, "2017-09-30": 561.828, "2017-06-30": 794.743, "2017-03-31": "134.94800", "2016-12-31": 429.7, "2016-09-30": 142.505, "2016-06-30": 765.383, "2016-03-31": "1480.10100", "2015-12-31": 487.178, "2015-09-30": 228.183, "2015-06-30": 353.502, "2015-03-31": "5.45900", "2014-12-31": 171.872, "2014-09-30": 236.702, "2014-06-30": 77.697, "2014-03-31": "-64.25100", "2013-12-31": 59.475, "2013-09-30": -28.671, "2013-06-30": 94.212, "2013-03-31": "-112.04900", "2012-12-31": 58.805, "2012-09-30": 21.785, "2012-06-30": -74.889, "2012-03-31": "-28.55900", "2011-12-31": -105.261, "2011-09-30": -122.903, "2011-06-30": -414.737, "2011-03-31": "-160.79900", "2010-12-31": -136.181, "2010-09-30": -254.029, "2010-06-30": -156.506, "2010-03-31": "-15.54900", "2009-12-31": -123.947, "2009-09-30": -75.71, "2009-06-30": -197.911, "2009-03-31": "-89.25400", "2008-12-31": 111.879, "2008-09-30": 7.393, "2008-06-30": 23.729, "2008-03-31": "297.81700", "2007-12-31": 60.173, "2007-09-30": 54.693, "2007-06-30": 35.761, "2007-03-31": "2.04900", "2006-12-31": 1.357, "2006-09-30": 81.501, "2006-06-30": 190.988, "2006-03-31": "90.36800", "2005-12-31": 106.453, "2005-09-30": 112.984, "2005-06-30": 86.995, "2005-03-31": "65.21600"}, "Net Cash Flow": {"2020-12-31": -438.338, "2020-09-30": 288.025, "2020-06-30": 298.341, "2020-03-31": "-148.02800", "2019-12-31": 465.811, "2019-09-30": 291.38, "2019-06-30": 130.868, "2019-03-31": "317.02600", "2018-12-31": -97.094, "2018-09-30": -197.586, "2018-06-30": -47.521, "2018-03-31": "192.48500", "2017-12-31": -616.924, "2017-09-30": 233.259, "2017-06-30": -104.712, "2017-03-31": "62.40500", "2016-12-31": -103.162, "2016-09-30": 162.996, "2016-06-30": 183.765, "2016-03-31": "531.77300", "2015-12-31": -190.636, "2015-09-30": -233.266, "2015-06-30": 86.108, "2015-03-31": "278.57900", "2014-12-31": 38.119, "2014-09-30": 1.396, "2014-06-30": -77.663, "2014-03-31": "-7.62400", "2013-12-31": 71.517, "2013-09-30": 63.566, "2013-06-30": -101.683, "2013-03-31": "-45.39200", "2012-12-31": 81.325, "2012-09-30": 60.285, "2012-06-30": -77.405, "2012-03-31": "84.83500", "2011-12-31": -10.57, "2011-09-30": -11.817, "2011-06-30": 31.771, "2011-03-31": "0.51400", "2010-12-31": -5.333, "2010-09-30": -5.801, "2010-06-30": -69.637, "2010-03-31": "51.50600", "2009-12-31": 41.267, "2009-09-30": -28.522, "2009-06-30": 16.086, "2009-03-31": "8.48100", "2008-12-31": -5.601, "2008-09-30": -6.445, "2008-06-30": 5.179, "2008-03-31": "0.32800", "2007-12-31": 11.987, "2007-09-30": -7.423, "2007-06-30": 5.487, "2007-03-31": "-5.26400", "2006-12-31": -26.57, "2006-09-30": 27.809, "2006-06-30": 1.49, "2006-03-31": "-0.58100", "2005-12-31": 2.166, "2005-09-30": -6.784, "2005-06-30": 11.929, "2005-03-31": "-8.27300"}, "Stock-Based Compensation": {"2020-12-31": -11.852, "2020-09-30": 3.997, "2020-06-30": 3.876, "2020-03-31": "3.97900", "2019-12-31": 3.585, "2019-09-30": 3.98, "2019-06-30": 3.885, "2019-03-31": "2.71900", "2018-12-31": 3.502, "2018-09-30": 3.482, "2018-06-30": 3.409, "2018-03-31": "3.74200", "2017-12-31": 3.147, "2017-09-30": 0.913, "2017-06-30": 4.557, "2017-03-31": "3.71200", "2016-12-31": 2.801, "2016-09-30": 2.827, "2016-06-30": 3.106, "2016-03-31": "2.02000", "2015-12-31": 1.988, "2015-09-30": 1.994, "2015-06-30": 2.323, "2015-03-31": "1.89700", "2014-12-31": 1.273, "2014-09-30": 1.352, "2014-06-30": 1.679, "2014-03-31": "1.37100", "2013-12-31": 1.249, "2013-09-30": 0.992, "2013-06-30": 1.254, "2013-03-31": "0.99200", "2012-12-31": 0.842, "2012-09-30": 0.553, "2012-06-30": 0.659, "2012-03-31": "0.55300", "2011-12-31": 0.505, "2011-09-30": 0.293, "2011-06-30": 0.43, "2011-03-31": "0.30000", "2010-12-31": 0.235, "2010-09-30": 0.161, "2010-06-30": 0.272, "2010-03-31": "0.16500", "2009-12-31": 0.162, "2009-09-30": 0.141, "2009-06-30": 0.22, "2009-03-31": "0.18900", "2008-12-31": 0.211, "2008-09-30": 0.207, "2008-06-30": 0.246, "2008-03-31": "0.19800", "2007-12-31": 0.148, "2007-09-30": 0.206, "2007-06-30": 0.309, "2007-03-31": "0.20600", "2006-12-31": 0.194, "2006-09-30": 0.184, "2006-06-30": 0.299, "2006-03-31": "0.18800", "2005-12-31": 0.153, "2005-09-30": 0.113, "2005-06-30": 0.236, "2005-03-31": "0.11200"}, "Common Stock Dividends Paid": {"2020-12-31": 103.69, "2020-09-30": -35.248, "2020-06-30": -34.915, "2020-03-31": "-33.52700", "2019-12-31": -32.237, "2019-09-30": -30.963, "2019-06-30": -29.643, "2019-03-31": "-28.28100", "2018-12-31": -27.008, "2018-09-30": -25.723, "2018-06-30": -25.079, "2018-03-31": "-24.40800", "2017-12-31": -23.713, "2017-09-30": -23.084, "2017-06-30": -21.276, "2017-03-31": "-20.65900", "2016-12-31": -19.988, "2016-09-30": -14.521, "2016-06-30": -14.061, "2016-03-31": "-13.60300", "2015-12-31": -12.799, "2015-09-30": -12.154, "2015-06-30": -11.713, "2015-03-31": "-10.41300", "2014-12-31": -9.964, "2014-09-30": -9.56, "2014-06-30": -8.498, "2014-03-31": "-8.10800", "2013-12-31": -7.708, "2013-09-30": -6.732, "2013-06-30": -6.013, "2013-03-31": "-5.29100", "2012-12-31": -4.853, "2012-09-30": -4.499, "2012-06-30": -4.149, "2012-03-31": "-3.79200", "2011-12-31": -3.428, "2011-09-30": -3.255, "2011-06-30": -3.078, "2011-03-31": "-2.90000", "2010-12-31": -2.719, "2010-09-30": -2.544, "2010-06-30": -2.54, "2010-03-31": "-2.36700", "2009-12-31": -2.198, "2009-09-30": -2.195, "2009-06-30": -2.192, "2009-03-31": "-2.19300", "2008-12-31": -2.191, "2008-09-30": -2.189, "2008-06-30": -2.019, "2008-03-31": "-2.01900", "2007-12-31": -2.018, "2007-09-30": -1.845, "2007-06-30": -1.677, "2007-03-31": "-1.67600", "2006-12-31": -1.674, "2006-09-30": -1.671, "2006-06-30": -1.672, "2006-03-31": "-1.66700", "2005-12-31": -1.665, "2005-09-30": -1.665, "2005-06-30": -1.496, "2005-03-31": "-1.32500"}}, "financial ratios": {"Current Ratio": {"2019-12-31": "", "2018-12-31": "", "2017-12-31": "", "2016-12-31": "", "2015-12-31": "", "2014-12-31": "", "2013-12-31": "", "2012-12-31": "", "2011-12-31": "", "2010-12-31": "", "2009-12-31": "", "2008-12-31": "", "2007-12-31": "", "2006-12-31": "", "2005-12-31": ""}, "Long-term Debt / Capital": {"2019-12-31": "0.14330", "2018-12-31": "0.10430", "2017-12-31": "0.09510", "2016-12-31": "0.12040", "2015-12-31": "0.18000", "2014-12-31": "0.21910", "2013-12-31": "0.35350", "2012-12-31": "0.40350", "2011-12-31": "0.46150", "2010-12-31": "0.51740", "2009-12-31": "0.59930", "2008-12-31": "0.59930", "2007-12-31": "0.67780", "2006-12-31": "0.59780", "2005-12-31": "0.70040"}, "Debt/Equity Ratio": {"2019-12-31": "0.17000", "2018-12-31": "0.12190", "2017-12-31": "0.12510", "2016-12-31": "0.16020", "2015-12-31": "0.26440", "2014-12-31": "0.35250", "2013-12-31": "0.63070", "2012-12-31": "0.73420", "2011-12-31": "0.93370", "2010-12-31": "1.20580", "2009-12-31": "1.65810", "2008-12-31": "1.63850", "2007-12-31": "2.34540", "2006-12-31": "1.72140", "2005-12-31": "2.57600"}, "Gross Margin": {"2019-12-31": "", "2018-12-31": "", "2017-12-31": "", "2016-12-31": "", "2015-12-31": "", "2014-12-31": "", "2013-12-31": "", "2012-12-31": "", "2011-12-31": "", "2010-12-31": "", "2009-12-31": "", "2008-12-31": "", "2007-12-31": "", "2006-12-31": "", "2005-12-31": ""}, "Operating Margin": {"2019-12-31": "", "2018-12-31": "", "2017-12-31": "", "2016-12-31": "", "2015-12-31": "", "2014-12-31": "", "2013-12-31": "", "2012-12-31": "", "2011-12-31": "", "2010-12-31": "", "2009-12-31": "", "2008-12-31": "", "2007-12-31": "", "2006-12-31": "", "2005-12-31": ""}, "EBIT Margin": {"2019-12-31": "", "2018-12-31": "", "2017-12-31": "", "2016-12-31": "", "2015-12-31": "", "2014-12-31": "", "2013-12-31": "", "2012-12-31": "", "2011-12-31": "", "2010-12-31": "", "2009-12-31": "", "2008-12-31": "", "2007-12-31": "", "2006-12-31": "", "2005-12-31": ""}, "EBITDA Margin": {"2019-12-31": "", "2018-12-31": "", "2017-12-31": "", "2016-12-31": "", "2015-12-31": "", "2014-12-31": "", "2013-12-31": "", "2012-12-31": "", "2011-12-31": "", "2010-12-31": "", "2009-12-31": "", "2008-12-31": "", "2007-12-31": "", "2006-12-31": "", "2005-12-31": ""}, "Pre-Tax Profit Margin": {"2019-12-31": "58.45220", "2018-12-31": "59.26960", "2017-12-31": "63.57060", "2016-12-31": "62.39530", "2015-12-31": "59.17020", "2014-12-31": "50.95020", "2013-12-31": "51.03790", "2012-12-31": "49.23200", "2011-12-31": "55.28750", "2010-12-31": "50.87630", "2009-12-31": "44.90660", "2008-12-31": "45.05530", "2007-12-31": "48.90680", "2006-12-31": "49.30110", "2005-12-31": "53.13820"}, "Net Profit Margin": {"2019-12-31": "44.11400", "2018-12-31": "44.61930", "2017-12-31": "46.19940", "2016-12-31": "39.69630", "2015-12-31": "38.96370", "2014-12-31": "35.04260", "2013-12-31": "35.43420", "2012-12-31": "34.17180", "2011-12-31": "36.97280", "2010-12-31": "35.96430", "2009-12-31": "29.56150", "2008-12-31": "34.81340", "2007-12-31": "33.61390", "2006-12-31": "34.63680", "2005-12-31": "36.81720"}, "Asset Turnover": {"2019-12-31": "0.04100", "2018-12-31": "0.04180", "2017-12-31": "0.04290", "2016-12-31": "0.03600", "2015-12-31": "0.04730", "2014-12-31": "0.05000", "2013-12-31": "0.05370", "2012-12-31": "0.05580", "2011-12-31": "0.07130", "2010-12-31": "0.05440", "2009-12-31": "0.04500", "2008-12-31": "0.03060", "2007-12-31": "0.03480", "2006-12-31": "0.03620", "2005-12-31": "0.04010"}, "Inventory Turnover Ratio": {"2019-12-31": "", "2018-12-31": "", "2017-12-31": "", "2016-12-31": "", "2015-12-31": "", "2014-12-31": "", "2013-12-31": "", "2012-12-31": "", "2011-12-31": "", "2010-12-31": "", "2009-12-31": "", "2008-12-31": "", "2007-12-31": "", "2006-12-31": "", "2005-12-31": ""}, "Receiveable Turnover": {"2019-12-31": "", "2018-12-31": "", "2017-12-31": "", "2016-12-31": "", "2015-12-31": "", "2014-12-31": "", "2013-12-31": "", "2012-12-31": "", "2011-12-31": "", "2010-12-31": "", "2009-12-31": "", "2008-12-31": "", "2007-12-31": "", "2006-12-31": "", "2005-12-31": ""}, "Days Sales In Receivables": {"2019-12-31": "", "2018-12-31": "", "2017-12-31": "", "2016-12-31": "", "2015-12-31": "", "2014-12-31": "", "2013-12-31": "", "2012-12-31": "", "2011-12-31": "", "2010-12-31": "", "2009-12-31": "", "2008-12-31": "", "2007-12-31": "", "2006-12-31": "", "2005-12-31": ""}, "ROE - Return On Equity": {"2019-12-31": "10.25430", "2018-12-31": "11.05330", "2017-12-31": "12.18140", "2016-12-31": "9.66340", "2015-12-31": "12.42100", "2014-12-31": "13.00530", "2013-12-31": "14.42860", "2012-12-31": "15.07790", "2011-12-31": "23.67040", "2010-12-31": "19.74360", "2009-12-31": "15.81200", "2008-12-31": "13.56550", "2007-12-31": "16.63480", "2006-12-31": "18.14840", "2005-12-31": "21.07660"}, "Return On Tangible Equity": {"2019-12-31": "12.27780", "2018-12-31": "13.55520", "2017-12-31": "15.31670", "2016-12-31": "13.02270", "2015-12-31": "13.85940", "2014-12-31": "14.70830", "2013-12-31": "14.87920", "2012-12-31": "15.43510", "2011-12-31": "24.36540", "2010-12-31": "20.23900", "2009-12-31": "16.14100", "2008-12-31": "10.77530", "2007-12-31": "17.16340", "2006-12-31": "18.80970", "2005-12-31": "22.02010"}, "ROA - Return On Assets": {"2019-12-31": "1.80810", "2018-12-31": "1.86300", "2017-12-31": "1.98320", "2016-12-31": "1.42970", "2015-12-31": "1.84540", "2014-12-31": "1.75260", "2013-12-31": "1.90490", "2012-12-31": "1.90740", "2011-12-31": "2.63700", "2010-12-31": "1.95290", "2009-12-31": "1.55490", "2008-12-31": "1.07290", "2007-12-31": "1.17100", "2006-12-31": "1.25300", "2005-12-31": "1.47500"}, "ROI - Return On Investment": {"2019-12-31": "8.78440", "2018-12-31": "9.90060", "2017-12-31": "11.02290", "2016-12-31": "8.49970", "2015-12-31": "10.18500", "2014-12-31": "10.15620", "2013-12-31": "9.32820", "2012-12-31": "8.99420", "2011-12-31": "12.74620", "2010-12-31": "9.52870", "2009-12-31": "6.33600", "2008-12-31": "4.24340", "2007-12-31": "5.35930", "2006-12-31": "7.29840", "2005-12-31": "6.31550"}, "Book Value Per Share": {"2019-12-31": "32.20970", "2018-12-31": "29.33940", "2017-12-31": "27.00010", "2016-12-31": "23.04710", "2015-12-31": "16.22250", "2014-12-31": "11.41920", "2013-12-31": "8.58110", "2012-12-31": "7.24520", "2011-12-31": "6.20900", "2010-12-31": "4.74640", "2009-12-31": "4.02940", "2008-12-31": "4.85650", "2007-12-31": "2.83670", "2006-12-31": "2.60690", "2005-12-31": "2.24130"}, "Operating Cash Flow Per Share": {"2019-12-31": -2.1869, "2018-12-31": 2.4225, "2017-12-31": 0.7454, "2016-12-31": 0.0075, "2015-12-31": 1.0636, "2014-12-31": 0.4203, "2013-12-31": 1.0443, "2012-12-31": -0.5235, "2011-12-31": -0.3014, "2010-12-31": -0.1096, "2009-12-31": 0.0268, "2008-12-31": 0.049, "2007-12-31": 0.2972, "2006-12-31": -0.1415, "2005-12-31": 0.478}, "Free Cash Flow Per Share": {"2019-12-31": -2.278, "2018-12-31": 2.0576, "2017-12-31": 0.8679, "2016-12-31": -0.2316, "2015-12-31": 1.1026, "2014-12-31": 0.3285, "2013-12-31": 1.5653, "2012-12-31": -1.4844, "2011-12-31": -0.0983, "2010-12-31": 0.1237, "2009-12-31": 0.1828, "2008-12-31": -0.0664, "2007-12-31": 0.5588, "2006-12-31": -0.2605, "2005-12-31": 0.1587}}, "financial ratios, quarterly": {"Current Ratio": {"2020-09-30": "", "2020-06-30": "", "2020-03-31": "", "2019-12-31": "", "2019-09-30": "", "2019-06-30": "", "2019-03-31": "", "2018-12-31": "", "2018-09-30": "", "2018-06-30": "", "2018-03-31": "", "2017-12-31": "", "2017-09-30": "", "2017-06-30": "", "2017-03-31": "", "2016-12-31": "", "2016-09-30": "", "2016-06-30": "", "2016-03-31": "", "2015-12-31": "", "2015-09-30": "", "2015-06-30": "", "2015-03-31": "", "2014-12-31": "", "2014-09-30": "", "2014-06-30": "", "2014-03-31": "", "2013-12-31": "", "2013-09-30": "", "2013-06-30": "", "2013-03-31": "", "2012-12-31": "", "2012-09-30": "", "2012-06-30": "", "2012-03-31": "", "2011-12-31": "", "2011-09-30": "", "2011-06-30": "", "2011-03-31": "", "2010-12-31": "", "2010-09-30": "", "2010-06-30": "", "2010-03-31": "", "2009-12-31": "", "2009-09-30": "", "2009-06-30": "", "2009-03-31": "", "2008-12-31": "", "2008-09-30": "", "2008-06-30": "", "2008-03-31": "", "2007-12-31": "", "2007-09-30": "", "2007-06-30": "", "2007-03-31": "", "2006-12-31": "", "2006-09-30": "", "2006-06-30": "", "2006-03-31": "", "2005-12-31": "", "2005-09-30": "", "2005-06-30": "", "2005-03-31": ""}, "Long-term Debt / Capital": {"2020-09-30": "0.20720", "2020-06-30": "0.23270", "2020-03-31": "0.25450", "2019-12-31": "0.14330", "2019-09-30": "0.13640", "2019-06-30": "0.11990", "2019-03-31": "0.08140", "2018-12-31": "0.10430", "2018-09-30": "0.08600", "2018-06-30": "0.08680", "2018-03-31": "0.08880", "2017-12-31": "0.09510", "2017-09-30": "0.10310", "2017-06-30": "0.10520", "2017-03-31": "0.11760", "2016-12-31": "0.12040", "2016-09-30": "0.12170", "2016-06-30": "0.19680", "2016-03-31": "0.09560", "2015-12-31": "0.18000", "2015-09-30": "0.17490", "2015-06-30": "0.18720", "2015-03-31": "0.19060", "2014-12-31": "0.21910", "2014-09-30": "0.32210", "2014-06-30": "0.28830", "2014-03-31": "0.34360", "2013-12-31": "0.35350", "2013-09-30": "0.35960", "2013-06-30": "0.46070", "2013-03-31": "0.39610", "2012-12-31": "0.40350", "2012-09-30": "0.41800", "2012-06-30": "0.46640", "2012-03-31": "0.43660", "2011-12-31": "0.46150", "2011-09-30": "0.46340", "2011-06-30": "0.47890", "2011-03-31": "0.50680", "2010-12-31": "0.51740", "2010-09-30": "0.52940", "2010-06-30": "0.53950", "2010-03-31": "0.58670", "2009-12-31": "0.59930", "2009-09-30": "0.54970", "2009-06-30": "0.54830", "2009-03-31": "0.56430", "2008-12-31": "0.59930", "2008-09-30": "0.69160", "2008-06-30": "0.69070", "2008-03-31": "0.72040", "2007-12-31": "0.67780", "2007-09-30": "0.66540", "2007-06-30": "0.51050", "2007-03-31": "0.41480", "2006-12-31": "0.59780", "2006-09-30": "0.63020", "2006-06-30": "0.72090", "2006-03-31": "0.65270", "2005-12-31": "0.70040", "2005-09-30": "0.71090", "2005-06-30": "0.65330", "2005-03-31": "0.65560"}, "Debt/Equity Ratio": {"2020-09-30": "0.26260", "2020-06-30": "0.30560", "2020-03-31": "0.34240", "2019-12-31": "0.17000", "2019-09-30": "0.16100", "2019-06-30": "0.13900", "2019-03-31": "0.09520", "2018-12-31": "0.12190", "2018-09-30": "0.10830", "2018-06-30": "0.14480", "2018-03-31": "0.13970", "2017-12-31": "0.12510", "2017-09-30": "0.13600", "2017-06-30": "0.13860", "2017-03-31": "0.16130", "2016-12-31": "0.16020", "2016-09-30": "0.16420", "2016-06-30": "0.27970", "2016-03-31": "0.14930", "2015-12-31": "0.26440", "2015-09-30": "0.27280", "2015-06-30": "0.28810", "2015-03-31": "0.30060", "2014-12-31": "0.35250", "2014-09-30": "0.55920", "2014-06-30": "0.47070", "2014-03-31": "0.60080", "2013-12-31": "0.63070", "2013-09-30": "0.64320", "2013-06-30": "0.90040", "2013-03-31": "0.71410", "2012-12-31": "0.73420", "2012-09-30": "0.78590", "2012-06-30": "0.94220", "2012-03-31": "0.87300", "2011-12-31": "0.93370", "2011-09-30": "0.97630", "2011-06-30": "1.02040", "2011-03-31": "1.14310", "2010-12-31": "1.20580", "2010-09-30": "1.29950", "2010-06-30": "1.34640", "2010-03-31": "1.60120", "2009-12-31": "1.65810", "2009-09-30": "1.37060", "2009-06-30": "1.38040", "2009-03-31": "1.45350", "2008-12-31": "1.63850", "2008-09-30": "2.45340", "2008-06-30": "2.43820", "2008-03-31": "2.78800", "2007-12-31": "2.34540", "2007-09-30": "2.21440", "2007-06-30": "1.29620", "2007-03-31": "0.98310", "2006-12-31": "1.72140", "2006-09-30": "2.01010", "2006-06-30": "2.95160", "2006-03-31": "2.16160", "2005-12-31": "2.57600", "2005-09-30": "2.63710", "2005-06-30": "2.05850", "2005-03-31": "2.14530"}, "Gross Margin": {"2020-09-30": "", "2020-06-30": "", "2020-03-31": "", "2019-12-31": "", "2019-09-30": "", "2019-06-30": "", "2019-03-31": "", "2018-12-31": "", "2018-09-30": "", "2018-06-30": "", "2018-03-31": "", "2017-12-31": "", "2017-09-30": "", "2017-06-30": "", "2017-03-31": "", "2016-12-31": "", "2016-09-30": "", "2016-06-30": "", "2016-03-31": "", "2015-12-31": "", "2015-09-30": "", "2015-06-30": "", "2015-03-31": "", "2014-12-31": "", "2014-09-30": "", "2014-06-30": "", "2014-03-31": "", "2013-12-31": "", "2013-09-30": "", "2013-06-30": "", "2013-03-31": "", "2012-12-31": "", "2012-09-30": "", "2012-06-30": "", "2012-03-31": "", "2011-12-31": "", "2011-09-30": "", "2011-06-30": "", "2011-03-31": "", "2010-12-31": "", "2010-09-30": "", "2010-06-30": "", "2010-03-31": "", "2009-12-31": "", "2009-09-30": "", "2009-06-30": "", "2009-03-31": "", "2008-12-31": "", "2008-09-30": "", "2008-06-30": "", "2008-03-31": "", "2007-12-31": "", "2007-09-30": "", "2007-06-30": "", "2007-03-31": "", "2006-12-31": "", "2006-09-30": "", "2006-06-30": "", "2006-03-31": "", "2005-12-31": "", "2005-09-30": "", "2005-06-30": "", "2005-03-31": ""}, "Operating Margin": {"2020-09-30": "", "2020-06-30": "", "2020-03-31": "", "2019-12-31": "", "2019-09-30": "", "2019-06-30": "", "2019-03-31": "", "2018-12-31": "", "2018-09-30": "", "2018-06-30": "", "2018-03-31": "", "2017-12-31": "", "2017-09-30": "", "2017-06-30": "", "2017-03-31": "", "2016-12-31": "", "2016-09-30": "", "2016-06-30": "", "2016-03-31": "", "2015-12-31": "", "2015-09-30": "", "2015-06-30": "", "2015-03-31": "", "2014-12-31": "", "2014-09-30": "", "2014-06-30": "", "2014-03-31": "", "2013-12-31": "", "2013-09-30": "", "2013-06-30": "", "2013-03-31": "", "2012-12-31": "", "2012-09-30": "", "2012-06-30": "", "2012-03-31": "", "2011-12-31": "", "2011-09-30": "", "2011-06-30": "", "2011-03-31": "", "2010-12-31": "", "2010-09-30": "", "2010-06-30": "", "2010-03-31": "", "2009-12-31": "", "2009-09-30": "", "2009-06-30": "", "2009-03-31": "", "2008-12-31": "", "2008-09-30": "", "2008-06-30": "", "2008-03-31": "", "2007-12-31": "", "2007-09-30": "", "2007-06-30": "", "2007-03-31": "", "2006-12-31": "", "2006-09-30": "", "2006-06-30": "", "2006-03-31": "", "2005-12-31": "", "2005-09-30": "", "2005-06-30": "", "2005-03-31": ""}, "EBIT Margin": {"2020-09-30": "", "2020-06-30": "", "2020-03-31": "", "2019-12-31": "", "2019-09-30": "", "2019-06-30": "", "2019-03-31": "", "2018-12-31": "", "2018-09-30": "", "2018-06-30": "", "2018-03-31": "", "2017-12-31": "", "2017-09-30": "", "2017-06-30": "", "2017-03-31": "", "2016-12-31": "", "2016-09-30": "", "2016-06-30": "", "2016-03-31": "", "2015-12-31": "", "2015-09-30": "", "2015-06-30": "", "2015-03-31": "", "2014-12-31": "", "2014-09-30": "", "2014-06-30": "", "2014-03-31": "", "2013-12-31": "", "2013-09-30": "", "2013-06-30": "", "2013-03-31": "", "2012-12-31": "", "2012-09-30": "", "2012-06-30": "", "2012-03-31": "", "2011-12-31": "", "2011-09-30": "", "2011-06-30": "", "2011-03-31": "", "2010-12-31": "", "2010-09-30": "", "2010-06-30": "", "2010-03-31": "", "2009-12-31": "", "2009-09-30": "", "2009-06-30": "", "2009-03-31": "", "2008-12-31": "", "2008-09-30": "", "2008-06-30": "", "2008-03-31": "", "2007-12-31": "", "2007-09-30": "", "2007-06-30": "", "2007-03-31": "", "2006-12-31": "", "2006-09-30": "", "2006-06-30": "", "2006-03-31": "", "2005-12-31": "", "2005-09-30": "", "2005-06-30": "", "2005-03-31": ""}, "EBITDA Margin": {"2020-09-30": "", "2020-06-30": "", "2020-03-31": "", "2019-12-31": "", "2019-09-30": "", "2019-06-30": "", "2019-03-31": "", "2018-12-31": "", "2018-09-30": "", "2018-06-30": "", "2018-03-31": "", "2017-12-31": "", "2017-09-30": "", "2017-06-30": "", "2017-03-31": "", "2016-12-31": "", "2016-09-30": "", "2016-06-30": "", "2016-03-31": "", "2015-12-31": "", "2015-09-30": "", "2015-06-30": "", "2015-03-31": "", "2014-12-31": "", "2014-09-30": "", "2014-06-30": "", "2014-03-31": "", "2013-12-31": "", "2013-09-30": "", "2013-06-30": "", "2013-03-31": "", "2012-12-31": "", "2012-09-30": "", "2012-06-30": "", "2012-03-31": "", "2011-12-31": "", "2011-09-30": "", "2011-06-30": "", "2011-03-31": "", "2010-12-31": "", "2010-09-30": "", "2010-06-30": "", "2010-03-31": "", "2009-12-31": "", "2009-09-30": "", "2009-06-30": "", "2009-03-31": "", "2008-12-31": "", "2008-09-30": "", "2008-06-30": "", "2008-03-31": "", "2007-12-31": "", "2007-09-30": "", "2007-06-30": "", "2007-03-31": "", "2006-12-31": "", "2006-09-30": "", "2006-06-30": "", "2006-03-31": "", "2005-12-31": "", "2005-09-30": "", "2005-06-30": "", "2005-03-31": ""}, "Pre-Tax Profit Margin": {"2020-09-30": "56.72810", "2020-06-30": "39.24280", "2020-03-31": "13.66290", "2019-12-31": "56.57780", "2019-09-30": "57.48700", "2019-06-30": "59.43410", "2019-03-31": "60.26040", "2018-12-31": "61.83990", "2018-09-30": "49.23610", "2018-06-30": "63.24530", "2018-03-31": "61.06110", "2017-12-31": "63.44790", "2017-09-30": "64.03840", "2017-06-30": "63.20780", "2017-03-31": "63.57870", "2016-12-31": "63.64100", "2016-09-30": "60.06940", "2016-06-30": "62.80920", "2016-03-31": "63.42120", "2015-12-31": "60.82920", "2015-09-30": "60.47820", "2015-06-30": "61.20940", "2015-03-31": "53.63680", "2014-12-31": "51.94620", "2014-09-30": "52.84760", "2014-06-30": "50.55540", "2014-03-31": "47.58160", "2013-12-31": "51.09420", "2013-09-30": "53.26550", "2013-06-30": "49.98660", "2013-03-31": "49.39930", "2012-12-31": "50.25300", "2012-09-30": "48.64920", "2012-06-30": "50.35390", "2012-03-31": "47.57450", "2011-12-31": "46.19460", "2011-09-30": "46.01660", "2011-06-30": "69.06420", "2011-03-31": "44.06170", "2010-12-31": "47.88210", "2010-09-30": "56.07720", "2010-06-30": "40.46140", "2010-03-31": "56.70990", "2009-12-31": "47.44280", "2009-09-30": "43.72600", "2009-06-30": "43.51950", "2009-03-31": "44.38800", "2008-12-31": "41.25150", "2008-09-30": "46.99280", "2008-06-30": "46.47460", "2008-03-31": "45.30590", "2007-12-31": "47.18130", "2007-09-30": "51.09630", "2007-06-30": "49.81410", "2007-03-31": "47.47270", "2006-12-31": "45.75820", "2006-09-30": "48.88670", "2006-06-30": "50.90240", "2006-03-31": "51.69250", "2005-12-31": "53.46730", "2005-09-30": "52.94170", "2005-06-30": "52.84580", "2005-03-31": "53.29560"}, "Net Profit Margin": {"2020-09-30": "44.75140", "2020-06-30": "30.25190", "2020-03-31": "9.90550", "2019-12-31": "41.92460", "2019-09-30": "43.76720", "2019-06-30": "45.21950", "2019-03-31": "45.50580", "2018-12-31": "46.25830", "2018-09-30": "36.58040", "2018-06-30": "47.33230", "2018-03-31": "46.96410", "2017-12-31": "61.99560", "2017-09-30": "40.90770", "2017-06-30": "39.73460", "2017-03-31": "41.50290", "2016-12-31": "40.73360", "2016-09-30": "38.53620", "2016-06-30": "39.78030", "2016-03-31": "39.64870", "2015-12-31": "39.02600", "2015-09-30": "40.13080", "2015-06-30": "39.72390", "2015-03-31": "36.85660", "2014-12-31": "34.67440", "2014-09-30": "35.58690", "2014-06-30": "34.57390", "2014-03-31": "35.37480", "2013-12-31": "34.35760", "2013-09-30": "38.38240", "2013-06-30": "34.10000", "2013-03-31": "34.62130", "2012-12-31": "34.39740", "2012-09-30": "34.50900", "2012-06-30": "34.74240", "2012-03-31": "33.00350", "2011-12-31": "32.22200", "2011-09-30": "32.09130", "2011-06-30": "44.13360", "2011-03-31": "31.24530", "2010-12-31": "34.91710", "2010-09-30": "37.69730", "2010-06-30": "30.71410", "2010-03-31": "39.53120", "2009-12-31": "26.68660", "2009-09-30": "30.46620", "2009-06-30": "29.90370", "2009-03-31": "31.90300", "2008-12-31": "37.52420", "2008-09-30": "34.54210", "2008-06-30": "34.20910", "2008-03-31": "32.97100", "2007-12-31": "32.67180", "2007-09-30": "35.02290", "2007-06-30": "34.17010", "2007-03-31": "32.54720", "2006-12-31": "31.90060", "2006-09-30": "34.97210", "2006-06-30": "35.34470", "2006-03-31": "36.34750", "2005-12-31": "37.84650", "2005-09-30": "36.98220", "2005-06-30": "36.34090", "2005-03-31": "36.01570"}, "Asset Turnover": {"2020-09-30": "0.00910", "2020-06-30": "0.00630", "2020-03-31": "0.00490", "2019-12-31": "0.01020", "2019-09-30": "0.01010", "2019-06-30": "0.01060", "2019-03-31": "0.01060", "2018-12-31": "0.01110", "2018-09-30": "0.00920", "2018-06-30": "0.01090", "2018-03-31": "0.01090", "2017-12-31": "0.01110", "2017-09-30": "0.01130", "2017-06-30": "0.01140", "2017-03-31": "0.01120", "2016-12-31": "0.01140", "2016-09-30": "0.01070", "2016-06-30": "0.01120", "2016-03-31": "0.01140", "2015-12-31": "0.01330", "2015-09-30": "0.01230", "2015-06-30": "0.01290", "2015-03-31": "0.01300", "2014-12-31": "0.01480", "2014-09-30": "0.01370", "2014-06-30": "0.01220", "2014-03-31": "0.01420", "2013-12-31": "0.01480", "2013-09-30": "0.01460", "2013-06-30": "0.01480", "2013-03-31": "0.01460", "2012-12-31": "0.01490", "2012-09-30": "0.01460", "2012-06-30": "0.01460", "2012-03-31": "0.01420", "2011-12-31": "0.01420", "2011-09-30": "0.01500", "2011-06-30": "0.02820", "2011-03-31": "0.01410", "2010-12-31": "0.01480", "2010-09-30": "0.01690", "2010-06-30": "0.01230", "2010-03-31": "0.01340", "2009-12-31": "0.01300", "2009-09-30": "0.00950", "2009-06-30": "0.01070", "2009-03-31": "0.00920", "2008-12-31": "0.00750", "2008-09-30": "0.00850", "2008-06-30": "0.00820", "2008-03-31": "0.00770", "2007-12-31": "0.00870", "2007-09-30": "0.00900", "2007-06-30": "0.00920", "2007-03-31": "0.00910", "2006-12-31": "0.00910", "2006-09-30": "0.00910", "2006-06-30": "0.00930", "2006-03-31": "0.01030", "2005-12-31": "0.01040", "2005-09-30": "0.01080", "2005-06-30": "0.01120", "2005-03-31": "0.01130"}, "Inventory Turnover Ratio": {"2020-09-30": "", "2020-06-30": "", "2020-03-31": "", "2019-12-31": "", "2019-09-30": "", "2019-06-30": "", "2019-03-31": "", "2018-12-31": "", "2018-09-30": "", "2018-06-30": "", "2018-03-31": "", "2017-12-31": "", "2017-09-30": "", "2017-06-30": "", "2017-03-31": "", "2016-12-31": "", "2016-09-30": "", "2016-06-30": "", "2016-03-31": "", "2015-12-31": "", "2015-09-30": "", "2015-06-30": "", "2015-03-31": "", "2014-12-31": "", "2014-09-30": "", "2014-06-30": "", "2014-03-31": "", "2013-12-31": "", "2013-09-30": "", "2013-06-30": "", "2013-03-31": "", "2012-12-31": "", "2012-09-30": "", "2012-06-30": "", "2012-03-31": "", "2011-12-31": "", "2011-09-30": "", "2011-06-30": "", "2011-03-31": "", "2010-12-31": "", "2010-09-30": "", "2010-06-30": "", "2010-03-31": "", "2009-12-31": "", "2009-09-30": "", "2009-06-30": "", "2009-03-31": "", "2008-12-31": "", "2008-09-30": "", "2008-06-30": "", "2008-03-31": "", "2007-12-31": "", "2007-09-30": "", "2007-06-30": "", "2007-03-31": "", "2006-12-31": "", "2006-09-30": "", "2006-06-30": "", "2006-03-31": "", "2005-12-31": "", "2005-09-30": "", "2005-06-30": "", "2005-03-31": ""}, "Receiveable Turnover": {"2020-09-30": "", "2020-06-30": "", "2020-03-31": "", "2019-12-31": "", "2019-09-30": "", "2019-06-30": "", "2019-03-31": "", "2018-12-31": "", "2018-09-30": "", "2018-06-30": "", "2018-03-31": "", "2017-12-31": "", "2017-09-30": "", "2017-06-30": "", "2017-03-31": "", "2016-12-31": "", "2016-09-30": "", "2016-06-30": "", "2016-03-31": "", "2015-12-31": "", "2015-09-30": "", "2015-06-30": "", "2015-03-31": "", "2014-12-31": "", "2014-09-30": "", "2014-06-30": "", "2014-03-31": "", "2013-12-31": "", "2013-09-30": "", "2013-06-30": "", "2013-03-31": "", "2012-12-31": "", "2012-09-30": "", "2012-06-30": "", "2012-03-31": "", "2011-12-31": "", "2011-09-30": "", "2011-06-30": "", "2011-03-31": "", "2010-12-31": "", "2010-09-30": "", "2010-06-30": "", "2010-03-31": "", "2009-12-31": "", "2009-09-30": "", "2009-06-30": "", "2009-03-31": "", "2008-12-31": "", "2008-09-30": "", "2008-06-30": "", "2008-03-31": "", "2007-12-31": "", "2007-09-30": "", "2007-06-30": "", "2007-03-31": "", "2006-12-31": "", "2006-09-30": "", "2006-06-30": "", "2006-03-31": "", "2005-12-31": "", "2005-09-30": "", "2005-06-30": "", "2005-03-31": ""}, "Days Sales In Receivables": {"2020-09-30": "", "2020-06-30": "", "2020-03-31": "", "2019-12-31": "", "2019-09-30": "", "2019-06-30": "", "2019-03-31": "", "2018-12-31": "", "2018-09-30": "", "2018-06-30": "", "2018-03-31": "", "2017-12-31": "", "2017-09-30": "", "2017-06-30": "", "2017-03-31": "", "2016-12-31": "", "2016-09-30": "", "2016-06-30": "", "2016-03-31": "", "2015-12-31": "", "2015-09-30": "", "2015-06-30": "", "2015-03-31": "", "2014-12-31": "", "2014-09-30": "", "2014-06-30": "", "2014-03-31": "", "2013-12-31": "", "2013-09-30": "", "2013-06-30": "", "2013-03-31": "", "2012-12-31": "", "2012-09-30": "", "2012-06-30": "", "2012-03-31": "", "2011-12-31": "", "2011-09-30": "", "2011-06-30": "", "2011-03-31": "", "2010-12-31": "", "2010-09-30": "", "2010-06-30": "", "2010-03-31": "", "2009-12-31": "", "2009-09-30": "", "2009-06-30": "", "2009-03-31": "", "2008-12-31": "", "2008-09-30": "", "2008-06-30": "", "2008-03-31": "", "2007-12-31": "", "2007-09-30": "", "2007-06-30": "", "2007-03-31": "", "2006-12-31": "", "2006-09-30": "", "2006-06-30": "", "2006-03-31": "", "2005-12-31": "", "2005-09-30": "", "2005-06-30": "", "2005-03-31": ""}, "ROE - Return On Equity": {"2020-09-30": "2.60760", "2020-06-30": "1.22170", "2020-03-31": "0.29020", "2019-12-31": "2.42690", "2019-09-30": "2.54530", "2019-06-30": "2.76530", "2019-03-31": "2.84920", "2018-12-31": "3.04840", "2018-09-30": "2.02860", "2018-06-30": "3.17230", "2018-03-31": "3.20520", "2017-12-31": "4.21950", "2017-09-30": "2.87750", "2017-06-30": "2.77420", "2017-03-31": "3.10130", "2016-12-31": "3.14310", "2016-09-30": "2.75570", "2016-06-30": "3.49300", "2016-03-31": "3.42070", "2015-12-31": "3.50600", "2015-09-30": "3.50090", "2015-06-30": "3.69440", "2015-03-31": "3.37510", "2014-12-31": "3.81230", "2014-09-30": "3.64950", "2014-06-30": "3.10170", "2014-03-31": "3.82400", "2013-12-31": "3.85590", "2013-09-30": "4.30080", "2013-06-30": "3.81220", "2013-03-31": "3.79620", "2012-12-31": "4.04550", "2012-09-30": "4.00800", "2012-06-30": "4.12240", "2012-03-31": "4.03750", "2011-12-31": "4.10890", "2011-09-30": "4.60260", "2011-06-30": "12.90240", "2011-03-31": "4.32410", "2010-12-31": "5.22440", "2010-09-30": "6.32480", "2010-06-30": "3.66930", "2010-03-31": "5.55570", "2009-12-31": "4.65340", "2009-09-30": "3.40790", "2009-06-30": "4.00380", "2009-03-31": "3.80320", "2008-12-31": "3.65200", "2008-09-30": "4.10750", "2008-06-30": "4.00460", "2008-03-31": "3.58780", "2007-12-31": "4.05340", "2007-09-30": "4.45130", "2007-06-30": "4.54060", "2007-03-31": "4.12530", "2006-12-31": "4.21170", "2006-09-30": "4.80710", "2006-06-30": "5.30110", "2006-03-31": "5.48820", "2005-12-31": "5.61100", "2005-09-30": "5.64080", "2005-06-30": "5.51930", "2005-03-31": "5.78110"}, "Return On Tangible Equity": {"2020-09-30": "3.11040", "2020-06-30": "1.46330", "2020-03-31": "0.34830", "2019-12-31": "2.90580", "2019-09-30": "3.06080", "2019-06-30": "3.34270", "2019-03-31": "3.46790", "2018-12-31": "3.73840", "2018-09-30": "2.50860", "2018-06-30": "3.93730", "2018-03-31": "4.00650", "2017-12-31": "5.30550", "2017-09-30": "3.65810", "2017-06-30": "3.55310", "2017-03-31": "4.13370", "2016-12-31": "4.23570", "2016-09-30": "3.73240", "2016-06-30": "3.86430", "2016-03-31": "3.80000", "2015-12-31": "3.91200", "2015-09-30": "3.97370", "2015-06-30": "4.22040", "2015-03-31": "3.88600", "2014-12-31": "4.31150", "2014-09-30": "4.15590", "2014-06-30": "3.55400", "2014-03-31": "3.94950", "2013-12-31": "3.97640", "2013-09-30": "4.44550", "2013-06-30": "3.89000", "2013-03-31": "3.87900", "2012-12-31": "4.14140", "2012-09-30": "4.09900", "2012-06-30": "4.22450", "2012-03-31": "4.14620", "2011-12-31": "4.22950", "2011-09-30": "4.74980", "2011-06-30": "13.35620", "2011-03-31": "4.43020", "2010-12-31": "5.35550", "2010-09-30": "6.47760", "2010-06-30": "3.75920", "2010-03-31": "5.69830", "2009-12-31": "4.75020", "2009-09-30": "2.74670", "2009-06-30": "3.19820", "2009-03-31": "3.05930", "2008-12-31": "2.90090", "2008-09-30": "4.21700", "2008-06-30": "4.11490", "2008-03-31": "3.68680", "2007-12-31": "4.18220", "2007-09-30": "4.59600", "2007-06-30": "4.69920", "2007-03-31": "4.26740", "2006-12-31": "4.36520", "2006-09-30": "4.99300", "2006-06-30": "5.53300", "2006-03-31": "5.72530", "2005-12-31": "5.86220", "2005-09-30": "5.90780", "2005-06-30": "5.79000", "2005-03-31": "6.09880"}, "ROA - Return On Assets": {"2020-09-30": "0.40630", "2020-06-30": "0.19050", "2020-03-31": "0.04830", "2019-12-31": "0.42790", "2019-09-30": "0.44390", "2019-06-30": "0.48130", "2019-03-31": "0.48120", "2018-12-31": "0.51380", "2018-09-30": "0.33590", "2018-06-30": "0.51640", "2018-03-31": "0.51330", "2017-12-31": "0.68690", "2017-09-30": "0.46250", "2017-06-30": "0.45120", "2017-03-31": "0.46580", "2016-12-31": "0.46500", "2016-09-30": "0.41210", "2016-06-30": "0.44380", "2016-03-31": "0.45240", "2015-12-31": "0.52090", "2015-09-30": "0.49450", "2015-06-30": "0.51440", "2015-03-31": "0.48070", "2014-12-31": "0.51370", "2014-09-30": "0.48750", "2014-06-30": "0.42040", "2014-03-31": "0.50200", "2013-12-31": "0.50910", "2013-09-30": "0.56220", "2013-06-30": "0.50400", "2013-03-31": "0.50640", "2012-12-31": "0.51180", "2012-09-30": "0.50460", "2012-06-30": "0.50700", "2012-03-31": "0.46930", "2011-12-31": "0.45770", "2011-09-30": "0.48030", "2011-06-30": "1.24630", "2011-03-31": "0.43970", "2010-12-31": "0.51680", "2010-09-30": "0.63630", "2010-06-30": "0.37720", "2010-03-31": "0.52820", "2009-12-31": "0.45760", "2009-09-30": "0.32680", "2009-06-30": "0.35710", "2009-03-31": "0.32860", "2008-12-31": "0.28880", "2008-09-30": "0.29320", "2008-06-30": "0.28030", "2008-03-31": "0.25440", "2007-12-31": "0.28530", "2007-09-30": "0.31690", "2007-06-30": "0.31330", "2007-03-31": "0.29560", "2006-12-31": "0.29080", "2006-09-30": "0.31840", "2006-06-30": "0.32760", "2006-03-31": "0.37520", "2005-12-31": "0.39270", "2005-09-30": "0.39960", "2005-06-30": "0.40540", "2005-03-31": "0.40740"}, "ROI - Return On Investment": {"2020-09-30": "2.06720", "2020-06-30": "0.93740", "2020-03-31": "0.21630", "2019-12-31": "2.07900", "2019-09-30": "2.19800", "2019-06-30": "2.43370", "2019-03-31": "2.61720", "2018-12-31": "2.73050", "2018-09-30": "1.85410", "2018-06-30": "2.89690", "2018-03-31": "2.92070", "2017-12-31": "3.81820", "2017-09-30": "2.58070", "2017-06-30": "2.48230", "2017-03-31": "2.73660", "2016-12-31": "2.76460", "2016-09-30": "2.42020", "2016-06-30": "2.80550", "2016-03-31": "3.09360", "2015-12-31": "2.87490", "2015-09-30": "2.88850", "2015-06-30": "3.00280", "2015-03-31": "2.73170", "2014-12-31": "2.97710", "2014-09-30": "2.47420", "2014-06-30": "2.20750", "2014-03-31": "2.51020", "2013-12-31": "2.49290", "2013-09-30": "2.75410", "2013-06-30": "2.05600", "2013-03-31": "2.29260", "2012-12-31": "2.41320", "2012-09-30": "2.33250", "2012-06-30": "2.19980", "2012-03-31": "2.27450", "2011-12-31": "2.21260", "2011-09-30": "2.47000", "2011-06-30": "6.72310", "2011-03-31": "2.13250", "2010-12-31": "2.52140", "2010-09-30": "2.97630", "2010-06-30": "1.68960", "2010-03-31": "2.29600", "2009-12-31": "1.86460", "2009-09-30": "1.21690", "2009-06-30": "1.42060", "2009-03-31": "1.31110", "2008-12-31": "1.14240", "2008-09-30": "1.26690", "2008-06-30": "1.23850", "2008-03-31": "1.00330", "2007-12-31": "1.30590", "2007-09-30": "1.48950", "2007-06-30": "2.22240", "2007-03-31": "2.41430", "2006-12-31": "1.69370", "2006-09-30": "1.77770", "2006-06-30": "1.47980", "2006-03-31": "1.90610", "2005-12-31": "1.68130", "2005-09-30": "1.63060", "2005-06-30": "1.91340", "2005-03-31": "1.99100"}, "Book Value Per Share": {"2020-09-30": "32.38990", "2020-06-30": "31.80340", "2020-03-31": "31.59710", "2019-12-31": "32.20970", "2019-09-30": "31.65240", "2019-06-30": "30.99240", "2019-03-31": "30.13440", "2018-12-31": "29.33940", "2018-09-30": "28.43220", "2018-06-30": "28.12200", "2018-03-31": "27.44420", "2017-12-31": "27.00010", "2017-09-30": "26.04120", "2017-06-30": "25.45560", "2017-03-31": "23.66120", "2016-12-31": "23.04710", "2016-09-30": "22.78100", "2016-06-30": "17.21750", "2016-03-31": "16.65950", "2015-12-31": "16.22250", "2015-09-30": "14.92860", "2015-06-30": "13.97010", "2015-03-31": "13.63250", "2014-12-31": "11.41920", "2014-09-30": "11.02840", "2014-06-30": "10.71600", "2014-03-31": "8.94290", "2013-12-31": "8.58110", "2013-09-30": "8.38950", "2013-06-30": "7.54230", "2013-03-31": "7.45230", "2012-12-31": "7.24520", "2012-09-30": "6.94190", "2012-06-30": "6.69200", "2012-03-31": "6.45150", "2011-12-31": "6.20900", "2011-09-30": "5.98580", "2011-06-30": "5.68250", "2011-03-31": "4.94610", "2010-12-31": "4.74640", "2010-09-30": "4.70120", "2010-06-30": "4.36290", "2010-03-31": "4.23860", "2009-12-31": "4.02940", "2009-09-30": "5.17340", "2009-06-30": "4.98380", "2009-03-31": "5.11330", "2008-12-31": "4.85650", "2008-09-30": "3.25140", "2008-06-30": "3.18260", "2008-03-31": "3.21640", "2007-12-31": "2.83670", "2007-09-30": "2.80700", "2007-06-30": "2.65460", "2007-03-31": "2.71900", "2006-12-31": "2.60690", "2006-09-30": "2.48950", "2006-06-30": "2.23730", "2006-03-31": "2.28850", "2005-12-31": "2.24130", "2005-09-30": "2.14800", "2005-06-30": "2.09970", "2005-03-31": "1.90460"}, "Operating Cash Flow Per Share": {"2020-09-30": 1.0764, "2020-06-30": 1.1802, "2020-03-31": "0.79090", "2019-12-31": 0.7184, "2019-09-30": 0.9694, "2019-06-30": 0.5221, "2019-03-31": "1.08180", "2018-12-31": 2.7037, "2018-09-30": 1.0339, "2018-06-30": 0.7876, "2018-03-31": "0.95340", "2017-12-31": 0.8093, "2017-09-30": 0.6304, "2017-06-30": 0.4518, "2017-03-31": "1.16460", "2016-12-31": 0.9174, "2016-09-30": 0.6456, "2016-06-30": 0.2511, "2016-03-31": "0.49660", "2015-12-31": 0.7452, "2015-09-30": 0.5951, "2015-06-30": 0.2105, "2015-03-31": "0.75240", "2014-12-31": 0.6403, "2014-09-30": 0.3402, "2014-06-30": 0.0148, "2014-03-31": "0.24430", "2013-12-31": 0.2348, "2013-09-30": 0.1153, "2013-06-30": 0.0293, "2013-03-31": "0.43990", "2012-12-31": -0.0594, "2012-09-30": -0.0164, "2012-06-30": -0.0278, "2012-03-31": "-0.12140", "2011-12-31": 0.0923, "2011-09-30": -0.0061, "2011-06-30": -0.0457, "2011-03-31": "0.25800", "2010-12-31": 0.1992, "2010-09-30": 0.021, "2010-06-30": 0.099, "2010-03-31": "0.28070", "2009-12-31": 0.1109, "2009-09-30": 0.2663, "2009-06-30": 0.0506, "2009-03-31": "0.28170", "2008-12-31": 0.1359, "2008-09-30": 0.226, "2008-06-30": 0.1369, "2008-03-31": "0.18390", "2007-12-31": 0.1805, "2007-09-30": 0.1377, "2007-06-30": 0.1055, "2007-03-31": "0.21000", "2006-12-31": 0.072, "2006-09-30": 0.1121, "2006-06-30": 0.0247, "2006-03-31": "0.12770", "2005-12-31": 0.1474, "2005-09-30": 0.1193, "2005-06-30": 0.1225, "2005-03-31": "0.08880"}, "Free Cash Flow Per Share": {"2020-09-30": 1.0091, "2020-06-30": 1.06, "2020-03-31": "0.66100", "2019-12-31": 0.5609, "2019-09-30": 0.7558, "2019-06-30": 0.3419, "2019-03-31": "0.86810", "2018-12-31": 2.2182, "2018-09-30": 0.9998, "2018-06-30": 0.714, "2018-03-31": "0.87270", "2017-12-31": 0.744, "2017-09-30": 0.5731, "2017-06-30": 0.3266, "2017-03-31": "1.10340", "2016-12-31": 0.7855, "2016-09-30": 0.5139, "2016-06-30": 0.1553, "2016-03-31": "0.42450", "2015-12-31": 0.1397, "2015-09-30": 0.662, "2015-06-30": 0.3766, "2015-03-31": "0.93250", "2014-12-31": -0.138, "2014-09-30": 0.5569, "2014-06-30": 0.2393, "2014-03-31": "0.35000", "2013-12-31": -0.4527, "2013-09-30": 0.3655, "2013-06-30": 0.1983, "2013-03-31": "0.56860", "2012-12-31": -0.7975, "2012-09-30": 0.1693, "2012-06-30": -0.2999, "2012-03-31": "0.04250", "2011-12-31": 0.2574, "2011-09-30": 0.175, "2011-06-30": -0.0289, "2011-03-31": "0.19530", "2010-12-31": 0.2437, "2010-09-30": -0.0251, "2010-06-30": 0.1831, "2010-03-31": "0.29540", "2009-12-31": -0.1503, "2009-09-30": 0.3532, "2009-06-30": 0.1235, "2009-03-31": "0.24700", "2008-12-31": 0.0741, "2008-09-30": 0.129, "2008-06-30": 0.0967, "2008-03-31": "0.09080", "2007-12-31": 0.1516, "2007-09-30": 0.1056, "2007-06-30": 0.0701, "2007-03-31": "0.12970", "2006-12-31": -0.0958, "2006-09-30": -0.0139, "2006-06-30": -0.0486, "2006-03-31": "0.05650", "2005-12-31": 0.0713, "2005-09-30": 0.0511, "2005-06-30": 0.0513, "2005-03-31": "-0.01500"}}, "revenue": {"Bank OZK Annual Revenue (Millions of US $)": {"2020": "$1,185", "2019": "$1,270", "2018": "$1,209", "2017": "$1,056", "2016": "$765", "2015": "$515", "2014": "$376", "2013": "$288", "2012": "$259", "2011": "$316", "2010": "$228", "2009": "$217", "2008": "$202", "2007": "$200", "2006": "$178", "2005": "$132"}, "Bank OZK Quarterly Revenue (Millions of US $)": {"2020-12-31": "$302", "2020-09-30": "$295", "2020-06-30": "$289", "2020-03-31": "$300", "2019-12-31": "$311", "2019-09-30": "$316", "2019-06-30": "$323", "2019-03-31": "$319", "2018-12-31": "$320", "2018-09-30": "$302", "2018-06-30": "$301", "2018-03-31": "$286", "2017-12-31": "$279", "2017-09-30": "$274", "2017-06-30": "$260", "2017-03-31": "$243", "2016-12-31": "$246", "2016-09-30": "$224", "2016-06-30": "$154", "2016-03-31": "$142", "2015-12-31": "$145", "2015-09-30": "$126", "2015-06-30": "$123", "2015-03-31": "$121", "2014-12-31": "$112", "2014-09-30": "$99", "2014-06-30": "$87", "2014-03-31": "$77", "2013-12-31": "$79", "2013-09-30": "$77", "2013-06-30": "$67", "2013-03-31": "$65", "2012-12-31": "$68", "2012-09-30": "$64", "2012-06-30": "$63", "2012-03-31": "$64", "2011-12-31": "$65", "2011-09-30": "$68", "2011-06-30": "$126", "2011-03-31": "$57", "2010-12-31": "$61", "2010-09-30": "$66", "2010-06-30": "$48", "2010-03-31": "$54", "2009-12-31": "$51", "2009-09-30": "$46", "2009-06-30": "$65", "2009-03-31": "$55", "2008-12-31": "$51", "2008-09-30": "$50", "2008-06-30": "$51", "2008-03-31": "$50", "2007-12-31": "$51", "2007-09-30": "$50", "2007-06-30": "$50", "2007-03-31": "$49", "2006-12-31": "$49", "2006-09-30": "$47", "2006-06-30": "$43", "2006-03-31": "$40", "2005-12-31": "$37", "2005-09-30": "$34", "2005-06-30": "$32", "2005-03-31": "$29"}}, "gross-profit": {"Bank OZK Annual Gross Profit (Millions of US $)": {"2020": "$993", "2019": "$992", "2018": "$999", "2017": "$941", "2016": "$704", "2015": "$487", "2014": "$355", "2013": "$270", "2012": "$237", "2011": "$286", "2010": "$194", "2009": "$169", "2008": "$118", "2007": "$101", "2006": "$94", "2005": "$88"}, "Bank OZK Quarterly Gross Profit (Millions of US $)": {"2020-12-31": "$266", "2020-09-30": "$251", "2020-06-30": "$238", "2020-03-31": "$237", "2019-12-31": "$245", "2019-09-30": "$245", "2019-06-30": "$251", "2019-03-31": "$250", "2018-12-31": "$256", "2018-09-30": "$245", "2018-06-30": "$252", "2018-03-31": "$246", "2017-12-31": "$245", "2017-09-30": "$242", "2017-06-30": "$234", "2017-03-31": "$220", "2016-12-31": "$225", "2016-09-30": "$204", "2016-06-30": "$142", "2016-03-31": "$132", "2015-12-31": "$137", "2015-09-30": "$119", "2015-06-30": "$117", "2015-03-31": "$115", "2014-12-31": "$107", "2014-09-30": "$94", "2014-06-30": "$82", "2014-03-31": "$73", "2013-12-31": "$74", "2013-09-30": "$73", "2013-06-30": "$62", "2013-03-31": "$60", "2012-12-31": "$63", "2012-09-30": "$59", "2012-06-30": "$58", "2012-03-31": "$58", "2011-12-31": "$59", "2011-09-30": "$60", "2011-06-30": "$118", "2011-03-31": "$49", "2010-12-31": "$53", "2010-09-30": "$58", "2010-06-30": "$39", "2010-03-31": "$45", "2009-12-31": "$42", "2009-09-30": "$35", "2009-06-30": "$53", "2009-03-31": "$40", "2008-12-31": "$33", "2008-09-30": "$29", "2008-06-30": "$29", "2008-03-31": "$27", "2007-12-31": "$26", "2007-09-30": "$25", "2007-06-30": "$25", "2007-03-31": "$24", "2006-12-31": "$24", "2006-09-30": "$23", "2006-06-30": "$23", "2006-03-31": "$24", "2005-12-31": "$23", "2005-09-30": "$23", "2005-06-30": "$22", "2005-03-31": "$21"}}, "operating-income": {"Bank OZK Annual Operating Income (Millions of US $)": {"2020": "$376", "2019": "$564", "2018": "$554", "2017": "$581", "2016": "$424", "2015": "$277", "2014": "$172", "2013": "$131", "2012": "$111", "2011": "$152", "2010": "$91", "2009": "$56", "2008": "$45", "2007": "$46", "2006": "$45", "2005": "$45"}, "Bank OZK Quarterly Operating Income (Millions of US $)": {"2020-12-31": "$156", "2020-09-30": "$138", "2020-06-30": "$65", "2020-03-31": "$16", "2019-12-31": "$136", "2019-09-30": "$136", "2019-06-30": "$145", "2019-03-31": "$147", "2018-12-31": "$154", "2018-09-30": "$100", "2018-06-30": "$153", "2018-03-31": "$147", "2017-12-31": "$150", "2017-09-30": "$150", "2017-06-30": "$144", "2017-03-31": "$137", "2016-12-31": "$137", "2016-09-30": "$119", "2016-06-30": "$86", "2016-03-31": "$83", "2015-12-31": "$80", "2015-09-30": "$70", "2015-06-30": "$69", "2015-03-31": "$58", "2014-12-31": "$52", "2014-09-30": "$48", "2014-06-30": "$39", "2014-03-31": "$34", "2013-12-31": "$36", "2013-09-30": "$37", "2013-06-30": "$30", "2013-03-31": "$29", "2012-12-31": "$30", "2012-09-30": "$27", "2012-06-30": "$28", "2012-03-31": "$26", "2011-12-31": "$25", "2011-09-30": "$27", "2011-06-30": "$79", "2011-03-31": "$21", "2010-12-31": "$23", "2010-09-30": "$30", "2010-06-30": "$14", "2010-03-31": "$23", "2009-12-31": "$17", "2009-09-30": "$12", "2009-06-30": "$14", "2009-03-31": "$13", "2008-12-31": "$10", "2008-09-30": "$12", "2008-06-30": "$12", "2008-03-31": "$11", "2007-12-31": "$11", "2007-09-30": "$12", "2007-06-30": "$12", "2007-03-31": "$11", "2006-12-31": "$11", "2006-09-30": "$11", "2006-06-30": "$11", "2006-03-31": "$12", "2005-12-31": "$12", "2005-09-30": "$12", "2005-06-30": "$11", "2005-03-31": "$11"}}, "ebitda": {"Bank OZK Annual EBITDA (Millions of US $)": {"2019": "$", "2018": "$", "2017": "$", "2016": "$", "2015": "$", "2014": "$", "2013": "$", "2012": "$", "2011": "$", "2010": "$", "2009": "$", "2008": "$", "2007": "$", "2006": "$", "2005": "$"}, "Bank OZK Quarterly EBITDA (Millions of US $)": {"2020-09-30": "", "2020-06-30": "", "2020-03-31": "", "2019-12-31": "", "2019-09-30": "", "2019-06-30": "", "2019-03-31": "", "2018-12-31": "", "2018-09-30": "", "2018-06-30": "", "2018-03-31": "", "2017-12-31": "", "2017-09-30": "", "2017-06-30": "", "2017-03-31": "", "2016-12-31": "", "2016-09-30": "", "2016-06-30": "", "2016-03-31": "", "2015-12-31": "", "2015-09-30": "", "2015-06-30": "", "2015-03-31": "", "2014-12-31": "", "2014-09-30": "", "2014-06-30": "", "2014-03-31": "", "2013-12-31": "", "2013-09-30": "", "2013-06-30": "", "2013-03-31": "", "2012-12-31": "", "2012-09-30": "", "2012-06-30": "", "2012-03-31": "", "2011-12-31": "", "2011-09-30": "", "2011-06-30": "", "2011-03-31": "", "2010-12-31": "", "2010-09-30": "", "2010-06-30": "", "2010-03-31": "", "2009-12-31": "", "2009-09-30": "", "2009-06-30": "", "2009-03-31": "", "2008-12-31": "", "2008-09-30": "", "2008-06-30": "", "2008-03-31": "", "2007-12-31": "", "2007-09-30": "", "2007-06-30": "", "2007-03-31": "", "2006-12-31": "", "2006-09-30": "", "2006-06-30": "", "2006-03-31": "", "2005-12-31": "", "2005-09-30": "", "2005-06-30": "", "2005-03-31": ""}}, "net-income": {"Bank OZK Annual Net Income (Millions of US $)": {"2020": "$292", "2019": "$426", "2018": "$417", "2017": "$422", "2016": "$270", "2015": "$182", "2014": "$119", "2013": "$91", "2012": "$77", "2011": "$101", "2010": "$64", "2009": "$37", "2008": "$34", "2007": "$32", "2006": "$32", "2005": "$31"}, "Bank OZK Quarterly Net Income (Millions of US $)": {"2020-12-31": "$121", "2020-09-30": "$109", "2020-06-30": "$50", "2020-03-31": "$12", "2019-12-31": "$101", "2019-09-30": "$104", "2019-06-30": "$111", "2019-03-31": "$111", "2018-12-31": "$115", "2018-09-30": "$74", "2018-06-30": "$115", "2018-03-31": "$113", "2017-12-31": "$146", "2017-09-30": "$96", "2017-06-30": "$91", "2017-03-31": "$89", "2016-12-31": "$88", "2016-09-30": "$76", "2016-06-30": "$54", "2016-03-31": "$52", "2015-12-31": "$51", "2015-09-30": "$46", "2015-06-30": "$45", "2015-03-31": "$40", "2014-12-31": "$35", "2014-09-30": "$32", "2014-06-30": "$26", "2014-03-31": "$25", "2013-12-31": "$24", "2013-09-30": "$26", "2013-06-30": "$20", "2013-03-31": "$20", "2012-12-31": "$21", "2012-09-30": "$19", "2012-06-30": "$19", "2012-03-31": "$18", "2011-12-31": "$18", "2011-09-30": "$19", "2011-06-30": "$50", "2011-03-31": "$15", "2010-12-31": "$17", "2010-09-30": "$20", "2010-06-30": "$11", "2010-03-31": "$16", "2009-12-31": "$10", "2009-09-30": "$8", "2009-06-30": "$10", "2009-03-31": "$9", "2008-12-31": "$9", "2008-09-30": "$9", "2008-06-30": "$9", "2008-03-31": "$8", "2007-12-31": "$8", "2007-09-30": "$8", "2007-06-30": "$8", "2007-03-31": "$8", "2006-12-31": "$7", "2006-09-30": "$8", "2006-06-30": "$8", "2006-03-31": "$8", "2005-12-31": "$8", "2005-09-30": "$8", "2005-06-30": "$8", "2005-03-31": "$7"}}, "eps-earnings-per-share-diluted": {"Bank OZK Annual EPS": {"2020": "$2.26", "2019": "$3.30", "2018": "$3.24", "2017": "$3.35", "2016": "$2.58", "2015": "$2.09", "2014": "$1.52", "2013": "$1.26", "2012": "$1.10", "2011": "$1.47", "2010": "$0.94", "2009": "$0.55", "2008": "$0.51", "2007": "$0.47", "2006": "$0.47", "2005": "$0.47"}, "Bank OZK Quarterly EPS": {"2020-12-31": "$0.93", "2020-09-30": "$0.84", "2020-06-30": "$0.39", "2020-03-31": "$0.09", "2019-12-31": "$0.77", "2019-09-30": "$0.81", "2019-06-30": "$0.86", "2019-03-31": "$0.86", "2018-12-31": "$0.89", "2018-09-30": "$0.58", "2018-06-30": "$0.89", "2018-03-31": "$0.88", "2017-12-31": "$1.14", "2017-09-30": "$0.75", "2017-06-30": "$0.73", "2017-03-31": "$0.73", "2016-12-31": "$0.75", "2016-09-30": "$0.66", "2016-06-30": "$0.60", "2016-03-31": "$0.57", "2015-12-31": "$0.59", "2015-09-30": "$0.52", "2015-06-30": "$0.51", "2015-03-31": "$0.47", "2014-12-31": "$0.44", "2014-09-30": "$0.40", "2014-06-30": "$0.34", "2014-03-31": "$0.34", "2013-12-31": "$0.33", "2013-09-30": "$0.36", "2013-06-30": "$0.29", "2013-03-31": "$0.28", "2012-12-31": "$0.29", "2012-09-30": "$0.28", "2012-06-30": "$0.28", "2012-03-31": "$0.26", "2011-12-31": "$0.25", "2011-09-30": "$0.28", "2011-06-30": "$0.73", "2011-03-31": "$0.22", "2010-12-31": "$0.25", "2010-09-30": "$0.30", "2010-06-30": "$0.16", "2010-03-31": "$0.24", "2009-12-31": "$0.14", "2009-09-30": "$0.13", "2009-06-30": "$0.14", "2009-03-31": "$0.14", "2008-12-31": "$0.14", "2008-09-30": "$0.13", "2008-06-30": "$0.13", "2008-03-31": "$0.12", "2007-12-31": "$0.12", "2007-09-30": "$0.13", "2007-06-30": "$0.12", "2007-03-31": "$0.11", "2006-12-31": "$0.11", "2006-09-30": "$0.12", "2006-06-30": "$0.12", "2006-03-31": "$0.13", "2005-12-31": "$0.13", "2005-09-30": "$0.12", "2005-06-30": "$0.12", "2005-03-31": "$0.11"}}, "shares-outstanding": {"Bank OZK Annual Shares Outstanding (Millions of Shares)": {"2020": "129", "2019": "129", "2018": "129", "2017": "126", "2016": "105", "2015": "87", "2014": "78", "2013": "72", "2012": "70", "2011": "69", "2010": "68", "2009": "68", "2008": "67", "2007": "67", "2006": "67", "2005": "67"}, "Bank OZK Quarterly Shares Outstanding (Millions of Shares)": {"2020-12-31": "130", "2020-09-30": "129", "2020-06-30": "129", "2020-03-31": "129", "2019-12-31": "129", "2019-09-30": "129", "2019-06-30": "129", "2019-03-31": "129", "2018-12-31": "129", "2018-09-30": "129", "2018-06-30": "129", "2018-03-31": "129", "2017-12-31": "126", "2017-09-30": "128", "2017-06-30": "124", "2017-03-31": "122", "2016-12-31": "105", "2016-09-30": "115", "2016-06-30": "91", "2016-03-31": "91", "2015-12-31": "87", "2015-09-30": "88", "2015-06-30": "88", "2015-03-31": "84", "2014-12-31": "78", "2014-09-30": "80", "2014-06-30": "77", "2014-03-31": "74", "2013-12-31": "72", "2013-09-30": "73", "2013-06-30": "71", "2013-03-31": "71", "2012-12-31": "70", "2012-09-30": "70", "2012-06-30": "70", "2012-03-31": "70", "2011-12-31": "69", "2011-09-30": "69", "2011-06-30": "69", "2011-03-31": "69", "2010-12-31": "68", "2010-09-30": "68", "2010-06-30": "68", "2010-03-31": "68", "2009-12-31": "68", "2009-09-30": "68", "2009-06-30": "68", "2009-03-31": "68", "2008-12-31": "67", "2008-09-30": "67", "2008-06-30": "67", "2008-03-31": "67", "2007-12-31": "67", "2007-09-30": "67", "2007-06-30": "67", "2007-03-31": "67", "2006-12-31": "67", "2006-09-30": "67", "2006-06-30": "67", "2006-03-31": "67", "2005-12-31": "67", "2005-09-30": "67", "2005-06-30": "67", "2005-03-31": "67"}}, "total-assets": {"Bank OZK Annual Total Assets (Millions of US $)": {"2019": "$23,556", "2018": "$22,388", "2017": "$21,276", "2016": "$18,890", "2015": "$9,879", "2014": "$6,766", "2013": "$4,791", "2012": "$4,040", "2011": "$3,842", "2010": "$3,273", "2009": "$2,771", "2008": "$3,233", "2007": "$2,711", "2006": "$2,529", "2005": "$2,135"}, "Bank OZK Quarterly Total Assets (Millions of US $)": {"2020-09-30": "$26,888", "2020-06-30": "$26,380", "2020-03-31": "$24,566", "2019-12-31": "$23,556", "2019-09-30": "$23,403", "2019-06-30": "$22,961", "2019-03-31": "$23,006", "2018-12-31": "$22,388", "2018-09-30": "$22,087", "2018-06-30": "$22,220", "2018-03-31": "$22,039", "2017-12-31": "$21,276", "2017-09-30": "$20,768", "2017-06-30": "$20,065", "2017-03-31": "$19,152", "2016-12-31": "$18,890", "2016-09-30": "$18,452", "2016-06-30": "$12,280", "2016-03-31": "$11,427", "2015-12-31": "$9,879", "2015-09-30": "$9,329", "2015-06-30": "$8,710", "2015-03-31": "$8,303", "2014-12-31": "$6,766", "2014-09-30": "$6,580", "2014-06-30": "$6,298", "2014-03-31": "$5,033", "2013-12-31": "$4,791", "2013-09-30": "$4,711", "2013-06-30": "$4,044", "2013-03-31": "$3,952", "2012-12-31": "$4,040", "2012-09-30": "$3,823", "2012-06-30": "$3,765", "2012-03-31": "$3,837", "2011-12-31": "$3,842", "2011-09-30": "$3,932", "2011-06-30": "$4,028", "2011-03-31": "$3,327", "2010-12-31": "$3,273", "2010-09-30": "$3,176", "2010-06-30": "$2,878", "2010-03-31": "$3,018", "2009-12-31": "$2,771", "2009-09-30": "$2,890", "2009-06-30": "$2,962", "2009-03-31": "$3,160", "2008-12-31": "$3,233", "2008-09-30": "$3,071", "2008-06-30": "$3,062", "2008-03-31": "$3,052", "2007-12-31": "$2,711", "2007-09-30": "$2,651", "2007-06-30": "$2,581", "2007-03-31": "$2,544", "2006-12-31": "$2,529", "2006-09-30": "$2,516", "2006-06-30": "$2,421", "2006-03-31": "$2,238", "2005-12-31": "$2,135", "2005-09-30": "$2,020", "2005-06-30": "$1,903", "2005-03-31": "$1,797"}}, "cash-on-hand": {"Bank OZK Annual Cash on Hand (Millions of US $)": {"2019": "$1,496", "2018": "$291", "2017": "$440", "2016": "$866", "2015": "$91", "2014": "$150", "2013": "$196", "2012": "$208", "2011": "$59", "2010": "$49", "2009": "$78", "2008": "$41", "2007": "$48", "2006": "$43", "2005": "$41"}, "Bank OZK Quarterly Cash on Hand (Millions of US $)": {"2020-09-30": "$1,934", "2020-06-30": "$1,646", "2020-03-31": "$1,348", "2019-12-31": "$1,496", "2019-09-30": "$1,030", "2019-06-30": "$739", "2019-03-31": "$608", "2018-12-31": "$291", "2018-09-30": "$388", "2018-06-30": "$585", "2018-03-31": "$633", "2017-12-31": "$440", "2017-09-30": "$1,057", "2017-06-30": "$824", "2017-03-31": "$929", "2016-12-31": "$866", "2016-09-30": "$970", "2016-06-30": "$807", "2016-03-31": "$623", "2015-12-31": "$91", "2015-09-30": "$282", "2015-06-30": "$515", "2015-03-31": "$429", "2014-12-31": "$150", "2014-09-30": "$112", "2014-06-30": "$111", "2014-03-31": "$188", "2013-12-31": "$196", "2013-09-30": "$124", "2013-06-30": "$61", "2013-03-31": "$163", "2012-12-31": "$208", "2012-09-30": "$127", "2012-06-30": "$66", "2012-03-31": "$144", "2011-12-31": "$59", "2011-09-30": "$69", "2011-06-30": "$81", "2011-03-31": "$50", "2010-12-31": "$49", "2010-09-30": "$54", "2010-06-30": "$60", "2010-03-31": "$130", "2009-12-31": "$78", "2009-09-30": "$37", "2009-06-30": "$66", "2009-03-31": "$49", "2008-12-31": "$41", "2008-09-30": "$47", "2008-06-30": "$53", "2008-03-31": "$48", "2007-12-31": "$48", "2007-09-30": "$36", "2007-06-30": "$43", "2007-03-31": "$37", "2006-12-31": "$43", "2006-09-30": "$69", "2006-06-30": "$41", "2006-03-31": "$40", "2005-12-31": "$41", "2005-09-30": "$38", "2005-06-30": "$45", "2005-03-31": "$33"}}, "long-term-debt": {"Bank OZK Annual Long Term Debt (Millions of US $)": {"2019": "$695", "2018": "$439", "2017": "$364", "2016": "$383", "2015": "$322", "2014": "$256", "2013": "$346", "2012": "$346", "2011": "$367", "2010": "$347", "2009": "$408", "2008": "$490", "2007": "$401", "2006": "$260", "2005": "$349"}, "Bank OZK Quarterly Long Term Debt (Millions of US $)": {"2020-09-30": "$1,095", "2020-06-30": "$1,248", "2020-03-31": "$1,395", "2019-12-31": "$695", "2019-09-30": "$645", "2019-06-30": "$545", "2019-03-31": "$344", "2018-12-31": "$439", "2018-09-30": "$344", "2018-06-30": "$344", "2018-03-31": "$344", "2017-12-31": "$364", "2017-09-30": "$384", "2017-06-30": "$384", "2017-03-31": "$383", "2016-12-31": "$383", "2016-09-30": "$383", "2016-06-30": "$382", "2016-03-31": "$160", "2015-12-31": "$322", "2015-09-30": "$279", "2015-06-30": "$279", "2015-03-31": "$279", "2014-12-31": "$256", "2014-09-30": "$418", "2014-06-30": "$346", "2014-03-31": "$346", "2013-12-31": "$346", "2013-09-30": "$346", "2013-06-30": "$457", "2013-03-31": "$346", "2012-12-31": "$346", "2012-09-30": "$346", "2012-06-30": "$405", "2012-03-31": "$346", "2011-12-31": "$367", "2011-09-30": "$354", "2011-06-30": "$358", "2011-03-31": "$348", "2010-12-31": "$347", "2010-09-30": "$359", "2010-06-30": "$347", "2010-03-31": "$407", "2009-12-31": "$408", "2009-09-30": "$427", "2009-06-30": "$408", "2009-03-31": "$447", "2008-12-31": "$490", "2008-09-30": "$491", "2008-06-30": "$479", "2008-03-31": "$558", "2007-12-31": "$401", "2007-09-30": "$375", "2007-06-30": "$186", "2007-03-31": "$129", "2006-12-31": "$260", "2006-09-30": "$284", "2006-06-30": "$386", "2006-03-31": "$288", "2005-12-31": "$349", "2005-09-30": "$352", "2005-06-30": "$263", "2005-03-31": "$241"}}, "total-liabilities": {"Bank OZK Annual Total Liabilities (Millions of US $)": {"2019": "$19,402", "2018": "$18,615", "2017": "$17,812", "2016": "$16,095", "2015": "$8,412", "2014": "$5,855", "2013": "$4,159", "2012": "$3,529", "2011": "$3,414", "2010": "$2,950", "2009": "$2,498", "2008": "$2,906", "2007": "$2,520", "2006": "$2,355", "2005": "$1,985"}, "Bank OZK Quarterly Total Liabilities (Millions of US $)": {"2020-09-30": "$22,699", "2020-06-30": "$22,267", "2020-03-31": "$20,480", "2019-12-31": "$19,402", "2019-09-30": "$19,321", "2019-06-30": "$18,964", "2019-03-31": "$19,120", "2018-12-31": "$18,615", "2018-09-30": "$18,430", "2018-06-30": "$18,603", "2018-03-31": "$18,510", "2017-12-31": "$17,812", "2017-09-30": "$17,431", "2017-06-30": "$16,801", "2017-03-31": "$16,276", "2016-12-31": "$16,095", "2016-09-30": "$15,692", "2016-06-30": "$10,719", "2016-03-31": "$9,916", "2015-12-31": "$8,412", "2015-09-30": "$8,012", "2015-06-30": "$7,498", "2015-03-31": "$7,121", "2014-12-31": "$5,855", "2014-09-30": "$5,701", "2014-06-30": "$5,444", "2014-03-31": "$4,372", "2013-12-31": "$4,159", "2013-09-30": "$4,095", "2013-06-30": "$3,509", "2013-03-31": "$3,425", "2012-12-31": "$3,529", "2012-09-30": "$3,342", "2012-06-30": "$3,302", "2012-03-31": "$3,391", "2011-12-31": "$3,414", "2011-09-30": "$3,522", "2011-06-30": "$3,639", "2011-03-31": "$2,988", "2010-12-31": "$2,950", "2010-09-30": "$2,856", "2010-06-30": "$2,582", "2010-03-31": "$2,731", "2009-12-31": "$2,498", "2009-09-30": "$2,540", "2009-06-30": "$2,625", "2009-03-31": "$2,815", "2008-12-31": "$2,906", "2008-09-30": "$2,851", "2008-06-30": "$2,848", "2008-03-31": "$2,836", "2007-12-31": "$2,520", "2007-09-30": "$2,463", "2007-06-30": "$2,402", "2007-03-31": "$2,362", "2006-12-31": "$2,355", "2006-09-30": "$2,349", "2006-06-30": "$2,271", "2006-03-31": "$2,085", "2005-12-31": "$1,985", "2005-09-30": "$1,877", "2005-06-30": "$1,763", "2005-03-31": "$1,671"}}, "total-share-holder-equity": {"Bank OZK Annual Share Holder Equity (Millions of US $)": {"2019": "$4,153", "2018": "$3,773", "2017": "$3,464", "2016": "$2,795", "2015": "$1,468", "2014": "$912", "2013": "$633", "2012": "$511", "2011": "$428", "2010": "$324", "2009": "$272", "2008": "$328", "2007": "$191", "2006": "$175", "2005": "$149"}, "Bank OZK Quarterly Share Holder Equity (Millions of US $)": {"2020-09-30": "$4,189", "2020-06-30": "$4,114", "2020-03-31": "$4,086", "2019-12-31": "$4,153", "2019-09-30": "$4,081", "2019-06-30": "$3,996", "2019-03-31": "$3,886", "2018-12-31": "$3,773", "2018-09-30": "$3,657", "2018-06-30": "$3,617", "2018-03-31": "$3,530", "2017-12-31": "$3,464", "2017-09-30": "$3,338", "2017-06-30": "$3,263", "2017-03-31": "$2,877", "2016-12-31": "$2,795", "2016-09-30": "$2,760", "2016-06-30": "$1,560", "2016-03-31": "$1,511", "2015-12-31": "$1,468", "2015-09-30": "$1,318", "2015-06-30": "$1,213", "2015-03-31": "$1,183", "2014-12-31": "$912", "2014-09-30": "$879", "2014-06-30": "$854", "2014-03-31": "$661", "2013-12-31": "$633", "2013-09-30": "$616", "2013-06-30": "$535", "2013-03-31": "$527", "2012-12-31": "$511", "2012-09-30": "$481", "2012-06-30": "$463", "2012-03-31": "$446", "2011-12-31": "$428", "2011-09-30": "$410", "2011-06-30": "$389", "2011-03-31": "$338", "2010-12-31": "$324", "2010-09-30": "$320", "2010-06-30": "$296", "2010-03-31": "$287", "2009-12-31": "$272", "2009-09-30": "$349", "2009-06-30": "$336", "2009-03-31": "$345", "2008-12-31": "$328", "2008-09-30": "$219", "2008-06-30": "$214", "2008-03-31": "$216", "2007-12-31": "$191", "2007-09-30": "$189", "2007-06-30": "$178", "2007-03-31": "$182", "2006-12-31": "$175", "2006-09-30": "$167", "2006-06-30": "$150", "2006-03-31": "$153", "2005-12-31": "$149", "2005-09-30": "$143", "2005-06-30": "$140", "2005-03-31": "$127"}}, "profit-margins": {"current": "24.63%"}, "gross margin": {"2020-12-31": "83.64%", "2020-09-30": "81.26%", "2020-06-30": "79.36%", "2020-03-31": "78.24%", "2019-12-31": "78.09%", "2019-09-30": "78.40%", "2019-06-30": "79.27%", "2019-03-31": "80.76%", "2018-12-31": "82.63%", "2018-09-30": "84.59%", "2018-06-30": "86.40%", "2018-03-31": "87.99%", "2017-12-31": "89.11%", "2017-09-30": "90.03%", "2017-06-30": "90.75%", "2017-03-31": "91.23%", "2016-12-31": "91.78%", "2016-09-30": "92.48%", "2016-06-30": "93.47%", "2016-03-31": "94.22%", "2015-12-31": "94.76%", "2015-09-30": "95.02%", "2015-06-30": "95.16%", "2015-03-31": "94.99%", "2014-12-31": "94.93%", "2014-09-30": "94.44%", "2014-06-30": "94.38%", "2014-03-31": "94.00%", "2013-12-31": "93.40%", "2013-09-30": "93.14%", "2013-06-30": "92.42%", "2013-03-31": "92.31%", "2012-12-31": "91.89%", "2012-09-30": "91.41%", "2012-06-30": "90.38%", "2012-03-31": "91.33%", "2011-12-31": "90.51%", "2011-09-30": "89.74%", "2011-06-30": "89.68%", "2011-03-31": "85.78%", "2010-12-31": "85.15%", "2010-09-30": "84.02%", "2010-06-30": "80.90%", "2010-03-31": "81.02%", "2009-12-31": "78.34%", "2009-09-30": "74.19%", "2009-06-30": "70.14%", "2009-03-31": "63.29%", "2008-12-31": "58.42%", "2008-09-30": "54.95%", "2008-06-30": "52.97%", "2008-03-31": "51.24%", "2007-12-31": "50.00%", "2007-09-30": "49.49%", "2007-06-30": "49.23%", "2007-03-31": "50.00%", "2006-12-31": "52.51%", "2006-09-30": "55.69%", "2006-06-30": "60.39%", "2006-03-31": "64.34%", "2005-12-31": "67.42%"}, "operating margin": {"2020-12-31": "31.62%", "2020-09-30": "29.71%", "2020-06-30": "29.03%", "2020-03-31": "34.64%", "2019-12-31": "44.44%", "2019-09-30": "45.54%", "2019-06-30": "43.20%", "2019-03-31": "44.61%", "2018-12-31": "45.82%", "2018-09-30": "47.09%", "2018-06-30": "52.63%", "2018-03-31": "53.78%", "2017-12-31": "55.02%", "2017-09-30": "55.52%", "2017-06-30": "55.19%", "2017-03-31": "55.25%", "2016-12-31": "55.48%", "2016-09-30": "55.34%", "2016-06-30": "56.26%", "2016-03-31": "56.34%", "2015-12-31": "53.79%", "2015-09-30": "51.66%", "2015-06-30": "49.89%", "2015-03-31": "47.02%", "2014-12-31": "46.13%", "2014-09-30": "45.91%", "2014-06-30": "45.63%", "2014-03-31": "45.67%", "2013-12-31": "45.83%", "2013-09-30": "45.49%", "2013-06-30": "43.94%", "2013-03-31": "43.85%", "2012-12-31": "42.86%", "2012-09-30": "41.41%", "2012-06-30": "40.77%", "2012-03-31": "48.61%", "2011-12-31": "48.10%", "2011-09-30": "48.08%", "2011-06-30": "49.35%", "2011-03-31": "37.93%", "2010-12-31": "39.30%", "2010-09-30": "38.36%", "2010-06-30": "33.17%", "2010-03-31": "30.56%", "2009-12-31": "25.81%", "2009-09-30": "22.58%", "2009-06-30": "22.17%", "2009-03-31": "22.71%", "2008-12-31": "22.28%", "2008-09-30": "22.77%", "2008-06-30": "22.77%", "2008-03-31": "22.89%", "2007-12-31": "23.00%", "2007-09-30": "23.23%", "2007-06-30": "23.08%", "2007-03-31": "23.40%", "2006-12-31": "25.14%", "2006-09-30": "27.54%", "2006-06-30": "30.52%", "2006-03-31": "32.87%", "2005-12-31": "34.85%"}, "ebitda margin": {"2020-09-30": "0.00%", "2020-06-30": "0.00%", "2020-03-31": "0.00%", "2019-12-31": "0.00%", "2019-09-30": "0.00%", "2019-06-30": "0.00%", "2019-03-31": "0.00%", "2018-12-31": "0.00%", "2018-09-30": "0.00%", "2018-06-30": "0.00%", "2018-03-31": "0.00%", "2017-12-31": "0.00%", "2017-09-30": "0.00%", "2017-06-30": "0.00%", "2017-03-31": "0.00%", "2016-12-31": "0.00%", "2016-09-30": "0.00%", "2016-06-30": "0.00%", "2016-03-31": "0.00%", "2015-12-31": "0.00%", "2015-09-30": "0.00%", "2015-06-30": "0.00%", "2015-03-31": "0.00%", "2014-12-31": "0.00%", "2014-09-30": "0.00%", "2014-06-30": "0.00%", "2014-03-31": "0.00%", "2013-12-31": "0.00%", "2013-09-30": "0.00%", "2013-06-30": "0.00%", "2013-03-31": "0.00%", "2012-12-31": "0.00%", "2012-09-30": "0.00%", "2012-06-30": "0.00%", "2012-03-31": "0.00%", "2011-12-31": "0.00%", "2011-09-30": "0.00%", "2011-06-30": "0.00%", "2011-03-31": "0.00%", "2010-12-31": "0.00%", "2010-09-30": "0.00%", "2010-06-30": "0.00%", "2010-03-31": "0.00%", "2009-12-31": "0.00%", "2009-09-30": "0.00%", "2009-06-30": "0.00%", "2009-03-31": "0.00%", "2008-12-31": "0.00%", "2008-09-30": "0.00%", "2008-06-30": "0.00%", "2008-03-31": "0.00%", "2007-12-31": "0.00%", "2007-09-30": "0.00%", "2007-06-30": "0.00%", "2007-03-31": "0.00%", "2006-12-31": "0.00%", "2006-09-30": "0.00%", "2006-06-30": "0.00%", "2006-03-31": "0.00%", "2005-12-31": "0.00%"}, "pre tax profit margin": {"2020-12-31": "31.62%", "2020-09-30": "29.71%", "2020-06-30": "29.03%", "2020-03-31": "34.64%", "2019-12-31": "44.44%", "2019-09-30": "45.54%", "2019-06-30": "43.20%", "2019-03-31": "44.61%", "2018-12-31": "45.82%", "2018-09-30": "47.09%", "2018-06-30": "52.63%", "2018-03-31": "53.78%", "2017-12-31": "55.02%", "2017-09-30": "55.52%", "2017-06-30": "55.19%", "2017-03-31": "55.25%", "2016-12-31": "55.48%", "2016-09-30": "55.34%", "2016-06-30": "56.26%", "2016-03-31": "56.34%", "2015-12-31": "53.79%", "2015-09-30": "51.66%", "2015-06-30": "49.89%", "2015-03-31": "47.02%", "2014-12-31": "46.13%", "2014-09-30": "45.91%", "2014-06-30": "45.63%", "2014-03-31": "45.67%", "2013-12-31": "45.83%", "2013-09-30": "45.49%", "2013-06-30": "43.94%", "2013-03-31": "43.85%", "2012-12-31": "42.86%", "2012-09-30": "41.41%", "2012-06-30": "40.77%", "2012-03-31": "48.61%", "2011-12-31": "48.10%", "2011-09-30": "48.08%", "2011-06-30": "49.35%", "2011-03-31": "37.93%", "2010-12-31": "39.30%", "2010-09-30": "38.36%", "2010-06-30": "33.17%", "2010-03-31": "30.56%", "2009-12-31": "25.81%", "2009-09-30": "22.58%", "2009-06-30": "22.17%", "2009-03-31": "22.71%", "2008-12-31": "22.28%", "2008-09-30": "22.77%", "2008-06-30": "22.77%", "2008-03-31": "22.89%", "2007-12-31": "23.00%", "2007-09-30": "23.23%", "2007-06-30": "23.08%", "2007-03-31": "23.40%", "2006-12-31": "25.14%", "2006-09-30": "27.54%", "2006-06-30": "30.52%", "2006-03-31": "32.87%", "2005-12-31": "34.85%"}, "net profit margin": {"2020-12-31": "24.62%", "2020-09-30": "22.76%", "2020-06-30": "21.96%", "2020-03-31": "26.24%", "2019-12-31": "33.65%", "2019-09-30": "34.51%", "2019-06-30": "32.52%", "2019-03-31": "33.41%", "2018-12-31": "34.49%", "2018-09-30": "38.36%", "2018-06-30": "41.23%", "2018-03-31": "40.58%", "2017-12-31": "39.96%", "2017-09-30": "35.58%", "2017-06-30": "35.35%", "2017-03-31": "35.41%", "2016-12-31": "35.25%", "2016-09-30": "35.04%", "2016-06-30": "35.80%", "2016-03-31": "36.19%", "2015-12-31": "35.34%", "2015-09-30": "34.44%", "2015-06-30": "33.41%", "2015-03-31": "31.74%", "2014-12-31": "31.47%", "2014-09-30": "31.29%", "2014-06-30": "31.56%", "2014-03-31": "31.67%", "2013-12-31": "31.25%", "2013-09-30": "31.41%", "2013-06-30": "30.30%", "2013-03-31": "30.38%", "2012-12-31": "29.73%", "2012-09-30": "28.91%", "2012-06-30": "28.46%", "2012-03-31": "32.51%", "2011-12-31": "32.28%", "2011-09-30": "32.37%", "2011-06-30": "32.90%", "2011-03-31": "27.16%", "2010-12-31": "27.95%", "2010-09-30": "26.03%", "2010-06-30": "22.61%", "2010-03-31": "20.37%", "2009-12-31": "17.05%", "2009-09-30": "16.59%", "2009-06-30": "16.74%", "2009-03-31": "17.39%", "2008-12-31": "17.33%", "2008-09-30": "16.83%", "2008-06-30": "16.34%", "2008-03-31": "15.92%", "2007-12-31": "16.00%", "2007-09-30": "15.66%", "2007-06-30": "15.90%", "2007-03-31": "16.49%", "2006-12-31": "17.32%", "2006-09-30": "19.16%", "2006-06-30": "20.78%", "2006-03-31": "22.38%", "2005-12-31": "23.48%"}, "pe ratio": {"current": "16.88", "2021-02-05": "28.77", "2020-12-31": "23.51", "2020-09-30": "9.95", "2020-06-30": "10.98", "2020-03-31": "6.28", "2019-12-31": "8.73", "2019-09-30": "7.49", "2019-06-30": "8.78", "2019-03-31": "8.32", "2018-12-31": "6.46", "2018-09-30": "9.91", "2018-06-30": "11.16", "2018-03-31": "12.46", "2017-12-31": "13.02", "2017-09-30": "14.70", "2017-06-30": "14.74", "2017-03-31": "17.14", "2016-12-31": "18.42", "2016-09-30": "14.29", "2016-06-30": "14.82", "2016-03-31": "17.27", "2015-12-31": "21.34", "2015-09-30": "20.25", "2015-06-30": "22.57", "2015-03-31": "20.11", "2014-12-31": "22.42", "2014-09-30": "19.96", "2014-06-30": "22.71", "2014-03-31": "24.12", "2013-12-31": "21.05", "2013-09-30": "18.29", "2013-06-30": "16.90", "2013-03-31": "17.38", "2012-12-31": "13.29", "2012-09-30": "14.15", "2012-06-30": "12.29", "2012-03-31": "8.93", "2011-12-31": "8.71", "2011-09-30": "6.16", "2011-06-30": "7.51", "2011-03-31": "10.17", "2010-12-31": "9.80", "2010-09-30": "9.40", "2010-06-30": "11.29", "2010-03-31": "11.50", "2009-12-31": "11.23", "2009-09-30": "10.26", "2009-06-30": "8.21", "2009-03-31": "8.92", "2008-12-31": "11.89", "2008-09-30": "11.23", "2008-06-30": "6.23", "2008-03-31": "10.14", "2007-12-31": "11.11", "2007-09-30": "13.03", "2007-06-30": "11.98", "2007-03-31": "12.37", "2006-12-31": "13.82"}, "price sales": {"2021-02-05": "4.15", "2020-12-31": "3.39", "2020-09-30": "2.26", "2020-06-30": "2.42", "2020-03-31": "1.65", "2019-12-31": "2.94", "2019-09-30": "2.58", "2019-06-30": "2.86", "2019-03-31": "2.78", "2018-12-31": "2.23", "2018-09-30": "3.79", "2018-06-30": "4.58", "2018-03-31": "5.03", "2017-12-31": "5.17", "2017-09-30": "5.03", "2017-06-30": "4.99", "2017-03-31": "5.83", "2016-12-31": "6.24", "2016-09-30": "5.01", "2016-06-30": "5.30", "2016-03-31": "6.20", "2015-12-31": "7.46", "2015-09-30": "6.86", "2015-06-30": "7.41", "2015-03-31": "6.31", "2014-12-31": "7.00", "2014-09-30": "6.27", "2014-06-30": "6.93", "2014-03-31": "7.38", "2013-12-31": "6.33", "2013-09-30": "5.50", "2013-06-30": "5.14", "2013-03-31": "5.27", "2012-12-31": "3.96", "2012-09-30": "4.09", "2012-06-30": "3.48", "2012-03-31": "2.90", "2011-12-31": "2.79", "2011-09-30": "1.99", "2011-06-30": "2.47", "2011-03-31": "2.75", "2010-12-31": "2.75", "2010-09-30": "2.44", "2010-06-30": "2.56", "2010-03-31": "2.32", "2009-12-31": "1.91", "2009-09-30": "1.72", "2009-06-30": "1.37", "2009-03-31": "1.55", "2008-12-31": "2.02", "2008-09-30": "1.83", "2008-06-30": "1.00", "2008-03-31": "1.61", "2007-12-31": "1.77", "2007-09-30": "2.08", "2007-06-30": "1.92", "2007-03-31": "2.04", "2006-12-31": "2.46"}, "price book": {"current": "1.15", "2021-02-05": "1.17", "2020-09-30": "0.65", "2020-06-30": "0.71", "2020-03-31": "0.51", "2019-12-31": "0.90", "2019-09-30": "0.81", "2019-06-30": "0.90", "2019-03-31": "0.89", "2018-12-31": "0.71", "2018-09-30": "1.22", "2018-06-30": "1.45", "2018-03-31": "1.59", "2017-12-31": "1.62", "2017-09-30": "1.65", "2017-06-30": "1.64", "2017-03-31": "1.96", "2016-12-31": "2.04", "2016-09-30": "1.51", "2016-06-30": "1.95", "2016-03-31": "2.25", "2015-12-31": "2.72", "2015-09-30": "2.62", "2015-06-30": "2.92", "2015-03-31": "2.42", "2014-12-31": "2.97", "2014-09-30": "2.55", "2014-06-30": "2.79", "2014-03-31": "3.40", "2013-12-31": "2.94", "2013-09-30": "2.54", "2013-06-30": "2.54", "2013-03-31": "2.62", "2012-12-31": "2.03", "2012-09-30": "2.17", "2012-06-30": "1.96", "2012-03-31": "2.10", "2011-12-31": "2.06", "2011-09-30": "1.50", "2011-06-30": "1.96", "2011-03-31": "1.89", "2010-12-31": "1.94", "2010-09-30": "1.67", "2010-06-30": "1.71", "2010-03-31": "1.74", "2009-12-31": "1.52", "2009-09-30": "1.07", "2009-06-30": "0.90", "2009-03-31": "0.93", "2008-12-31": "1.25", "2008-09-30": "1.69", "2008-06-30": "0.95", "2008-03-31": "1.50", "2007-12-31": "1.85", "2007-09-30": "2.17", "2007-06-30": "2.09", "2007-03-31": "2.09", "2006-12-31": "2.50", "2006-09-30": "2.68", "2006-06-30": "2.92", "2006-03-31": "3.12"}, "price fcf": {"2021-02-05": "", "2020-09-30": "$3.29", "2020-06-30": "$3.04", "2020-03-31": "$2.32", "2019-12-31": "$2.53", "2019-09-30": "$4.18", "2019-06-30": "$4.43", "2019-03-31": "$4.80", "2018-12-31": "$4.80", "2018-09-30": "$3.33", "2018-06-30": "$2.90", "2018-03-31": "$2.52", "2017-12-31": "$2.75", "2017-09-30": "$2.79", "2017-06-30": "$2.73", "2017-03-31": "$2.56", "2016-12-31": "$1.88", "2016-09-30": "$1.23", "2016-06-30": "$1.38", "2016-03-31": "$1.60", "2015-12-31": "$2.11", "2015-09-30": "$1.83", "2015-06-30": "$1.73", "2015-03-31": "$1.59", "2014-12-31": "$1.01", "2014-09-30": "$0.69", "2014-06-30": "$0.50", "2014-03-31": "$0.46", "2013-12-31": "$0.68", "2013-09-30": "$0.33", "2013-06-30": "$0.14", "2013-03-31": "$-0.36", "2012-12-31": "$-0.89", "2012-09-30": "$0.17", "2012-06-30": "$0.18", "2012-03-31": "$0.45", "2011-12-31": "$0.60", "2011-09-30": "$0.59", "2011-06-30": "$0.39", "2011-03-31": "$0.60", "2010-12-31": "$0.70", "2010-09-30": "$0.30", "2010-06-30": "$0.68", "2010-03-31": "$0.62", "2009-12-31": "$0.57", "2009-09-30": "$0.80", "2009-06-30": "$0.57", "2009-03-31": "$0.55", "2008-12-31": "$0.39", "2008-09-30": "$0.47", "2008-06-30": "$0.44", "2008-03-31": "$0.42", "2007-12-31": "$0.46", "2007-09-30": "$0.21", "2007-06-30": "$0.09", "2007-03-31": "$-0.03", "2006-12-31": "$-0.10"}, "net worth": {"value": "$4.91B"}, "current ratio": {"2020-12-31": "0.99", "2020-09-30": "0.98", "2020-06-30": "0.99", "2020-03-31": "1.02", "2019-12-31": "1.02", "2019-09-30": "1.00", "2019-06-30": "0.99", "2019-03-31": "0.96", "2018-12-31": "0.96", "2018-09-30": "0.95", "2018-06-30": "0.95", "2018-03-31": "0.95", "2017-12-31": "0.94", "2017-09-30": "0.99", "2017-06-30": "0.97", "2017-03-31": "0.99", "2016-12-31": "0.98", "2016-09-30": "0.99", "2016-06-30": "1.02", "2016-03-31": "1.01", "2015-12-31": "1.04", "2015-09-30": "0.99", "2015-06-30": "0.98", "2015-03-31": "0.99", "2014-12-31": "0.94", "2014-09-30": "0.95", "2014-06-30": "0.92", "2014-03-31": "0.95", "2013-12-31": "0.93", "2013-09-30": "0.95", "2013-06-30": "1.03", "2013-03-31": "0.99", "2012-12-31": "0.98", "2012-09-30": "1.00", "2012-06-30": "1.02", "2012-03-31": "1.00", "2011-12-31": "0.99", "2011-09-30": "0.71", "2011-06-30": "0.68", "2011-03-31": "0.77", "2010-12-31": "0.79", "2010-09-30": "0.82", "2010-06-30": "0.89", "2010-03-31": "0.87", "2009-12-31": "0.94", "2009-09-30": "0.92", "2009-06-30": "0.92", "2009-03-31": "0.85", "2008-12-31": "0.85", "2008-09-30": "0.89", "2008-06-30": "0.87", "2008-03-31": "0.89", "2007-12-31": "0.91", "2007-09-30": "0.89", "2007-06-30": "0.81", "2007-03-31": "0.79", "2006-12-31": "0.82", "2006-09-30": "0.81", "2006-06-30": "0.85", "2006-03-31": "0.81", "2005-12-31": "0.86", "2005-09-30": "0.89", "2005-06-30": "0.84", "2005-03-31": "0.84"}, "quick ratio": {"2020-12-31": "0.00", "2020-09-30": "0.00", "2020-06-30": "0.00", "2020-03-31": "0.00", "2019-12-31": "0.00", "2019-09-30": "0.00", "2019-06-30": "0.00", "2019-03-31": "0.00", "2018-12-31": "0.00", "2018-09-30": "0.00", "2018-06-30": "0.00", "2018-03-31": "0.00", "2017-12-31": "0.00", "2017-09-30": "0.00", "2017-06-30": "0.00", "2017-03-31": "0.00", "2016-12-31": "0.00", "2016-09-30": "0.00", "2016-06-30": "0.00", "2016-03-31": "0.00", "2015-12-31": "0.00", "2015-09-30": "0.00", "2015-06-30": "0.00", "2015-03-31": "0.00", "2014-12-31": "0.00", "2014-09-30": "0.00", "2014-06-30": "0.00", "2014-03-31": "0.00", "2013-12-31": "0.00", "2013-09-30": "0.00", "2013-06-30": "0.00", "2013-03-31": "0.00", "2012-12-31": "0.00", "2012-09-30": "0.00", "2012-06-30": "0.00", "2012-03-31": "0.00", "2011-12-31": "0.00", "2011-09-30": "0.00", "2011-06-30": "0.00", "2011-03-31": "0.00", "2010-12-31": "0.00", "2010-09-30": "0.00", "2010-06-30": "0.00", "2010-03-31": "0.00", "2009-12-31": "0.00", "2009-09-30": "0.00", "2009-06-30": "0.00", "2009-03-31": "0.00", "2008-12-31": "0.00", "2008-09-30": "0.00", "2008-06-30": "0.00", "2008-03-31": "0.00", "2007-12-31": "0.00", "2007-09-30": "0.00", "2007-06-30": "0.00", "2007-03-31": "0.00", "2006-12-31": "0.00", "2006-09-30": "0.00", "2006-06-30": "0.00", "2006-03-31": "0.00", "2005-12-31": "0.00", "2005-09-30": "0.00", "2005-06-30": "0.00", "2005-03-31": "0.00"}, "debt equity ratio": {"current": "0.26", "2020-12-31": "5.35", "2020-09-30": "5.42", "2020-06-30": "5.41", "2020-03-31": "5.01", "2019-12-31": "4.67", "2019-09-30": "4.73", "2019-06-30": "4.75", "2019-03-31": "4.92", "2018-12-31": "4.93", "2018-09-30": "5.04", "2018-06-30": "5.14", "2018-03-31": "5.24", "2017-12-31": "5.14", "2017-09-30": "5.22", "2017-06-30": "5.15", "2017-03-31": "5.66", "2016-12-31": "5.76", "2016-09-30": "5.69", "2016-06-30": "6.87", "2016-03-31": "6.56", "2015-12-31": "5.73", "2015-09-30": "6.08", "2015-06-30": "6.18", "2015-03-31": "6.02", "2014-12-31": "6.42", "2014-09-30": "6.49", "2014-06-30": "6.38", "2014-03-31": "6.62", "2013-12-31": "6.58", "2013-09-30": "6.65", "2013-06-30": "6.56", "2013-03-31": "6.50", "2012-12-31": "6.91", "2012-09-30": "6.94", "2012-06-30": "7.13", "2012-03-31": "7.60", "2011-12-31": "7.98", "2011-09-30": "8.58", "2011-06-30": "9.35", "2011-03-31": "8.83", "2010-12-31": "9.11", "2010-09-30": "8.94", "2010-06-30": "8.73", "2010-03-31": "9.52", "2009-12-31": "9.17", "2009-09-30": "7.27", "2009-06-30": "7.81", "2009-03-31": "8.16", "2008-12-31": "8.87", "2008-09-30": "13.01", "2008-06-30": "13.29", "2008-03-31": "13.10", "2007-12-31": "13.21", "2007-09-30": "13.05", "2007-06-30": "13.49", "2007-03-31": "12.96", "2006-12-31": "13.48", "2006-09-30": "14.10", "2006-06-30": "15.18", "2006-03-31": "13.63", "2005-12-31": "13.29", "2005-09-30": "13.12", "2005-06-30": "12.62", "2005-03-31": "13.19"}, "return on equity": {"2020-12-31": "7.01%", "2020-09-30": "6.58%", "2020-06-30": "6.50%", "2020-03-31": "8.04%", "2019-12-31": "10.60%", "2019-09-30": "11.21%", "2019-06-30": "10.74%", "2019-03-31": "11.12%", "2018-12-31": "11.44%", "2018-09-30": "12.56%", "2018-06-30": "13.48%", "2018-03-31": "13.12%", "2017-12-31": "13.04%", "2017-09-30": "11.86%", "2017-06-30": "11.77%", "2017-03-31": "12.29%", "2016-12-31": "12.52%", "2016-09-30": "12.77%", "2016-06-30": "13.86%", "2016-03-31": "14.08%", "2015-12-31": "14.05%", "2015-09-30": "14.35%", "2015-06-30": "14.52%", "2015-03-31": "13.90%", "2014-12-31": "14.28%", "2014-09-30": "14.14%", "2014-06-30": "14.62%", "2014-03-31": "15.54%", "2013-12-31": "15.58%", "2013-09-30": "15.90%", "2013-06-30": "15.58%", "2013-03-31": "15.94%", "2012-12-31": "16.20%", "2012-09-30": "16.28%", "2012-06-30": "16.94%", "2012-03-31": "25.10%", "2011-12-31": "26.07%", "2011-09-30": "27.65%", "2011-06-30": "29.76%", "2011-03-31": "19.72%", "2010-12-31": "20.86%", "2010-09-30": "19.40%", "2010-06-30": "14.95%", "2010-03-31": "14.15%", "2009-12-31": "11.37%", "2009-09-30": "10.60%", "2009-06-30": "12.05%", "2009-03-31": "13.02%", "2008-12-31": "14.33%", "2008-09-30": "16.19%", "2008-06-30": "16.30%", "2008-03-31": "16.54%", "2007-12-31": "17.30%", "2007-09-30": "17.13%", "2007-06-30": "17.66%", "2007-03-31": "18.40%", "2006-12-31": "19.22%", "2006-09-30": "20.68%", "2006-06-30": "21.51%", "2006-03-31": "21.88%", "2005-12-31": "22.18%"}, "return on assets": {"2020-12-31": "1.11%", "2020-09-30": "1.07%", "2020-06-30": "1.09%", "2020-03-31": "1.39%", "2019-12-31": "1.84%", "2019-09-30": "1.92%", "2019-06-30": "1.82%", "2019-03-31": "1.85%", "2018-12-31": "1.88%", "2018-09-30": "2.05%", "2018-06-30": "2.18%", "2018-03-31": "2.12%", "2017-12-31": "2.08%", "2017-09-30": "1.85%", "2017-06-30": "1.80%", "2017-03-31": "1.79%", "2016-12-31": "1.77%", "2016-09-30": "1.79%", "2016-06-30": "1.89%", "2016-03-31": "1.97%", "2015-12-31": "2.01%", "2015-09-30": "2.01%", "2015-06-30": "2.00%", "2015-03-31": "1.90%", "2014-12-31": "1.91%", "2014-09-30": "1.89%", "2014-06-30": "1.94%", "2014-03-31": "2.05%", "2013-12-31": "2.06%", "2013-09-30": "2.08%", "2013-06-30": "2.02%", "2013-03-31": "2.03%", "2012-12-31": "1.99%", "2012-09-30": "1.94%", "2012-06-30": "1.93%", "2012-03-31": "2.69%", "2011-12-31": "2.70%", "2011-09-30": "2.77%", "2011-06-30": "2.96%", "2011-03-31": "1.99%", "2010-12-31": "2.07%", "2010-09-30": "1.93%", "2010-06-30": "1.56%", "2010-03-31": "1.51%", "2009-12-31": "1.26%", "2009-09-30": "1.18%", "2009-06-30": "1.19%", "2009-03-31": "1.15%", "2008-12-31": "1.13%", "2008-09-30": "1.14%", "2008-06-30": "1.15%", "2008-03-31": "1.16%", "2007-12-31": "1.22%", "2007-09-30": "1.20%", "2007-06-30": "1.22%", "2007-03-31": "1.24%", "2006-12-31": "1.28%", "2006-09-30": "1.37%", "2006-06-30": "1.45%", "2006-03-31": "1.54%", "2005-12-31": "1.58%"}, "return on investments": {"2020-12-31": "6.98%", "2020-09-30": "6.77%", "2020-06-30": "6.92%", "2020-03-31": "8.84%", "2019-12-31": "12.30%", "2019-09-30": "13.15%", "2019-06-30": "12.86%", "2019-03-31": "13.51%", "2018-12-31": "13.81%", "2018-09-30": "14.04%", "2018-06-30": "15.60%", "2018-03-31": "15.69%", "2017-12-31": "16.08%", "2017-09-30": "16.46%", "2017-06-30": "16.24%", "2017-03-31": "16.63%", "2016-12-31": "17.11%", "2016-09-30": "17.23%", "2016-06-30": "18.23%", "2016-03-31": "18.44%", "2015-12-31": "17.48%", "2015-09-30": "17.42%", "2015-06-30": "16.76%", "2015-03-31": "15.38%", "2014-12-31": "14.81%", "2014-09-30": "14.01%", "2014-06-30": "14.09%", "2014-03-31": "13.92%", "2013-12-31": "13.88%", "2013-09-30": "13.68%", "2013-06-30": "13.08%", "2013-03-31": "13.31%", "2012-12-31": "13.28%", "2012-09-30": "12.92%", "2012-06-30": "13.17%", "2012-03-31": "20.26%", "2011-12-31": "20.31%", "2011-09-30": "20.91%", "2011-06-30": "21.99%", "2011-03-31": "13.14%", "2010-12-31": "13.40%", "2010-09-30": "12.46%", "2010-06-30": "9.45%", "2010-03-31": "9.12%", "2009-12-31": "7.48%", "2009-09-30": "6.26%", "2009-06-30": "6.39%", "2009-03-31": "6.24%", "2008-12-31": "6.01%", "2008-09-30": "6.64%", "2008-06-30": "7.01%", "2008-03-31": "8.02%", "2007-12-31": "10.04%", "2007-09-30": "10.99%", "2007-06-30": "11.53%", "2007-03-31": "10.16%", "2006-12-31": "9.67%", "2006-09-30": "9.55%", "2006-06-30": "9.54%", "2006-03-31": "10.23%", "2005-12-31": "10.42%"}, "return on tangible equity": {"2020-09-30": "7.87%", "2020-06-30": "7.79%", "2020-03-31": "9.67%", "2019-12-31": "12.78%", "2019-09-30": "13.60%", "2019-06-30": "13.12%", "2019-03-31": "13.67%", "2018-12-31": "14.17%", "2018-09-30": "15.65%", "2018-06-30": "16.91%", "2018-03-31": "16.59%", "2017-12-31": "16.73%", "2017-09-30": "15.48%", "2017-06-30": "15.61%", "2017-03-31": "15.99%", "2016-12-31": "15.70%", "2016-09-30": "15.22%", "2016-06-30": "15.48%", "2016-03-31": "15.84%", "2015-12-31": "15.95%", "2015-09-30": "16.37%", "2015-06-30": "16.58%", "2015-03-31": "15.88%", "2014-12-31": "15.93%", "2014-09-30": "15.45%", "2014-06-30": "15.57%", "2014-03-31": "16.01%", "2013-12-31": "16.01%", "2013-09-30": "16.30%", "2013-06-30": "15.92%", "2013-03-31": "16.31%", "2012-12-31": "16.59%", "2012-09-30": "16.69%", "2012-06-30": "17.41%", "2012-03-31": "25.86%", "2011-12-31": "26.84%", "2011-09-30": "28.45%", "2011-06-30": "30.58%", "2011-03-31": "20.21%", "2010-12-31": "21.39%", "2010-09-30": "19.86%", "2010-06-30": "15.25%", "2010-03-31": "14.40%", "2009-12-31": "11.55%", "2009-09-30": "10.78%", "2009-06-30": "12.27%", "2009-03-31": "13.28%", "2008-12-31": "14.64%", "2008-09-30": "16.61%", "2008-06-30": "16.75%", "2008-03-31": "17.04%", "2007-12-31": "17.88%", "2007-09-30": "17.74%", "2007-06-30": "18.34%", "2007-03-31": "19.17%", "2006-12-31": "20.06%", "2006-09-30": "21.59%", "2006-06-30": "22.46%", "2006-03-31": "22.86%", "2005-12-31": "23.26%"}, "dividend yield history": {"last payout": "$1.11", "last yield": "2.92%"}}