{"ticker": "BAC", "price": {"title": "Bank Of America Historical Annual Stock Price Data", "value": 32.37, "historical": {"2021": {"Average Stock Price": "31.7829", "Year Open": "30.0300", "Year High": "33.9900", "Year Low": "29.6500", "Year Close": "32.3700", "Annual % Change": "6.80%"}, "2020": {"Average Stock Price": "26.3085", "Year Open": "35.6400", "Year High": "35.6400", "Year Low": "18.0800", "Year Close": "30.3100", "Annual % Change": "-13.94%"}, "2019": {"Average Stock Price": "29.5613", "Year Open": "24.9600", "Year High": "35.5200", "Year Low": "24.5600", "Year Close": "35.2200", "Annual % Change": "42.94%"}, "2018": {"Average Stock Price": "29.6951", "Year Open": "29.9000", "Year High": "32.8400", "Year Low": "22.7300", "Year Close": "24.6400", "Annual % Change": "-16.53%"}, "2017": {"Average Stock Price": "24.7238", "Year Open": "22.5300", "Year High": "29.8800", "Year Low": "22.0500", "Year Close": "29.5200", "Annual % Change": "33.57%"}, "2016": {"Average Stock Price": "15.4319", "Year Open": "16.4300", "Year High": "23.1600", "Year Low": "11.1600", "Year Close": "22.1000", "Annual % Change": "31.31%"}, "2015": {"Average Stock Price": "16.5757", "Year Open": "17.9000", "Year High": "18.4500", "Year Low": "15.1500", "Year Close": "16.8300", "Annual % Change": "-5.93%"}, "2014": {"Average Stock Price": "16.3444", "Year Open": "16.1000", "Year High": "18.1300", "Year Low": "14.5100", "Year Close": "17.8900", "Annual % Change": "14.90%"}, "2013": {"Average Stock Price": "13.4488", "Year Open": "12.0300", "Year High": "15.8800", "Year Low": "11.0300", "Year Close": "15.5700", "Annual % Change": "34.11%"}, "2012": {"Average Stock Price": "8.4462", "Year Open": "5.8000", "Year High": "11.6100", "Year Low": "5.8000", "Year Close": "11.6100", "Annual % Change": "108.81%"}, "2011": {"Average Stock Price": "10.0269", "Year Open": "14.1900", "Year High": "15.2500", "Year Low": "4.9850", "Year Close": "5.5600", "Annual % Change": "-58.32%"}, "2010": {"Average Stock Price": "14.6932", "Year Open": "15.6900", "Year High": "19.4800", "Year Low": "10.9500", "Year Close": "13.3400", "Annual % Change": "-11.42%"}, "2009": {"Average Stock Price": "12.3531", "Year Open": "14.3300", "Year High": "18.5900", "Year Low": "3.1400", "Year Close": "15.0600", "Annual % Change": "6.96%"}, "2008": {"Average Stock Price": "30.7568", "Year Open": "40.5600", "Year High": "45.0300", "Year Low": "11.2500", "Year Close": "14.0800", "Annual % Change": "-65.87%"}, "2007": {"Average Stock Price": "49.5400", "Year Open": "53.3300", "Year High": "54.0500", "Year Low": "41.1000", "Year Close": "41.2600", "Annual % Change": "-22.72%"}, "2006": {"Average Stock Price": "49.6350", "Year Open": "47.0800", "Year High": "54.9000", "Year Low": "43.0900", "Year Close": "53.3900", "Annual % Change": "15.69%"}, "2005": {"Average Stock Price": "44.9060", "Year Open": "46.4600", "Year High": "47.0800", "Year Low": "41.5700", "Year Close": "46.1500", "Annual % Change": "-1.79%"}, "2004": {"Average Stock Price": "42.6179", "Year Open": "39.5450", "Year High": "47.4400", "Year Low": "38.9600", "Year Close": "46.9900", "Annual % Change": "16.85%"}, "2003": {"Average Stock Price": "37.7273", "Year Open": "35.3400", "Year High": "41.7650", "Year Low": "32.8150", "Year Close": "40.2150", "Annual % Change": "15.61%"}, "2002": {"Average Stock Price": "33.8107", "Year Open": "31.4800", "Year High": "38.4500", "Year Low": "27.0750", "Year Close": "34.7850", "Annual % Change": "10.52%"}, "2001": {"Average Stock Price": "28.6454", "Year Open": "23.3750", "Year High": "32.5000", "Year Low": "23.3750", "Year Close": "31.4750", "Annual % Change": "37.21%"}, "2000": {"Average Stock Price": "24.3365", "Year Open": "24.2200", "Year High": "30.5000", "Year Low": "19.0000", "Year Close": "22.9400", "Annual % Change": "-8.59%"}, "1999": {"Average Stock Price": "32.1823", "Year Open": "30.2500", "Year High": "37.7500", "Year Low": "24.0000", "Year Close": "25.0950", "Annual % Change": "-16.53%"}, "1998": {"Average Stock Price": "33.8376", "Year Open": "30.3750", "Year High": "43.9700", "Year Low": "24.0300", "Year Close": "30.0650", "Annual % Change": "-1.12%"}, "1997": {"Average Stock Price": "30.4940", "Year Open": "24.3425", "Year High": "35.5950", "Year Low": "24.3425", "Year Close": "30.4050", "Annual % Change": "24.42%"}, "1996": {"Average Stock Price": "20.8137", "Year Open": "17.3425", "Year High": "26.0625", "Year Low": "16.3125", "Year Close": "24.4375", "Annual % Change": "40.41%"}, "1995": {"Average Stock Price": "14.5268", "Year Open": "11.4375", "Year High": "18.6250", "Year Low": "11.3750", "Year Close": "17.4050", "Annual % Change": "54.27%"}, "1994": {"Average Stock Price": "12.6329", "Year Open": "12.0950", "Year High": "14.2500", "Year Low": "10.9375", "Year Close": "11.2825", "Annual % Change": "-7.90%"}, "1993": {"Average Stock Price": "12.6734", "Year Open": "12.7825", "Year High": "14.4075", "Year Low": "11.3125", "Year Close": "12.2500", "Annual % Change": "-4.63%"}, "1992": {"Average Stock Price": "11.5788", "Year Open": "10.0950", "Year High": "13.2200", "Year Low": "10.0950", "Year Close": "12.8450", "Annual % Change": "26.46%"}, "1991": {"Average Stock Price": "8.8092", "Year Open": "5.8125", "Year High": "10.6575", "Year Low": "5.4375", "Year Close": "10.1575", "Annual % Change": "77.66%"}, "1990": {"Average Stock Price": "8.5085", "Year Open": "11.6575", "Year High": "11.7500", "Year Low": "4.2500", "Year Close": "5.7175", "Annual % Change": "-50.55%"}, "1989": {"Average Stock Price": "10.7629", "Year Open": "6.8125", "Year High": "13.7200", "Year Low": "6.8125", "Year Close": "11.5625", "Annual % Change": "69.72%"}, "1988": {"Average Stock Price": "6.0035", "Year Open": "4.5925", "Year High": "7.2175", "Year Low": "4.5925", "Year Close": "6.8125", "Annual % Change": "57.97%"}, "1987": {"Average Stock Price": "5.8471", "Year Open": "5.5625", "Year High": "7.1550", "Year Low": "4.1250", "Year Close": "4.3125", "Annual % Change": "-19.77%"}}}, "market cap": {"value": "$280.03B"}, "income statement": {"Revenue": {"2020-12-31": "93753.00000", "2019-12-31": "113589.00000", "2018-12-31": "109627.00000", "2017-12-31": "99466.00000", "2016-12-31": "93662.00000", "2015-12-31": "93514.00000", "2014-12-31": "96829.00000", "2013-12-31": "101697.00000", "2012-12-31": "100078.00000", "2011-12-31": "115074.00000", "2010-12-31": "134194.00000", "2009-12-31": "150450.00000", "2008-12-31": "113106.00000", "2007-12-31": "119696.00000", "2006-12-31": "116767.00000", "2005-12-31": "85064.00000"}, "Cost Of Goods Sold": {"2020-12-31": "8225.00000", "2019-12-31": "22345.00000", "2018-12-31": "18607.00000", "2017-12-31": "12340.00000", "2016-12-31": "9961.00000", "2015-12-31": "10549.00000", "2014-12-31": "10935.00000", "2013-12-31": "12755.00000", "2012-12-31": "16744.00000", "2011-12-31": "21620.00000", "2010-12-31": "23974.00000", "2009-12-31": "30807.00000", "2008-12-31": "40324.00000", "2007-12-31": "52863.00000", "2006-12-31": "43991.00000", "2005-12-31": "27889.00000"}, "Gross Profit": {"2020-12-31": "85528.00000", "2019-12-31": "91244.00000", "2018-12-31": "91020.00000", "2017-12-31": "87126.00000", "2016-12-31": "83701.00000", "2015-12-31": "82965.00000", "2014-12-31": "85894.00000", "2013-12-31": "88942.00000", "2012-12-31": "83334.00000", "2011-12-31": "93454.00000", "2010-12-31": "110220.00000", "2009-12-31": "119643.00000", "2008-12-31": "72782.00000", "2007-12-31": "66833.00000", "2006-12-31": "72776.00000", "2005-12-31": "57175.00000"}, "Research And Development Expenses": {"2020-12-31": "", "2019-12-31": "", "2018-12-31": "", "2017-12-31": "", "2016-12-31": "", "2015-12-31": "", "2014-12-31": "", "2013-12-31": "", "2012-12-31": "", "2011-12-31": "", "2010-12-31": "", "2009-12-31": "", "2008-12-31": "", "2007-12-31": "", "2006-12-31": "", "2005-12-31": ""}, "SG&A Expenses": {"2020-12-31": "11320.00000", "2019-12-31": "58490.00000", "2018-12-31": "56436.00000", "2017-12-31": "57913.00000", "2016-12-31": "58680.00000", "2015-12-31": "60778.00000", "2014-12-31": "76995.00000", "2013-12-31": "71684.00000", "2012-12-31": "78998.00000", "2011-12-31": "88353.00000", "2010-12-31": "95592.00000", "2009-12-31": "110584.00000", "2008-12-31": "65585.00000", "2007-12-31": "43823.00000", "2006-12-31": "38243.00000", "2005-12-31": "31474.00000"}, "Other Operating Income Or Expenses": {"2020-12-31": "", "2019-12-31": "", "2018-12-31": "", "2017-12-31": "", "2016-12-31": "", "2015-12-31": "", "2014-12-31": "", "2013-12-31": "", "2012-12-31": "", "2011-12-31": "", "2010-12-31": "", "2009-12-31": "", "2008-12-31": "", "2007-12-31": "", "2006-12-31": "", "2005-12-31": ""}, "Operating Expenses": {"2020-12-31": "19545.00000", "2019-12-31": "80835.00000", "2018-12-31": "75043.00000", "2017-12-31": "70253.00000", "2016-12-31": "68641.00000", "2015-12-31": "71327.00000", "2014-12-31": "88866.00000", "2013-12-31": "85525.00000", "2012-12-31": "97006.00000", "2011-12-31": "114666.00000", "2010-12-31": "133697.00000", "2009-12-31": "143369.00000", "2008-12-31": "107743.00000", "2007-12-31": "98362.00000", "2006-12-31": "83989.00000", "2005-12-31": "60172.00000"}, "Operating Income": {"2020-12-31": "74208.00000", "2019-12-31": "32754.00000", "2018-12-31": "34584.00000", "2017-12-31": "29213.00000", "2016-12-31": "25021.00000", "2015-12-31": "22187.00000", "2014-12-31": "7963.00000", "2013-12-31": "16172.00000", "2012-12-31": "3072.00000", "2011-12-31": "408.00000", "2010-12-31": "497.00000", "2009-12-31": "7081.00000", "2008-12-31": "5363.00000", "2007-12-31": "21334.00000", "2006-12-31": "32778.00000", "2005-12-31": "24892.00000"}, "Total Non-Operating Income/Expense": {"2020-12-31": "", "2019-12-31": "", "2018-12-31": "", "2017-12-31": "", "2016-12-31": "", "2015-12-31": "", "2014-12-31": "", "2013-12-31": "", "2012-12-31": "", "2011-12-31": "-638.00000", "2010-12-31": "-1820.00000", "2009-12-31": "-2721.00000", "2008-12-31": "-935.00000", "2007-12-31": "-410.00000", "2006-12-31": "-805.00000", "2005-12-31": "-412.00000"}, "Pre-Tax Income": {"2020-12-31": "18995.00000", "2019-12-31": "32754.00000", "2018-12-31": "34584.00000", "2017-12-31": "29213.00000", "2016-12-31": "25021.00000", "2015-12-31": "22187.00000", "2014-12-31": "7963.00000", "2013-12-31": "16172.00000", "2012-12-31": "3072.00000", "2011-12-31": "-230.00000", "2010-12-31": "-1323.00000", "2009-12-31": "4360.00000", "2008-12-31": "4428.00000", "2007-12-31": "20924.00000", "2006-12-31": "31973.00000", "2005-12-31": "24480.00000"}, "Income Taxes": {"2020-12-31": "1101.00000", "2019-12-31": "5324.00000", "2018-12-31": "6437.00000", "2017-12-31": "10981.00000", "2016-12-31": "7199.00000", "2015-12-31": "6277.00000", "2014-12-31": "2443.00000", "2013-12-31": "4741.00000", "2012-12-31": "-1116.00000", "2011-12-31": "-1676.00000", "2010-12-31": "915.00000", "2009-12-31": "-1916.00000", "2008-12-31": "420.00000", "2007-12-31": "5942.00000", "2006-12-31": "10840.00000", "2005-12-31": "8015.00000"}, "Income After Taxes": {"2020-12-31": "17894.00000", "2019-12-31": "27430.00000", "2018-12-31": "28147.00000", "2017-12-31": "18232.00000", "2016-12-31": "17822.00000", "2015-12-31": "15910.00000", "2014-12-31": "5520.00000", "2013-12-31": "11431.00000", "2012-12-31": "4188.00000", "2011-12-31": "1446.00000", "2010-12-31": "-2238.00000", "2009-12-31": "6276.00000", "2008-12-31": "4008.00000", "2007-12-31": "14982.00000", "2006-12-31": "21133.00000", "2005-12-31": "16465.00000"}, "Other Income": {"2020-12-31": "", "2019-12-31": "", "2018-12-31": "", "2017-12-31": "", "2016-12-31": "", "2015-12-31": "", "2014-12-31": "", "2013-12-31": "", "2012-12-31": "", "2011-12-31": "", "2010-12-31": "", "2009-12-31": "", "2008-12-31": "", "2007-12-31": "", "2006-12-31": "", "2005-12-31": ""}, "Income From Continuous Operations": {"2020-12-31": "17894.00000", "2019-12-31": "27430.00000", "2018-12-31": "28147.00000", "2017-12-31": "18232.00000", "2016-12-31": "17822.00000", "2015-12-31": "15910.00000", "2014-12-31": "5520.00000", "2013-12-31": "11431.00000", "2012-12-31": "4188.00000", "2011-12-31": "1446.00000", "2010-12-31": "-2238.00000", "2009-12-31": "6276.00000", "2008-12-31": "4008.00000", "2007-12-31": "14982.00000", "2006-12-31": "21133.00000", "2005-12-31": "16465.00000"}, "Income From Discontinued Operations": {"2020-12-31": "", "2019-12-31": "", "2018-12-31": "", "2017-12-31": "", "2016-12-31": "", "2015-12-31": "", "2014-12-31": "", "2013-12-31": "", "2012-12-31": "", "2011-12-31": "", "2010-12-31": "", "2009-12-31": "", "2008-12-31": "", "2007-12-31": "", "2006-12-31": "", "2005-12-31": ""}, "Net Income": {"2020-12-31": "16473.00000", "2019-12-31": "25998.00000", "2018-12-31": "26696.00000", "2017-12-31": "16618.00000", "2016-12-31": "16140.00000", "2015-12-31": "14427.00000", "2014-12-31": "4476.00000", "2013-12-31": "10082.00000", "2012-12-31": "2760.00000", "2011-12-31": "85.00000", "2010-12-31": "-3599.00000", "2009-12-31": "-2204.00000", "2008-12-31": "2487.00000", "2007-12-31": "14692.00000", "2006-12-31": "21111.00000", "2005-12-31": "16447.00000"}, "EBITDA": {"2020-12-31": "", "2019-12-31": "", "2018-12-31": "", "2017-12-31": "", "2016-12-31": "", "2015-12-31": "", "2014-12-31": "", "2013-12-31": "", "2012-12-31": "", "2011-12-31": "", "2010-12-31": "", "2009-12-31": "", "2008-12-31": "", "2007-12-31": "", "2006-12-31": "", "2005-12-31": ""}, "EBIT": {"2020-12-31": "", "2019-12-31": "", "2018-12-31": "", "2017-12-31": "", "2016-12-31": "", "2015-12-31": "", "2014-12-31": "", "2013-12-31": "", "2012-12-31": "", "2011-12-31": "", "2010-12-31": "", "2009-12-31": "", "2008-12-31": "", "2007-12-31": "", "2006-12-31": "", "2005-12-31": ""}, "Basic Shares Outstanding": {"2020-12-31": "8753.20000", "2019-12-31": "9390.50000", "2018-12-31": "10096.50000", "2017-12-31": "10195.60000", "2016-12-31": "10284.10000", "2015-12-31": "10462.28000", "2014-12-31": "10527.82000", "2013-12-31": "10731.17000", "2012-12-31": "10746.03000", "2011-12-31": "10142.63000", "2010-12-31": "9790.47200", "2009-12-31": "7728.57000", "2008-12-31": "4592.08500", "2007-12-31": "4423.57900", "2006-12-31": "4526.63700", "2005-12-31": "4008.68800"}, "Shares Outstanding": {"2020-12-31": "8796.90000", "2019-12-31": "9442.90000", "2018-12-31": "10236.90000", "2017-12-31": "10778.40000", "2016-12-31": "11046.80000", "2015-12-31": "11236.23000", "2014-12-31": "10584.54000", "2013-12-31": "11491.42000", "2012-12-31": "10840.85000", "2011-12-31": "10254.82000", "2010-12-31": "9790.47200", "2009-12-31": "7728.57000", "2008-12-31": "4596.42800", "2007-12-31": "4463.21300", "2006-12-31": "4595.89600", "2005-12-31": "4068.14000"}, "Basic EPS": {"2020-12-31": "1.88000", "2019-12-31": "2.77000", "2018-12-31": "2.64000", "2017-12-31": "1.63000", "2016-12-31": "1.57000", "2015-12-31": "1.38000", "2014-12-31": "0.43000", "2013-12-31": "0.94000", "2012-12-31": "0.26000", "2011-12-31": "0.01000", "2010-12-31": "-0.37000", "2009-12-31": "-0.29000", "2008-12-31": "0.54000", "2007-12-31": "3.32000", "2006-12-31": "4.66000", "2005-12-31": "4.10000"}, "EPS - Earnings Per Share": {"2020-12-31": "1.87000", "2019-12-31": "2.75000", "2018-12-31": "2.61000", "2017-12-31": "1.56000", "2016-12-31": "1.49000", "2015-12-31": "1.31000", "2014-12-31": "0.42000", "2013-12-31": "0.90000", "2012-12-31": "0.25000", "2011-12-31": "0.01000", "2010-12-31": "-0.37000", "2009-12-31": "-0.29000", "2008-12-31": "0.54000", "2007-12-31": "3.29000", "2006-12-31": "4.59000", "2005-12-31": "4.04000"}}, "income statement, quarterly": {"Revenue": {"2020-12-31": "21307.00000", "2020-09-30": "21693.00000", "2020-06-30": "24018.00000", "2020-03-31": "26735.00000", "2019-12-31": "27135.00000", "2019-09-30": "28536.00000", "2019-06-30": "29119.00000", "2019-03-31": "28799.00000", "2018-12-31": "28009.00000", "2018-09-30": "27628.00000", "2018-06-30": "27090.00000", "2018-03-31": "26900.00000", "2017-12-31": "23242.00000", "2017-09-30": "25335.00000", "2017-06-30": "25989.00000", "2017-03-31": "24900.00000", "2016-12-31": "22563.00000", "2016-09-30": "24044.00000", "2016-06-30": "23742.00000", "2016-03-31": "23313.00000", "2015-12-31": "22000.00000", "2015-09-30": "23488.00000", "2015-06-30": "24600.00000", "2015-03-31": "23426.00000", "2014-12-31": "22890.00000", "2014-09-30": "23848.00000", "2014-06-30": "24675.00000", "2014-03-31": "25416.00000", "2013-12-31": "24414.00000", "2013-09-30": "24646.00000", "2013-06-30": "26003.00000", "2013-03-31": "26634.00000", "2012-12-31": "22307.00000", "2012-09-30": "24466.00000", "2012-06-30": "26412.00000", "2012-03-31": "26893.00000", "2011-12-31": "29600.00000", "2011-09-30": "33816.00000", "2011-06-30": "19038.00000", "2011-03-31": "32620.00000", "2010-12-31": "28249.00000", "2010-09-30": "32474.00000", "2010-06-30": "35372.00000", "2010-03-31": "38099.00000", "2009-12-31": "31162.00000", "2009-09-30": "33135.00000", "2009-06-30": "40736.00000", "2009-03-31": "45417.00000", "2008-12-31": "24176.00000", "2008-09-30": "30175.00000", "2008-06-30": "29816.00000", "2008-03-31": "28939.00000", "2007-12-31": "27268.00000", "2007-09-30": "29513.00000", "2007-06-30": "32468.00000", "2007-03-31": "30447.00000", "2006-12-31": "30571.00000", "2006-09-30": "30270.00000", "2006-06-30": "28886.00000", "2006-03-31": "27040.00000", "2005-12-31": "22040.00000", "2005-09-30": "21650.00000", "2005-06-30": "21547.00000", "2005-03-31": "19827.00000"}, "Cost Of Goods Sold": {"2020-12-31": "1208.00000", "2020-09-30": "1357.00000", "2020-06-30": "1692.00000", "2020-03-31": "3968.00000", "2019-12-31": "4786.00000", "2019-09-30": "5729.00000", "2019-06-30": "6035.00000", "2019-03-31": "5795.00000", "2018-12-31": "5332.00000", "2018-09-30": "4904.00000", "2018-06-30": "4541.00000", "2018-03-31": "3830.00000", "2017-12-31": "3032.00000", "2017-09-30": "3496.00000", "2017-06-30": "3160.00000", "2017-03-31": "2652.00000", "2016-12-31": "2573.00000", "2016-09-30": "2409.00000", "2016-06-30": "2456.00000", "2016-03-31": "2523.00000", "2015-12-31": "2897.00000", "2015-09-30": "2496.00000", "2015-06-30": "2644.00000", "2015-03-31": "2512.00000", "2014-12-31": "2518.00000", "2014-09-30": "2639.00000", "2014-06-30": "2928.00000", "2014-03-31": "2850.00000", "2013-12-31": "2926.00000", "2013-09-30": "3116.00000", "2013-06-30": "3276.00000", "2013-03-31": "3437.00000", "2012-12-31": "3647.00000", "2012-09-30": "4038.00000", "2012-06-30": "4444.00000", "2012-03-31": "4615.00000", "2011-12-31": "4712.00000", "2011-09-30": "5363.00000", "2011-06-30": "5802.00000", "2011-03-31": "5743.00000", "2010-12-31": "5851.00000", "2010-09-30": "5774.00000", "2010-06-30": "6219.00000", "2010-03-31": "6130.00000", "2009-12-31": "6086.00000", "2009-09-30": "7100.00000", "2009-06-30": "7962.00000", "2009-03-31": "9659.00000", "2008-12-31": "8496.00000", "2008-09-30": "10554.00000", "2008-06-30": "9406.00000", "2008-03-31": "11868.00000", "2007-12-31": "14312.00000", "2007-09-30": "13416.00000", "2007-06-30": "12843.00000", "2007-03-31": "12292.00000", "2006-12-31": "11889.00000", "2006-09-30": "12086.00000", "2006-06-30": "10667.00000", "2006-03-31": "9349.00000", "2005-12-31": "8159.00000", "2005-09-30": "7470.00000", "2005-06-30": "6630.00000", "2005-03-31": "5630.00000"}, "Gross Profit": {"2020-12-31": "20099.00000", "2020-09-30": "20336.00000", "2020-06-30": "22326.00000", "2020-03-31": "22767.00000", "2019-12-31": "22349.00000", "2019-09-30": "22807.00000", "2019-06-30": "23084.00000", "2019-03-31": "23004.00000", "2018-12-31": "22677.00000", "2018-09-30": "22724.00000", "2018-06-30": "22549.00000", "2018-03-31": "23070.00000", "2017-12-31": "20210.00000", "2017-09-30": "21839.00000", "2017-06-30": "22829.00000", "2017-03-31": "22248.00000", "2016-12-31": "19990.00000", "2016-09-30": "21635.00000", "2016-06-30": "21286.00000", "2016-03-31": "20790.00000", "2015-12-31": "19103.00000", "2015-09-30": "20992.00000", "2015-06-30": "21956.00000", "2015-03-31": "20914.00000", "2014-12-31": "20372.00000", "2014-09-30": "21209.00000", "2014-06-30": "21747.00000", "2014-03-31": "22566.00000", "2013-12-31": "21488.00000", "2013-09-30": "21530.00000", "2013-06-30": "22727.00000", "2013-03-31": "23197.00000", "2012-12-31": "18660.00000", "2012-09-30": "20428.00000", "2012-06-30": "21968.00000", "2012-03-31": "22278.00000", "2011-12-31": "24888.00000", "2011-09-30": "28453.00000", "2011-06-30": "13236.00000", "2011-03-31": "26877.00000", "2010-12-31": "22398.00000", "2010-09-30": "26700.00000", "2010-06-30": "29153.00000", "2010-03-31": "31969.00000", "2009-12-31": "25076.00000", "2009-09-30": "26035.00000", "2009-06-30": "32774.00000", "2009-03-31": "35758.00000", "2008-12-31": "15680.00000", "2008-09-30": "19621.00000", "2008-06-30": "20410.00000", "2008-03-31": "17071.00000", "2007-12-31": "12956.00000", "2007-09-30": "16097.00000", "2007-06-30": "19625.00000", "2007-03-31": "18155.00000", "2006-12-31": "18682.00000", "2006-09-30": "18184.00000", "2006-06-30": "18219.00000", "2006-03-31": "17691.00000", "2005-12-31": "13881.00000", "2005-09-30": "14180.00000", "2005-06-30": "14917.00000", "2005-03-31": "14197.00000"}, "Research And Development Expenses": {"2020-12-31": "", "2020-09-30": "", "2020-06-30": "", "2020-03-31": "", "2019-12-31": "", "2019-09-30": "", "2019-06-30": "", "2019-03-31": "", "2018-12-31": "", "2018-09-30": "", "2018-06-30": "", "2018-03-31": "", "2017-12-31": "", "2017-09-30": "", "2017-06-30": "", "2017-03-31": "", "2016-12-31": "", "2016-09-30": "", "2016-06-30": "", "2016-03-31": "", "2015-12-31": "", "2015-09-30": "", "2015-06-30": "", "2015-03-31": "", "2014-12-31": "", "2014-09-30": "", "2014-06-30": "", "2014-03-31": "", "2013-12-31": "", "2013-09-30": "", "2013-06-30": "", "2013-03-31": "", "2012-12-31": "", "2012-09-30": "", "2012-06-30": "", "2012-03-31": "", "2011-12-31": "", "2011-09-30": "", "2011-06-30": "", "2011-03-31": "", "2010-12-31": "", "2010-09-30": "", "2010-06-30": "", "2010-03-31": "", "2009-12-31": "", "2009-09-30": "", "2009-06-30": "", "2009-03-31": "", "2008-12-31": "", "2008-09-30": "", "2008-06-30": "", "2008-03-31": "", "2007-12-31": "", "2007-09-30": "", "2007-06-30": "", "2007-03-31": "", "2006-12-31": "", "2006-09-30": "", "2006-06-30": "", "2006-03-31": "", "2005-12-31": "", "2005-09-30": "", "2005-06-30": "", "2005-03-31": ""}, "SG&A Expenses": {"2020-12-31": "13980.00000", "2020-09-30": "15790.00000", "2020-06-30": "18527.00000", "2020-03-31": "18236.00000", "2019-12-31": "14180.00000", "2019-09-30": "15948.00000", "2019-06-30": "14125.00000", "2019-03-31": "14237.00000", "2018-12-31": "13979.00000", "2018-09-30": "13730.00000", "2018-06-30": "14051.00000", "2018-03-31": "14676.00000", "2017-12-31": "14049.00000", "2017-09-30": "14228.00000", "2017-06-30": "14708.00000", "2017-03-31": "14928.00000", "2016-12-31": "14621.00000", "2016-09-30": "14150.00000", "2016-06-30": "14283.00000", "2016-03-31": "15626.00000", "2015-12-31": "15335.00000", "2015-09-30": "14538.00000", "2015-06-30": "14526.00000", "2015-03-31": "16379.00000", "2014-12-31": "14726.00000", "2014-09-30": "20544.00000", "2014-06-30": "18717.00000", "2014-03-31": "23008.00000", "2013-12-31": "17377.00000", "2013-09-30": "16415.00000", "2013-06-30": "16955.00000", "2013-03-31": "20937.00000", "2012-12-31": "20255.00000", "2012-09-30": "19003.00000", "2012-06-30": "18500.00000", "2012-03-31": "21240.00000", "2011-12-31": "21409.00000", "2011-09-30": "20467.00000", "2011-06-30": "22967.00000", "2011-03-31": "23510.00000", "2010-12-31": "23203.00000", "2010-09-30": "21365.00000", "2010-06-30": "24411.00000", "2010-03-31": "26613.00000", "2009-12-31": "25530.00000", "2009-09-30": "26907.00000", "2009-06-30": "29050.00000", "2009-03-31": "29097.00000", "2008-12-31": "18699.00000", "2008-09-30": "17399.00000", "2008-06-30": "14830.00000", "2008-03-31": "14657.00000", "2007-12-31": "13264.00000", "2007-09-30": "10228.00000", "2007-06-30": "10499.00000", "2007-03-31": "9832.00000", "2006-12-31": "10182.00000", "2006-09-30": "9318.00000", "2006-06-30": "9087.00000", "2006-03-31": "9656.00000", "2005-12-31": "8465.00000", "2005-09-30": "8123.00000", "2005-06-30": "7569.00000", "2005-03-31": "7317.00000"}, "Other Operating Income Or Expenses": {"2020-12-31": "", "2020-09-30": "", "2020-06-30": "", "2020-03-31": "", "2019-12-31": "", "2019-09-30": "", "2019-06-30": "", "2019-03-31": "", "2018-12-31": "", "2018-09-30": "", "2018-06-30": "", "2018-03-31": "", "2017-12-31": "", "2017-09-30": "", "2017-06-30": "", "2017-03-31": "", "2016-12-31": "", "2016-09-30": "", "2016-06-30": "", "2016-03-31": "", "2015-12-31": "", "2015-09-30": "", "2015-06-30": "", "2015-03-31": "", "2014-12-31": "", "2014-09-30": "", "2014-06-30": "", "2014-03-31": "", "2013-12-31": "", "2013-09-30": "", "2013-06-30": "", "2013-03-31": "", "2012-12-31": "", "2012-09-30": "", "2012-06-30": "", "2012-03-31": "", "2011-12-31": "", "2011-09-30": "", "2011-06-30": "", "2011-03-31": "", "2010-12-31": "", "2010-09-30": "", "2010-06-30": "", "2010-03-31": "", "2009-12-31": "", "2009-09-30": "", "2009-06-30": "", "2009-03-31": "", "2008-12-31": "", "2008-09-30": "", "2008-06-30": "", "2008-03-31": "", "2007-12-31": "", "2007-09-30": "", "2007-06-30": "", "2007-03-31": "", "2006-12-31": "", "2006-09-30": "", "2006-06-30": "", "2006-03-31": "", "2005-12-31": "", "2005-09-30": "", "2005-06-30": "", "2005-03-31": ""}, "Operating Expenses": {"2020-12-31": "15188.00000", "2020-09-30": "17147.00000", "2020-06-30": "20219.00000", "2020-03-31": "22204.00000", "2019-12-31": "18966.00000", "2019-09-30": "21677.00000", "2019-06-30": "20160.00000", "2019-03-31": "20032.00000", "2018-12-31": "19311.00000", "2018-09-30": "18634.00000", "2018-06-30": "18592.00000", "2018-03-31": "18506.00000", "2017-12-31": "17081.00000", "2017-09-30": "17724.00000", "2017-06-30": "17868.00000", "2017-03-31": "17580.00000", "2016-12-31": "17194.00000", "2016-09-30": "16740.00000", "2016-06-30": "16925.00000", "2016-03-31": "18336.00000", "2015-12-31": "18232.00000", "2015-09-30": "17241.00000", "2015-06-30": "17382.00000", "2015-03-31": "19104.00000", "2014-12-31": "17472.00000", "2014-09-30": "23417.00000", "2014-06-30": "21880.00000", "2014-03-31": "26097.00000", "2013-12-31": "20569.00000", "2013-09-30": "19801.00000", "2013-06-30": "20505.00000", "2013-03-31": "24650.00000", "2012-12-31": "24211.00000", "2012-09-30": "23356.00000", "2012-06-30": "23265.00000", "2012-03-31": "26174.00000", "2011-12-31": "27067.00000", "2011-09-30": "26207.00000", "2011-06-30": "31754.00000", "2011-03-31": "29638.00000", "2010-12-31": "31474.00000", "2010-09-30": "37965.00000", "2010-06-30": "31069.00000", "2010-03-31": "33189.00000", "2009-12-31": "32048.00000", "2009-09-30": "34517.00000", "2009-06-30": "37528.00000", "2009-03-31": "39276.00000", "2008-12-31": "27672.00000", "2008-09-30": "28417.00000", "2008-06-30": "24683.00000", "2008-03-31": "26971.00000", "2007-12-31": "28043.00000", "2007-09-30": "24073.00000", "2007-06-30": "23733.00000", "2007-03-31": "22513.00000", "2006-12-31": "22504.00000", "2006-09-30": "21845.00000", "2006-06-30": "20195.00000", "2006-03-31": "19445.00000", "2005-12-31": "16820.00000", "2005-09-30": "15794.00000", "2005-06-30": "14403.00000", "2005-03-31": "13155.00000"}, "Operating Income": {"2020-12-31": "6119.00000", "2020-09-30": "4546.00000", "2020-06-30": "3799.00000", "2020-03-31": "4531.00000", "2019-12-31": "8169.00000", "2019-09-30": "6859.00000", "2019-06-30": "8959.00000", "2019-03-31": "8767.00000", "2018-12-31": "8698.00000", "2018-09-30": "8994.00000", "2018-06-30": "8498.00000", "2018-03-31": "8394.00000", "2017-12-31": "6161.00000", "2017-09-30": "7611.00000", "2017-06-30": "8121.00000", "2017-03-31": "7320.00000", "2016-12-31": "5369.00000", "2016-09-30": "7304.00000", "2016-06-30": "6817.00000", "2016-03-31": "4977.00000", "2015-12-31": "3768.00000", "2015-09-30": "6247.00000", "2015-06-30": "7218.00000", "2015-03-31": "4322.00000", "2014-12-31": "5418.00000", "2014-09-30": "431.00000", "2014-06-30": "2795.00000", "2014-03-31": "-681.00000", "2013-12-31": "3845.00000", "2013-09-30": "4845.00000", "2013-06-30": "5498.00000", "2013-03-31": "1984.00000", "2012-12-31": "-1904.00000", "2012-09-30": "1110.00000", "2012-06-30": "3147.00000", "2012-03-31": "719.00000", "2011-12-31": "2533.00000", "2011-09-30": "7609.00000", "2011-06-30": "-12716.00000", "2011-03-31": "2982.00000", "2010-12-31": "-3225.00000", "2010-09-30": "-5491.00000", "2010-06-30": "4303.00000", "2010-03-31": "4910.00000", "2009-12-31": "-886.00000", "2009-09-30": "-1382.00000", "2009-06-30": "3208.00000", "2009-03-31": "6141.00000", "2008-12-31": "-3496.00000", "2008-09-30": "1758.00000", "2008-06-30": "5133.00000", "2008-03-31": "1968.00000", "2007-12-31": "-775.00000", "2007-09-30": "5440.00000", "2007-06-30": "8735.00000", "2007-03-31": "7934.00000", "2006-12-31": "8067.00000", "2006-09-30": "8425.00000", "2006-06-30": "8691.00000", "2006-03-31": "7595.00000", "2005-12-31": "5220.00000", "2005-09-30": "5856.00000", "2005-06-30": "7144.00000", "2005-03-31": "6672.00000"}, "Total Non-Operating Income/Expense": {"2020-12-31": "", "2020-09-30": "", "2020-06-30": "", "2020-03-31": "", "2019-12-31": "", "2019-09-30": "", "2019-06-30": "", "2019-03-31": "", "2018-12-31": "", "2018-09-30": "", "2018-06-30": "", "2018-03-31": "", "2017-12-31": "", "2017-09-30": "", "2017-06-30": "", "2017-03-31": "", "2016-12-31": "", "2016-09-30": "", "2016-06-30": "", "2016-03-31": "", "2015-12-31": "", "2015-09-30": "", "2015-06-30": "", "2015-03-31": "", "2014-12-31": "", "2014-09-30": "", "2014-06-30": "", "2014-03-31": "", "2013-12-31": "", "2013-09-30": "", "2013-06-30": "", "2013-03-31": "", "2012-12-31": "", "2012-09-30": "", "2012-06-30": "", "2012-03-31": "", "2011-12-31": "-101.00000", "2011-09-30": "-176.00000", "2011-06-30": "-159.00000", "2011-03-31": "-202.00000", "2010-12-31": "-370.00000", "2010-09-30": "-421.00000", "2010-06-30": "-508.00000", "2010-03-31": "-521.00000", "2009-12-31": "-533.00000", "2009-09-30": "-594.00000", "2009-06-30": "-829.00000", "2009-03-31": "-765.00000", "2008-12-31": "-306.00000", "2008-09-30": "-247.00000", "2008-06-30": "-212.00000", "2008-03-31": "-170.00000", "2007-12-31": "-140.00000", "2007-09-30": "-84.00000", "2007-06-30": "-75.00000", "2007-03-31": "-111.00000", "2006-12-31": "-244.00000", "2006-09-30": "-269.00000", "2006-06-30": "-194.00000", "2006-03-31": "-98.00000", "2005-12-31": "-59.00000", "2005-09-30": "-120.00000", "2005-06-30": "-121.00000", "2005-03-31": "-112.00000"}, "Pre-Tax Income": {"2020-12-31": "6119.00000", "2020-09-30": "4546.00000", "2020-06-30": "3799.00000", "2020-03-31": "4531.00000", "2019-12-31": "8169.00000", "2019-09-30": "6859.00000", "2019-06-30": "8959.00000", "2019-03-31": "8767.00000", "2018-12-31": "8698.00000", "2018-09-30": "8994.00000", "2018-06-30": "8498.00000", "2018-03-31": "8394.00000", "2017-12-31": "6161.00000", "2017-09-30": "7611.00000", "2017-06-30": "8121.00000", "2017-03-31": "7320.00000", "2016-12-31": "5923.00000", "2016-09-30": "7304.00000", "2016-06-30": "6817.00000", "2016-03-31": "4977.00000", "2015-12-31": "4400.00000", "2015-09-30": "6247.00000", "2015-06-30": "7218.00000", "2015-03-31": "4322.00000", "2014-12-31": "5418.00000", "2014-09-30": "431.00000", "2014-06-30": "2795.00000", "2014-03-31": "-681.00000", "2013-12-31": "3845.00000", "2013-09-30": "4845.00000", "2013-06-30": "5498.00000", "2013-03-31": "1984.00000", "2012-12-31": "-1904.00000", "2012-09-30": "1110.00000", "2012-06-30": "3147.00000", "2012-03-31": "719.00000", "2011-12-31": "2432.00000", "2011-09-30": "7433.00000", "2011-06-30": "-12875.00000", "2011-03-31": "2780.00000", "2010-12-31": "-3595.00000", "2010-09-30": "-5912.00000", "2010-06-30": "3795.00000", "2010-03-31": "4389.00000", "2009-12-31": "-1419.00000", "2009-09-30": "-1976.00000", "2009-06-30": "2379.00000", "2009-03-31": "5376.00000", "2008-12-31": "-3802.00000", "2008-09-30": "1511.00000", "2008-06-30": "4921.00000", "2008-03-31": "1798.00000", "2007-12-31": "-915.00000", "2007-09-30": "5356.00000", "2007-06-30": "8660.00000", "2007-03-31": "7823.00000", "2006-12-31": "7823.00000", "2006-09-30": "8156.00000", "2006-06-30": "8497.00000", "2006-03-31": "7497.00000", "2005-12-31": "5161.00000", "2005-09-30": "5736.00000", "2005-06-30": "7023.00000", "2005-03-31": "6560.00000"}, "Income Taxes": {"2020-12-31": "649.00000", "2020-09-30": "-335.00000", "2020-06-30": "266.00000", "2020-03-31": "521.00000", "2019-12-31": "1175.00000", "2019-09-30": "1082.00000", "2019-06-30": "1611.00000", "2019-03-31": "1456.00000", "2018-12-31": "1420.00000", "2018-09-30": "1827.00000", "2018-06-30": "1714.00000", "2018-03-31": "1476.00000", "2017-12-31": "3796.00000", "2017-09-30": "2187.00000", "2017-06-30": "3015.00000", "2017-03-31": "1983.00000", "2016-12-31": "1311.00000", "2016-09-30": "2349.00000", "2016-06-30": "2034.00000", "2016-03-31": "1505.00000", "2015-12-31": "1340.00000", "2015-09-30": "1628.00000", "2015-06-30": "2084.00000", "2015-03-31": "1225.00000", "2014-12-31": "1681.00000", "2014-09-30": "663.00000", "2014-06-30": "504.00000", "2014-03-31": "-405.00000", "2013-12-31": "406.00000", "2013-09-30": "2348.00000", "2013-06-30": "1486.00000", "2013-03-31": "501.00000", "2012-12-31": "-2636.00000", "2012-09-30": "770.00000", "2012-06-30": "684.00000", "2012-03-31": "66.00000", "2011-12-31": "441.00000", "2011-09-30": "1201.00000", "2011-06-30": "-4049.00000", "2011-03-31": "731.00000", "2010-12-31": "-2351.00000", "2010-09-30": "1387.00000", "2010-06-30": "672.00000", "2010-03-31": "1207.00000", "2009-12-31": "-1225.00000", "2009-09-30": "-975.00000", "2009-06-30": "-845.00000", "2009-03-31": "1129.00000", "2008-12-31": "-2013.00000", "2008-09-30": "334.00000", "2008-06-30": "1511.00000", "2008-03-31": "588.00000", "2007-12-31": "-1183.00000", "2007-09-30": "1658.00000", "2007-06-30": "2899.00000", "2007-03-31": "2568.00000", "2006-12-31": "2567.00000", "2006-09-30": "2740.00000", "2006-06-30": "3022.00000", "2006-03-31": "2511.00000", "2005-12-31": "1587.00000", "2005-09-30": "1895.00000", "2005-06-30": "2366.00000", "2005-03-31": "2167.00000"}, "Income After Taxes": {"2020-12-31": "5470.00000", "2020-09-30": "4881.00000", "2020-06-30": "3533.00000", "2020-03-31": "4010.00000", "2019-12-31": "6994.00000", "2019-09-30": "5777.00000", "2019-06-30": "7348.00000", "2019-03-31": "7311.00000", "2018-12-31": "7278.00000", "2018-09-30": "7167.00000", "2018-06-30": "6784.00000", "2018-03-31": "6918.00000", "2017-12-31": "2365.00000", "2017-09-30": "5424.00000", "2017-06-30": "5106.00000", "2017-03-31": "5337.00000", "2016-12-31": "4612.00000", "2016-09-30": "4955.00000", "2016-06-30": "4783.00000", "2016-03-31": "3472.00000", "2015-12-31": "3060.00000", "2015-09-30": "4619.00000", "2015-06-30": "5134.00000", "2015-03-31": "3097.00000", "2014-12-31": "3737.00000", "2014-09-30": "-232.00000", "2014-06-30": "2291.00000", "2014-03-31": "-276.00000", "2013-12-31": "3439.00000", "2013-09-30": "2497.00000", "2013-06-30": "4012.00000", "2013-03-31": "1483.00000", "2012-12-31": "732.00000", "2012-09-30": "340.00000", "2012-06-30": "2463.00000", "2012-03-31": "653.00000", "2011-12-31": "1991.00000", "2011-09-30": "6232.00000", "2011-06-30": "-8826.00000", "2011-03-31": "2049.00000", "2010-12-31": "-1244.00000", "2010-09-30": "-7299.00000", "2010-06-30": "3123.00000", "2010-03-31": "3182.00000", "2009-12-31": "-194.00000", "2009-09-30": "-1001.00000", "2009-06-30": "3224.00000", "2009-03-31": "4247.00000", "2008-12-31": "-1789.00000", "2008-09-30": "1177.00000", "2008-06-30": "3410.00000", "2008-03-31": "1210.00000", "2007-12-31": "268.00000", "2007-09-30": "3698.00000", "2007-06-30": "5761.00000", "2007-03-31": "5255.00000", "2006-12-31": "5256.00000", "2006-09-30": "5416.00000", "2006-06-30": "5475.00000", "2006-03-31": "4986.00000", "2005-12-31": "3574.00000", "2005-09-30": "3841.00000", "2005-06-30": "4657.00000", "2005-03-31": "4393.00000"}, "Other Income": {"2020-12-31": "", "2020-09-30": "", "2020-06-30": "", "2020-03-31": "", "2019-12-31": "", "2019-09-30": "", "2019-06-30": "", "2019-03-31": "", "2018-12-31": "", "2018-09-30": "", "2018-06-30": "", "2018-03-31": "", "2017-12-31": "", "2017-09-30": "", "2017-06-30": "", "2017-03-31": "", "2016-12-31": "", "2016-09-30": "", "2016-06-30": "", "2016-03-31": "", "2015-12-31": "", "2015-09-30": "", "2015-06-30": "", "2015-03-31": "", "2014-12-31": "", "2014-09-30": "", "2014-06-30": "", "2014-03-31": "", "2013-12-31": "", "2013-09-30": "", "2013-06-30": "", "2013-03-31": "", "2012-12-31": "", "2012-09-30": "", "2012-06-30": "", "2012-03-31": "", "2011-12-31": "", "2011-09-30": "", "2011-06-30": "", "2011-03-31": "", "2010-12-31": "", "2010-09-30": "", "2010-06-30": "", "2010-03-31": "", "2009-12-31": "", "2009-09-30": "", "2009-06-30": "", "2009-03-31": "", "2008-12-31": "", "2008-09-30": "", "2008-06-30": "", "2008-03-31": "", "2007-12-31": "", "2007-09-30": "", "2007-06-30": "", "2007-03-31": "", "2006-12-31": "", "2006-09-30": "", "2006-06-30": "", "2006-03-31": "", "2005-12-31": "", "2005-09-30": "", "2005-06-30": "", "2005-03-31": ""}, "Income From Continuous Operations": {"2020-12-31": "5470.00000", "2020-09-30": "4881.00000", "2020-06-30": "3533.00000", "2020-03-31": "4010.00000", "2019-12-31": "6994.00000", "2019-09-30": "5777.00000", "2019-06-30": "7348.00000", "2019-03-31": "7311.00000", "2018-12-31": "7278.00000", "2018-09-30": "7167.00000", "2018-06-30": "6784.00000", "2018-03-31": "6918.00000", "2017-12-31": "2365.00000", "2017-09-30": "5424.00000", "2017-06-30": "5106.00000", "2017-03-31": "5337.00000", "2016-12-31": "4612.00000", "2016-09-30": "4955.00000", "2016-06-30": "4783.00000", "2016-03-31": "3472.00000", "2015-12-31": "3060.00000", "2015-09-30": "4619.00000", "2015-06-30": "5134.00000", "2015-03-31": "3097.00000", "2014-12-31": "3737.00000", "2014-09-30": "-232.00000", "2014-06-30": "2291.00000", "2014-03-31": "-276.00000", "2013-12-31": "3439.00000", "2013-09-30": "2497.00000", "2013-06-30": "4012.00000", "2013-03-31": "1483.00000", "2012-12-31": "732.00000", "2012-09-30": "340.00000", "2012-06-30": "2463.00000", "2012-03-31": "653.00000", "2011-12-31": "1991.00000", "2011-09-30": "6232.00000", "2011-06-30": "-8826.00000", "2011-03-31": "2049.00000", "2010-12-31": "-1244.00000", "2010-09-30": "-7299.00000", "2010-06-30": "3123.00000", "2010-03-31": "3182.00000", "2009-12-31": "-194.00000", "2009-09-30": "-1001.00000", "2009-06-30": "3224.00000", "2009-03-31": "4247.00000", "2008-12-31": "-1789.00000", "2008-09-30": "1177.00000", "2008-06-30": "3410.00000", "2008-03-31": "1210.00000", "2007-12-31": "268.00000", "2007-09-30": "3698.00000", "2007-06-30": "5761.00000", "2007-03-31": "5255.00000", "2006-12-31": "5256.00000", "2006-09-30": "5416.00000", "2006-06-30": "5475.00000", "2006-03-31": "4986.00000", "2005-12-31": "3574.00000", "2005-09-30": "3841.00000", "2005-06-30": "4657.00000", "2005-03-31": "4393.00000"}, "Income From Discontinued Operations": {"2020-12-31": "", "2020-09-30": "", "2020-06-30": "", "2020-03-31": "", "2019-12-31": "", "2019-09-30": "", "2019-06-30": "", "2019-03-31": "", "2018-12-31": "", "2018-09-30": "", "2018-06-30": "", "2018-03-31": "", "2017-12-31": "", "2017-09-30": "", "2017-06-30": "", "2017-03-31": "", "2016-12-31": "", "2016-09-30": "", "2016-06-30": "", "2016-03-31": "", "2015-12-31": "", "2015-09-30": "", "2015-06-30": "", "2015-03-31": "", "2014-12-31": "", "2014-09-30": "", "2014-06-30": "", "2014-03-31": "", "2013-12-31": "", "2013-09-30": "", "2013-06-30": "", "2013-03-31": "", "2012-12-31": "", "2012-09-30": "", "2012-06-30": "", "2012-03-31": "", "2011-12-31": "", "2011-09-30": "", "2011-06-30": "", "2011-03-31": "", "2010-12-31": "", "2010-09-30": "", "2010-06-30": "", "2010-03-31": "", "2009-12-31": "", "2009-09-30": "", "2009-06-30": "", "2009-03-31": "", "2008-12-31": "", "2008-09-30": "", "2008-06-30": "", "2008-03-31": "", "2007-12-31": "", "2007-09-30": "", "2007-06-30": "", "2007-03-31": "", "2006-12-31": "", "2006-09-30": "", "2006-06-30": "", "2006-03-31": "", "2005-12-31": "", "2005-09-30": "", "2005-06-30": "", "2005-03-31": ""}, "Net Income": {"2020-12-31": "5208.00000", "2020-09-30": "4440.00000", "2020-06-30": "3284.00000", "2020-03-31": "3541.00000", "2019-12-31": "6748.00000", "2019-09-30": "5272.00000", "2019-06-30": "7109.00000", "2019-03-31": "6869.00000", "2018-12-31": "7039.00000", "2018-09-30": "6701.00000", "2018-06-30": "6466.00000", "2018-03-31": "6490.00000", "2017-12-31": "2079.00000", "2017-09-30": "4959.00000", "2017-06-30": "4745.00000", "2017-03-31": "4835.00000", "2016-12-31": "4251.00000", "2016-09-30": "4452.00000", "2016-06-30": "4422.00000", "2016-03-31": "3015.00000", "2015-12-31": "2730.00000", "2015-09-30": "4178.00000", "2015-06-30": "4804.00000", "2015-03-31": "2715.00000", "2014-12-31": "3425.00000", "2014-09-30": "-470.00000", "2014-06-30": "2035.00000", "2014-03-31": "-514.00000", "2013-12-31": "3183.00000", "2013-09-30": "2218.00000", "2013-06-30": "3571.00000", "2013-03-31": "1110.00000", "2012-12-31": "368.00000", "2012-09-30": "-33.00000", "2012-06-30": "2098.00000", "2012-03-31": "327.00000", "2011-12-31": "1628.00000", "2011-09-30": "5859.00000", "2011-06-30": "-9127.00000", "2011-03-31": "1725.00000", "2010-12-31": "-1527.00000", "2010-09-30": "-7647.00000", "2010-06-30": "2741.00000", "2010-03-31": "2834.00000", "2009-12-31": "-5196.00000", "2009-09-30": "-2241.00000", "2009-06-30": "2419.00000", "2009-03-31": "2814.00000", "2008-12-31": "-2461.00000", "2008-09-30": "704.00000", "2008-06-30": "3224.00000", "2008-03-31": "1020.00000", "2007-12-31": "107.00000", "2007-09-30": "3655.00000", "2007-06-30": "5721.00000", "2007-03-31": "5209.00000", "2006-12-31": "5243.00000", "2006-09-30": "5416.00000", "2006-06-30": "5471.00000", "2006-03-31": "4981.00000", "2005-12-31": "3570.00000", "2005-09-30": "3836.00000", "2005-06-30": "4653.00000", "2005-03-31": "4388.00000"}, "EBITDA": {"2020-12-31": "", "2020-09-30": "", "2020-06-30": "", "2020-03-31": "", "2019-12-31": "", "2019-09-30": "", "2019-06-30": "", "2019-03-31": "", "2018-12-31": "", "2018-09-30": "", "2018-06-30": "", "2018-03-31": "", "2017-12-31": "", "2017-09-30": "", "2017-06-30": "", "2017-03-31": "", "2016-12-31": "", "2016-09-30": "", "2016-06-30": "", "2016-03-31": "", "2015-12-31": "", "2015-09-30": "", "2015-06-30": "", "2015-03-31": "", "2014-12-31": "", "2014-09-30": "", "2014-06-30": "", "2014-03-31": "", "2013-12-31": "", "2013-09-30": "", "2013-06-30": "", "2013-03-31": "", "2012-12-31": "", "2012-09-30": "", "2012-06-30": "", "2012-03-31": "", "2011-12-31": "", "2011-09-30": "", "2011-06-30": "", "2011-03-31": "", "2010-12-31": "", "2010-09-30": "", "2010-06-30": "", "2010-03-31": "", "2009-12-31": "", "2009-09-30": "", "2009-06-30": "", "2009-03-31": "", "2008-12-31": "", "2008-09-30": "", "2008-06-30": "", "2008-03-31": "", "2007-12-31": "", "2007-09-30": "", "2007-06-30": "", "2007-03-31": "", "2006-12-31": "", "2006-09-30": "", "2006-06-30": "", "2006-03-31": "", "2005-12-31": "", "2005-09-30": "", "2005-06-30": "", "2005-03-31": ""}, "EBIT": {"2020-12-31": "", "2020-09-30": "", "2020-06-30": "", "2020-03-31": "", "2019-12-31": "", "2019-09-30": "", "2019-06-30": "", "2019-03-31": "", "2018-12-31": "", "2018-09-30": "", "2018-06-30": "", "2018-03-31": "", "2017-12-31": "", "2017-09-30": "", "2017-06-30": "", "2017-03-31": "", "2016-12-31": "", "2016-09-30": "", "2016-06-30": "", "2016-03-31": "", "2015-12-31": "", "2015-09-30": "", "2015-06-30": "", "2015-03-31": "", "2014-12-31": "", "2014-09-30": "", "2014-06-30": "", "2014-03-31": "", "2013-12-31": "", "2013-09-30": "", "2013-06-30": "", "2013-03-31": "", "2012-12-31": "", "2012-09-30": "", "2012-06-30": "", "2012-03-31": "", "2011-12-31": "", "2011-09-30": "", "2011-06-30": "", "2011-03-31": "", "2010-12-31": "", "2010-09-30": "", "2010-06-30": "", "2010-03-31": "", "2009-12-31": "", "2009-09-30": "", "2009-06-30": "", "2009-03-31": "", "2008-12-31": "", "2008-09-30": "", "2008-06-30": "", "2008-03-31": "", "2007-12-31": "", "2007-09-30": "", "2007-06-30": "", "2007-03-31": "", "2006-12-31": "", "2006-09-30": "", "2006-06-30": "", "2006-03-31": "", "2005-12-31": "", "2005-09-30": "", "2005-06-30": "", "2005-03-31": ""}, "Basic Shares Outstanding": {"2020-12-31": "8724.90000", "2020-09-30": "8732.90000", "2020-06-30": "8739.90000", "2020-03-31": "8815.60000", "2019-12-31": "9390.50000", "2019-09-30": "9303.60000", "2019-06-30": "9523.20000", "2019-03-31": "9725.90000", "2018-12-31": "10096.50000", "2018-09-30": "10031.60000", "2018-06-30": "10181.70000", "2018-03-31": "10322.40000", "2017-12-31": "10195.60000", "2017-09-30": "10197.90000", "2017-06-30": "10013.50000", "2017-03-31": "10099.60000", "2016-12-31": "10284.10000", "2016-09-30": "10250.12000", "2016-06-30": "10328.42000", "2016-03-31": "10370.09000", "2015-12-31": "10462.28000", "2015-09-30": "10444.29000", "2015-06-30": "10488.14000", "2015-03-31": "10518.79000", "2014-12-31": "10527.82000", "2014-09-30": "10515.79000", "2014-06-30": "10519.36000", "2014-03-31": "10560.52000", "2013-12-31": "10731.17000", "2013-09-30": "10718.92000", "2013-06-30": "10775.87000", "2013-03-31": "10798.98000", "2012-12-31": "10746.03000", "2012-09-30": "10776.00000", "2012-06-30": "10775.70000", "2012-03-31": "10651.37000", "2011-12-31": "10142.63000", "2011-09-30": "10116.28000", "2011-06-30": "10094.93000", "2011-03-31": "10075.88000", "2010-12-31": "9790.47200", "2010-09-30": "9976.35100", "2010-06-30": "9956.77300", "2010-03-31": "9177.46800", "2009-12-31": "7728.57000", "2009-09-30": "8633.83400", "2009-06-30": "7241.51500", "2009-03-31": "6370.81500", "2008-12-31": "4592.08500", "2008-09-30": "4543.96300", "2008-06-30": "4435.71900", "2008-03-31": "4427.82300", "2007-12-31": "4423.57900", "2007-09-30": "4420.61600", "2007-06-30": "4419.24600", "2007-03-31": "4432.66400", "2006-12-31": "4526.63700", "2006-09-30": "4499.70400", "2006-06-30": "4534.62700", "2006-03-31": "4609.48100", "2005-12-31": "4008.68800", "2005-09-30": "4000.57300", "2005-06-30": "4005.35600", "2005-03-31": "4032.55000"}, "Shares Outstanding": {"2020-12-31": "8785.00000", "2020-09-30": "8777.50000", "2020-06-30": "8768.10000", "2020-03-31": "8862.70000", "2019-12-31": "9442.90000", "2019-09-30": "9353.00000", "2019-06-30": "9559.60000", "2019-03-31": "9787.30000", "2018-12-31": "10236.90000", "2018-09-30": "10170.80000", "2018-06-30": "10309.40000", "2018-03-31": "10472.70000", "2017-12-31": "10778.40000", "2017-09-30": "10746.70000", "2017-06-30": "10834.80000", "2017-03-31": "10919.70000", "2016-12-31": "11046.80000", "2016-09-30": "11000.47000", "2016-06-30": "11059.17000", "2016-03-31": "11100.07000", "2015-12-31": "11236.23000", "2015-09-30": "11197.20000", "2015-06-30": "11238.06000", "2015-03-31": "11266.51000", "2014-12-31": "10584.54000", "2014-09-30": "10515.79000", "2014-06-30": "11265.12000", "2014-03-31": "10560.52000", "2013-12-31": "11491.42000", "2013-09-30": "11482.23000", "2013-06-30": "11524.51000", "2013-03-31": "11154.78000", "2012-12-31": "10840.85000", "2012-09-30": "10776.00000", "2012-06-30": "11556.01000", "2012-03-31": "10761.92000", "2011-12-31": "10254.82000", "2011-09-30": "10464.39000", "2011-06-30": "10094.93000", "2011-03-31": "10181.35000", "2010-12-31": "9790.47200", "2010-09-30": "9976.35100", "2010-06-30": "10029.78000", "2010-03-31": "10005.25000", "2009-12-31": "7728.57000", "2009-09-30": "8633.83400", "2009-06-30": "7269.51800", "2009-03-31": "6393.40700", "2008-12-31": "4596.42800", "2008-09-30": "4547.57800", "2008-06-30": "4444.09800", "2008-03-31": "4461.20100", "2007-12-31": "4463.21300", "2007-09-30": "4475.91700", "2007-06-30": "4476.79900", "2007-03-31": "4497.02800", "2006-12-31": "4595.89600", "2006-09-30": "4570.55800", "2006-06-30": "4601.16900", "2006-03-31": "4666.40500", "2005-12-31": "4068.14000", "2005-09-30": "4054.65900", "2005-06-30": "4065.35500", "2005-03-31": "4099.06200"}, "Basic EPS": {"2020-12-31": "0.60000", "2020-09-30": "0.51000", "2020-06-30": "0.38000", "2020-03-31": "0.40000", "2019-12-31": "0.74000", "2019-09-30": "0.57000", "2019-06-30": "0.75000", "2019-03-31": "0.71000", "2018-12-31": "0.70000", "2018-09-30": "0.67000", "2018-06-30": "0.64000", "2018-03-31": "0.63000", "2017-12-31": "0.19000", "2017-09-30": "0.49000", "2017-06-30": "0.47000", "2017-03-31": "0.48000", "2016-12-31": "0.42000", "2016-09-30": "0.43000", "2016-06-30": "0.43000", "2016-03-31": "0.29000", "2015-12-31": "0.26000", "2015-09-30": "0.40000", "2015-06-30": "0.46000", "2015-03-31": "0.26000", "2014-12-31": "0.33000", "2014-09-30": "-0.04000", "2014-06-30": "0.19000", "2014-03-31": "-0.05000", "2013-12-31": "0.30000", "2013-09-30": "0.21000", "2013-06-30": "0.33000", "2013-03-31": "0.10000", "2012-12-31": "0.04000", "2012-09-30": "0.00000", "2012-06-30": "0.19000", "2012-03-31": "0.03000", "2011-12-31": "0.16000", "2011-09-30": "0.58000", "2011-06-30": "-0.90000", "2011-03-31": "0.17000", "2010-12-31": "-0.16000", "2010-09-30": "-0.77000", "2010-06-30": "0.28000", "2010-03-31": "0.28000", "2009-12-31": "-0.80000", "2009-09-30": "-0.26000", "2009-06-30": "0.33000", "2009-03-31": "0.44000", "2008-12-31": "-0.56000", "2008-09-30": "0.15000", "2008-06-30": "0.72000", "2008-03-31": "0.23000", "2007-12-31": "0.02000", "2007-09-30": "0.83000", "2007-06-30": "1.29000", "2007-03-31": "1.18000", "2006-12-31": "1.17000", "2006-09-30": "1.20000", "2006-06-30": "1.21000", "2006-03-31": "1.08000", "2005-12-31": "0.89000", "2005-09-30": "0.96000", "2005-06-30": "1.16000", "2005-03-31": "1.09000"}, "EPS - Earnings Per Share": {"2020-12-31": "0.59000", "2020-09-30": "0.51000", "2020-06-30": "0.37000", "2020-03-31": "0.40000", "2019-12-31": "0.75000", "2019-09-30": "0.56000", "2019-06-30": "0.74000", "2019-03-31": "0.70000", "2018-12-31": "0.70000", "2018-09-30": "0.66000", "2018-06-30": "0.63000", "2018-03-31": "0.62000", "2017-12-31": "0.21000", "2017-09-30": "0.46000", "2017-06-30": "0.44000", "2017-03-31": "0.45000", "2016-12-31": "0.39000", "2016-09-30": "0.41000", "2016-06-30": "0.41000", "2016-03-31": "0.28000", "2015-12-31": "0.25000", "2015-09-30": "0.38000", "2015-06-30": "0.43000", "2015-03-31": "0.25000", "2014-12-31": "0.32000", "2014-09-30": "-0.04000", "2014-06-30": "0.19000", "2014-03-31": "-0.05000", "2013-12-31": "0.28000", "2013-09-30": "0.20000", "2013-06-30": "0.32000", "2013-03-31": "0.10000", "2012-12-31": "0.03000", "2012-09-30": "0.00000", "2012-06-30": "0.19000", "2012-03-31": "0.03000", "2011-12-31": "0.18000", "2011-09-30": "0.56000", "2011-06-30": "-0.90000", "2011-03-31": "0.17000", "2010-12-31": "-0.15000", "2010-09-30": "-0.77000", "2010-06-30": "0.27000", "2010-03-31": "0.28000", "2009-12-31": "-0.80000", "2009-09-30": "-0.26000", "2009-06-30": "0.33000", "2009-03-31": "0.44000", "2008-12-31": "-0.56000", "2008-09-30": "0.15000", "2008-06-30": "0.72000", "2008-03-31": "0.23000", "2007-12-31": "0.03000", "2007-09-30": "0.82000", "2007-06-30": "1.28000", "2007-03-31": "1.16000", "2006-12-31": "1.15000", "2006-09-30": "1.18000", "2006-06-30": "1.19000", "2006-03-31": "1.07000", "2005-12-31": "0.88000", "2005-09-30": "0.95000", "2005-06-30": "1.14000", "2005-03-31": "1.07000"}}, "balance sheet": {"Cash On Hand": {"2020-12-31": "889921.00000", "2019-12-31": "673090.00000", "2018-12-31": "660377.00000", "2017-12-31": "590692.00000", "2016-12-31": "536032.00000", "2015-12-31": "536106.00000", "2014-12-31": "529707.00000", "2013-12-31": "534183.00000", "2012-12-31": "577145.00000", "2011-12-31": "526608.00000", "2010-12-31": "539147.00000", "2009-12-31": "517680.00000", "2008-12-31": "259220.00000", "2007-12-31": "345920.00000", "2006-12-31": "338911.00000", "2005-12-31": "331291.00000"}, "Receivables": {"2020-12-31": "", "2019-12-31": "", "2018-12-31": "", "2017-12-31": "", "2016-12-31": "", "2015-12-31": "", "2014-12-31": "", "2013-12-31": "", "2012-12-31": "", "2011-12-31": "", "2010-12-31": "", "2009-12-31": "", "2008-12-31": "", "2007-12-31": "", "2006-12-31": "", "2005-12-31": ""}, "Inventory": {"2020-12-31": "", "2019-12-31": "", "2018-12-31": "", "2017-12-31": "", "2016-12-31": "", "2015-12-31": "", "2014-12-31": "", "2013-12-31": "", "2012-12-31": "", "2011-12-31": "", "2010-12-31": "", "2009-12-31": "", "2008-12-31": "", "2007-12-31": "", "2006-12-31": "", "2005-12-31": ""}, "Pre-Paid Expenses": {"2020-12-31": "", "2019-12-31": "", "2018-12-31": "", "2017-12-31": "", "2016-12-31": "", "2015-12-31": "", "2014-12-31": "", "2013-12-31": "", "2012-12-31": "", "2011-12-31": "", "2010-12-31": "", "2009-12-31": "", "2008-12-31": "", "2007-12-31": "", "2006-12-31": "", "2005-12-31": ""}, "Other Current Assets": {"2020-12-31": "", "2019-12-31": "", "2018-12-31": "", "2017-12-31": "", "2016-12-31": "", "2015-12-31": "", "2014-12-31": "", "2013-12-31": "", "2012-12-31": "", "2011-12-31": "", "2010-12-31": "", "2009-12-31": "", "2008-12-31": "", "2007-12-31": "", "2006-12-31": "", "2005-12-31": ""}, "Total Current Assets": {"2020-12-31": "1872444.00000", "2019-12-31": "1712195.00000", "2018-12-31": "1673852.00000", "2017-12-31": "1590101.00000", "2016-12-31": "1499303.00000", "2015-12-31": "1486620.00000", "2014-12-31": "1471360.00000", "2013-12-31": "1515798.00000", "2012-12-31": "1551665.00000", "2011-12-31": "1499786.00000", "2010-12-31": "1558464.00000", "2009-12-31": "1506478.00000", "2008-12-31": "1236657.00000", "2007-12-31": "1245100.00000", "2006-12-31": "1036385.00000", "2005-12-31": "897037.00000"}, "Property, Plant, And Equipment": {"2020-12-31": "11000.00000", "2019-12-31": "10561.00000", "2018-12-31": "9906.00000", "2017-12-31": "9247.00000", "2016-12-31": "9139.00000", "2015-12-31": "9485.00000", "2014-12-31": "10049.00000", "2013-12-31": "10475.00000", "2012-12-31": "11858.00000", "2011-12-31": "13637.00000", "2010-12-31": "14306.00000", "2009-12-31": "15500.00000", "2008-12-31": "13161.00000", "2007-12-31": "11240.00000", "2006-12-31": "9255.00000", "2005-12-31": "7786.00000"}, "Long-Term Investments": {"2020-12-31": "684850.00000", "2019-12-31": "472197.00000", "2018-12-31": "441753.00000", "2017-12-31": "440130.00000", "2016-12-31": "430731.00000", "2015-12-31": "406888.00000", "2014-12-31": "380461.00000", "2013-12-31": "323945.00000", "2012-12-31": "360331.00000", "2011-12-31": "311416.00000", "2010-12-31": "338054.00000", "2009-12-31": "311441.00000", "2008-12-31": "277589.00000", "2007-12-31": "214056.00000", "2006-12-31": "192846.00000", "2005-12-31": "221603.00000"}, "Goodwill And Intangible Assets": {"2020-12-31": "68951.00000", "2019-12-31": "68951.00000", "2018-12-31": "68951.00000", "2017-12-31": "68951.00000", "2016-12-31": "71716.00000", "2015-12-31": "76616.00000", "2014-12-31": "77919.00000", "2013-12-31": "80470.00000", "2012-12-31": "82511.00000", "2011-12-31": "85498.00000", "2010-12-31": "98961.00000", "2009-12-31": "118114.00000", "2008-12-31": "103525.00000", "2007-12-31": "91173.00000", "2006-12-31": "78129.00000", "2005-12-31": "51354.00000"}, "Other Long-Term Assets": {"2020-12-31": "182382.00000", "2019-12-31": "170175.00000", "2018-12-31": "160045.00000", "2017-12-31": "172805.00000", "2016-12-31": "177178.00000", "2015-12-31": "164678.00000", "2014-12-31": "164745.00000", "2013-12-31": "171585.00000", "2012-12-31": "203609.00000", "2011-12-31": "218709.00000", "2010-12-31": "255124.00000", "2009-12-31": "278699.00000", "2008-12-31": "187011.00000", "2007-12-31": "154177.00000", "2006-12-31": "143122.00000", "2005-12-31": "114023.00000"}, "Total Long-Term Assets": {"2020-12-31": "947183.00000", "2019-12-31": "721884.00000", "2018-12-31": "680655.00000", "2017-12-31": "691133.00000", "2016-12-31": "688764.00000", "2015-12-31": "657667.00000", "2014-12-31": "633174.00000", "2013-12-31": "586475.00000", "2012-12-31": "658309.00000", "2011-12-31": "629260.00000", "2010-12-31": "706445.00000", "2009-12-31": "723754.00000", "2008-12-31": "581286.00000", "2007-12-31": "470646.00000", "2006-12-31": "423352.00000", "2005-12-31": "394766.00000"}, "Total Assets": {"2020-12-31": "2819627.00000", "2019-12-31": "2434079.00000", "2018-12-31": "2354507.00000", "2017-12-31": "2281234.00000", "2016-12-31": "2188067.00000", "2015-12-31": "2144287.00000", "2014-12-31": "2104534.00000", "2013-12-31": "2102273.00000", "2012-12-31": "2209974.00000", "2011-12-31": "2129046.00000", "2010-12-31": "2264909.00000", "2009-12-31": "2230232.00000", "2008-12-31": "1817943.00000", "2007-12-31": "1715746.00000", "2006-12-31": "1459737.00000", "2005-12-31": "1291803.00000"}, "Total Current Liabilities": {"2020-12-31": "2238243.00000", "2019-12-31": "1890184.00000", "2018-12-31": "1821899.00000", "2017-12-31": "1752386.00000", "2016-12-31": "1665569.00000", "2015-12-31": "1612897.00000", "2014-12-31": "1571015.00000", "2013-12-31": "1582507.00000", "2012-12-31": "1651417.00000", "2011-12-31": "1467160.00000", "2010-12-31": "1532316.00000", "2009-12-31": "1509606.00000", "2008-12-31": "1341890.00000", "2007-12-31": "1349012.00000", "2006-12-31": "1162126.00000", "2005-12-31": "1074422.00000"}, "Long Term Debt": {"2020-12-31": "262934.00000", "2019-12-31": "240856.00000", "2018-12-31": "229392.00000", "2017-12-31": "227402.00000", "2016-12-31": "216823.00000", "2015-12-31": "236764.00000", "2014-12-31": "243139.00000", "2013-12-31": "249674.00000", "2012-12-31": "275585.00000", "2011-12-31": "372265.00000", "2010-12-31": "448431.00000", "2009-12-31": "438521.00000", "2008-12-31": "268292.00000", "2007-12-31": "197508.00000", "2006-12-31": "146000.00000", "2005-12-31": "100848.00000"}, "Other Non-Current Liabilities": {"2020-12-31": "45526.00000", "2019-12-31": "38229.00000", "2018-12-31": "37891.00000", "2017-12-31": "34300.00000", "2016-12-31": "39480.00000", "2015-12-31": "38450.00000", "2014-12-31": "46909.00000", "2013-12-31": "37407.00000", "2012-12-31": "46016.00000", "2011-12-31": "59520.00000", "2010-12-31": "55914.00000", "2009-12-31": "50661.00000", "2008-12-31": "30709.00000", "2007-12-31": "22423.00000", "2006-12-31": "16339.00000", "2005-12-31": "15000.00000"}, "Total Long Term Liabilities": {"2020-12-31": "308460.00000", "2019-12-31": "279085.00000", "2018-12-31": "267283.00000", "2017-12-31": "261702.00000", "2016-12-31": "256303.00000", "2015-12-31": "275214.00000", "2014-12-31": "290048.00000", "2013-12-31": "287081.00000", "2012-12-31": "321601.00000", "2011-12-31": "431785.00000", "2010-12-31": "504345.00000", "2009-12-31": "489182.00000", "2008-12-31": "299001.00000", "2007-12-31": "219931.00000", "2006-12-31": "162339.00000", "2005-12-31": "115848.00000"}, "Total Liabilities": {"2020-12-31": "2546703.00000", "2019-12-31": "2169269.00000", "2018-12-31": "2089182.00000", "2017-12-31": "2014088.00000", "2016-12-31": "1921872.00000", "2015-12-31": "1888111.00000", "2014-12-31": "1861063.00000", "2013-12-31": "1869588.00000", "2012-12-31": "1973018.00000", "2011-12-31": "1898945.00000", "2010-12-31": "2036661.00000", "2009-12-31": "1998788.00000", "2008-12-31": "1640891.00000", "2007-12-31": "1568943.00000", "2006-12-31": "1324465.00000", "2005-12-31": "1190270.00000"}, "Common Stock Net": {"2020-12-31": "85982.00000", "2019-12-31": "91723.00000", "2018-12-31": "118896.00000", "2017-12-31": "138089.00000", "2016-12-31": "147038.00000", "2015-12-31": "151042.00000", "2014-12-31": "153458.00000", "2013-12-31": "155293.00000", "2012-12-31": "158142.00000", "2011-12-31": "156621.00000", "2010-12-31": "150905.00000", "2009-12-31": "128734.00000", "2008-12-31": "76766.00000", "2007-12-31": "60328.00000", "2006-12-31": "61574.00000", "2005-12-31": "41693.00000"}, "Retained Earnings (Accumulated Deficit)": {"2020-12-31": "164088.00000", "2019-12-31": "156319.00000", "2018-12-31": "136314.00000", "2017-12-31": "113816.00000", "2016-12-31": "101225.00000", "2015-12-31": "88219.00000", "2014-12-31": "75024.00000", "2013-12-31": "72497.00000", "2012-12-31": "62843.00000", "2011-12-31": "60520.00000", "2010-12-31": "60849.00000", "2009-12-31": "71233.00000", "2008-12-31": "73823.00000", "2007-12-31": "81393.00000", "2006-12-31": "79024.00000", "2005-12-31": "67552.00000"}, "Comprehensive Income": {"2020-12-31": "-1656.00000", "2019-12-31": "-6633.00000", "2018-12-31": "-12211.00000", "2017-12-31": "-7082.00000", "2016-12-31": "-7288.00000", "2015-12-31": "-5358.00000", "2014-12-31": "-4320.00000", "2013-12-31": "-8457.00000", "2012-12-31": "-2797.00000", "2011-12-31": "-5437.00000", "2010-12-31": "-66.00000", "2009-12-31": "-5619.00000", "2008-12-31": "-10825.00000", "2007-12-31": "1129.00000", "2006-12-31": "-7711.00000", "2005-12-31": "-7556.00000"}, "Other Share Holders Equity": {"2020-12-31": "", "2019-12-31": "", "2018-12-31": "", "2017-12-31": "", "2016-12-31": "", "2015-12-31": "", "2014-12-31": "", "2013-12-31": "", "2012-12-31": "", "2011-12-31": "", "2010-12-31": "-2.00000", "2009-12-31": "-112.00000", "2008-12-31": "-413.00000", "2007-12-31": "-456.00000", "2006-12-31": "-466.00000", "2005-12-31": "-427.00000"}, "Share Holder Equity": {"2020-12-31": "272924.00000", "2019-12-31": "264810.00000", "2018-12-31": "265325.00000", "2017-12-31": "267146.00000", "2016-12-31": "266195.00000", "2015-12-31": "256176.00000", "2014-12-31": "243471.00000", "2013-12-31": "232685.00000", "2012-12-31": "236956.00000", "2011-12-31": "230101.00000", "2010-12-31": "228248.00000", "2009-12-31": "231444.00000", "2008-12-31": "177052.00000", "2007-12-31": "146803.00000", "2006-12-31": "135272.00000", "2005-12-31": "101533.00000"}, "Total Liabilities And Share Holders Equity": {"2020-12-31": "2819627.00000", "2019-12-31": "2434079.00000", "2018-12-31": "2354507.00000", "2017-12-31": "2281234.00000", "2016-12-31": "2188067.00000", "2015-12-31": "2144287.00000", "2014-12-31": "2104534.00000", "2013-12-31": "2102273.00000", "2012-12-31": "2209974.00000", "2011-12-31": "2129046.00000", "2010-12-31": "2264909.00000", "2009-12-31": "2230232.00000", "2008-12-31": "1817943.00000", "2007-12-31": "1715746.00000", "2006-12-31": "1459737.00000", "2005-12-31": "1291803.00000"}}, "balance sheet, quarterly": {"Cash On Hand": {"2020-12-31": "889921.00000", "2020-09-30": "888339.00000", "2020-06-30": "973061.00000", "2020-03-31": "757965.00000", "2019-12-31": "673090.00000", "2019-09-30": "699930.00000", "2019-06-30": "680150.00000", "2019-03-31": "687182.00000", "2018-12-31": "660377.00000", "2018-09-30": "660078.00000", "2018-06-30": "609317.00000", "2018-03-31": "655417.00000", "2017-12-31": "590692.00000", "2017-09-30": "609407.00000", "2017-06-30": "602426.00000", "2017-03-31": "599769.00000", "2016-12-31": "536032.00000", "2016-09-30": "558599.00000", "2016-06-30": "567867.00000", "2016-03-31": "585617.00000", "2015-12-31": "536106.00000", "2015-09-30": "563610.00000", "2015-06-30": "560519.00000", "2015-03-31": "563529.00000", "2014-12-31": "529707.00000", "2014-09-30": "548317.00000", "2014-06-30": "587946.00000", "2014-03-31": "575686.00000", "2013-12-31": "534183.00000", "2013-09-30": "548895.00000", "2013-06-30": "527146.00000", "2013-03-31": "557371.00000", "2012-12-31": "577145.00000", "2012-09-30": "567489.00000", "2012-06-30": "576908.00000", "2012-03-31": "584830.00000", "2011-12-31": "526608.00000", "2011-09-30": "527591.00000", "2011-06-30": "571938.00000", "2011-03-31": "564066.00000", "2010-12-31": "539147.00000", "2010-09-30": "629575.00000", "2010-06-30": "616795.00000", "2010-03-31": "568106.00000", "2009-12-31": "517680.00000", "2009-09-30": "568003.00000", "2009-06-30": "550232.00000", "2009-03-31": "553768.00000", "2008-12-31": "259220.00000", "2008-09-30": "312947.00000", "2008-06-30": "321683.00000", "2008-03-31": "335301.00000", "2007-12-31": "345920.00000", "2007-09-30": "358300.00000", "2007-06-30": "362712.00000", "2007-03-31": "356450.00000", "2006-12-31": "338911.00000", "2006-09-30": "320051.00000", "2006-06-30": "320550.00000", "2006-03-31": "297994.00000", "2005-12-31": "331291.00000", "2005-09-30": "300672.00000", "2005-06-30": "319562.00000", "2005-03-31": "304277.00000"}, "Receivables": {"2020-12-31": "", "2020-09-30": "", "2020-06-30": "", "2020-03-31": "", "2019-12-31": "", "2019-09-30": "", "2019-06-30": "", "2019-03-31": "", "2018-12-31": "", "2018-09-30": "", "2018-06-30": "", "2018-03-31": "", "2017-12-31": "", "2017-09-30": "", "2017-06-30": "", "2017-03-31": "", "2016-12-31": "", "2016-09-30": "", "2016-06-30": "", "2016-03-31": "", "2015-12-31": "", "2015-09-30": "", "2015-06-30": "", "2015-03-31": "", "2014-12-31": "", "2014-09-30": "", "2014-06-30": "", "2014-03-31": "", "2013-12-31": "", "2013-09-30": "", "2013-06-30": "", "2013-03-31": "", "2012-12-31": "", "2012-09-30": "", "2012-06-30": "", "2012-03-31": "", "2011-12-31": "", "2011-09-30": "", "2011-06-30": "", "2011-03-31": "", "2010-12-31": "", "2010-09-30": "", "2010-06-30": "", "2010-03-31": "", "2009-12-31": "", "2009-09-30": "", "2009-06-30": "", "2009-03-31": "", "2008-12-31": "", "2008-09-30": "", "2008-06-30": "", "2008-03-31": "", "2007-12-31": "", "2007-09-30": "", "2007-06-30": "", "2007-03-31": "", "2006-12-31": "", "2006-09-30": "", "2006-06-30": "", "2006-03-31": "", "2005-12-31": "", "2005-09-30": "", "2005-06-30": "", "2005-03-31": ""}, "Inventory": {"2020-12-31": "", "2020-09-30": "", "2020-06-30": "", "2020-03-31": "", "2019-12-31": "", "2019-09-30": "", "2019-06-30": "", "2019-03-31": "", "2018-12-31": "", "2018-09-30": "", "2018-06-30": "", "2018-03-31": "", "2017-12-31": "", "2017-09-30": "", "2017-06-30": "", "2017-03-31": "", "2016-12-31": "", "2016-09-30": "", "2016-06-30": "", "2016-03-31": "", "2015-12-31": "", "2015-09-30": "", "2015-06-30": "", "2015-03-31": "", "2014-12-31": "", "2014-09-30": "", "2014-06-30": "", "2014-03-31": "", "2013-12-31": "", "2013-09-30": "", "2013-06-30": "", "2013-03-31": "", "2012-12-31": "", "2012-09-30": "", "2012-06-30": "", "2012-03-31": "", "2011-12-31": "", "2011-09-30": "", "2011-06-30": "", "2011-03-31": "", "2010-12-31": "", "2010-09-30": "", "2010-06-30": "", "2010-03-31": "", "2009-12-31": "", "2009-09-30": "", "2009-06-30": "", "2009-03-31": "", "2008-12-31": "", "2008-09-30": "", "2008-06-30": "", "2008-03-31": "", "2007-12-31": "", "2007-09-30": "", "2007-06-30": "", "2007-03-31": "", "2006-12-31": "", "2006-09-30": "", "2006-06-30": "", "2006-03-31": "", "2005-12-31": "", "2005-09-30": "", "2005-06-30": "", "2005-03-31": ""}, "Pre-Paid Expenses": {"2020-12-31": "", "2020-09-30": "", "2020-06-30": "", "2020-03-31": "", "2019-12-31": "", "2019-09-30": "", "2019-06-30": "", "2019-03-31": "", "2018-12-31": "", "2018-09-30": "", "2018-06-30": "", "2018-03-31": "", "2017-12-31": "", "2017-09-30": "", "2017-06-30": "", "2017-03-31": "", "2016-12-31": "", "2016-09-30": "", "2016-06-30": "", "2016-03-31": "", "2015-12-31": "", "2015-09-30": "", "2015-06-30": "", "2015-03-31": "", "2014-12-31": "", "2014-09-30": "", "2014-06-30": "", "2014-03-31": "", "2013-12-31": "", "2013-09-30": "", "2013-06-30": "", "2013-03-31": "", "2012-12-31": "", "2012-09-30": "", "2012-06-30": "", "2012-03-31": "", "2011-12-31": "", "2011-09-30": "", "2011-06-30": "", "2011-03-31": "", "2010-12-31": "", "2010-09-30": "", "2010-06-30": "", "2010-03-31": "", "2009-12-31": "", "2009-09-30": "", "2009-06-30": "", "2009-03-31": "", "2008-12-31": "", "2008-09-30": "", "2008-06-30": "", "2008-03-31": "", "2007-12-31": "", "2007-09-30": "", "2007-06-30": "", "2007-03-31": "", "2006-12-31": "", "2006-09-30": "", "2006-06-30": "", "2006-03-31": "", "2005-12-31": "", "2005-09-30": "", "2005-06-30": "", "2005-03-31": ""}, "Other Current Assets": {"2020-12-31": "", "2020-09-30": "", "2020-06-30": "", "2020-03-31": "", "2019-12-31": "", "2019-09-30": "", "2019-06-30": "", "2019-03-31": "", "2018-12-31": "", "2018-09-30": "", "2018-06-30": "", "2018-03-31": "", "2017-12-31": "", "2017-09-30": "", "2017-06-30": "", "2017-03-31": "", "2016-12-31": "", "2016-09-30": "", "2016-06-30": "", "2016-03-31": "", "2015-12-31": "", "2015-09-30": "", "2015-06-30": "", "2015-03-31": "", "2014-12-31": "", "2014-09-30": "", "2014-06-30": "", "2014-03-31": "", "2013-12-31": "", "2013-09-30": "", "2013-06-30": "", "2013-03-31": "", "2012-12-31": "", "2012-09-30": "", "2012-06-30": "", "2012-03-31": "", "2011-12-31": "", "2011-09-30": "", "2011-06-30": "", "2011-03-31": "", "2010-12-31": "", "2010-09-30": "", "2010-06-30": "", "2010-03-31": "", "2009-12-31": "", "2009-09-30": "", "2009-06-30": "", "2009-03-31": "", "2008-12-31": "", "2008-09-30": "", "2008-06-30": "", "2008-03-31": "", "2007-12-31": "", "2007-09-30": "", "2007-06-30": "", "2007-03-31": "", "2006-12-31": "", "2006-09-30": "", "2006-06-30": "", "2006-03-31": "", "2005-12-31": "", "2005-09-30": "", "2005-06-30": "", "2005-03-31": ""}, "Total Current Assets": {"2020-12-31": "1872444.00000", "2020-09-30": "1890033.00000", "2020-06-30": "2015389.00000", "2020-03-31": "1870084.00000", "2019-12-31": "1712195.00000", "2019-09-30": "1725778.00000", "2019-06-30": "1693168.00000", "2019-03-31": "1683013.00000", "2018-12-31": "1673852.00000", "2018-09-30": "1642683.00000", "2018-06-30": "1599415.00000", "2018-03-31": "1646589.00000", "2017-12-31": "1590101.00000", "2017-09-30": "1594929.00000", "2017-06-30": "1573441.00000", "2017-03-31": "1569184.00000", "2016-12-31": "1499303.00000", "2016-09-30": "1516617.00000", "2016-06-30": "1526181.00000", "2016-03-31": "1537691.00000", "2015-12-31": "1486620.00000", "2015-09-30": "1510927.00000", "2015-06-30": "1505319.00000", "2015-03-31": "1501257.00000", "2014-12-31": "1471360.00000", "2014-09-30": "1499527.00000", "2014-06-30": "1558709.00000", "2014-03-31": "1551737.00000", "2013-12-31": "1515798.00000", "2013-09-30": "1538921.00000", "2013-06-30": "1509556.00000", "2013-03-31": "1536781.00000", "2012-12-31": "1551665.00000", "2012-09-30": "1517068.00000", "2012-06-30": "1523682.00000", "2012-03-31": "1542244.00000", "2011-12-31": "1499786.00000", "2011-09-30": "1537427.00000", "2011-06-30": "1582525.00000", "2011-03-31": "1578969.00000", "2010-12-31": "1558464.00000", "2010-09-30": "1631779.00000", "2010-06-30": "1652229.00000", "2010-03-31": "1616335.00000", "2009-12-31": "1506478.00000", "2009-09-30": "1486561.00000", "2009-06-30": "1509689.00000", "2009-03-31": "1541942.00000", "2008-12-31": "1236657.00000", "2008-09-30": "1262691.00000", "2008-06-30": "1175017.00000", "2008-03-31": "1194280.00000", "2007-12-31": "1245100.00000", "2007-09-30": "1142302.00000", "2007-06-30": "1112287.00000", "2007-03-31": "1071351.00000", "2006-12-31": "1036385.00000", "2006-09-30": "980328.00000", "2006-06-30": "979423.00000", "2006-03-31": "908452.00000", "2005-12-31": "897037.00000", "2005-09-30": "846949.00000", "2005-06-30": "840661.00000", "2005-03-31": "825430.00000"}, "Property, Plant, And Equipment": {"2020-12-31": "11000.00000", "2020-09-30": "10902.00000", "2020-06-30": "10790.00000", "2020-03-31": "10792.00000", "2019-12-31": "10561.00000", "2019-09-30": "10493.00000", "2019-06-30": "10426.00000", "2019-03-31": "10251.00000", "2018-12-31": "9906.00000", "2018-09-30": "9680.00000", "2018-06-30": "9537.00000", "2018-03-31": "9399.00000", "2017-12-31": "9247.00000", "2017-09-30": "8971.00000", "2017-06-30": "8904.00000", "2017-03-31": "9319.00000", "2016-12-31": "9139.00000", "2016-09-30": "9133.00000", "2016-06-30": "9150.00000", "2016-03-31": "9358.00000", "2015-12-31": "9485.00000", "2015-09-30": "9554.00000", "2015-06-30": "9700.00000", "2015-03-31": "9833.00000", "2014-12-31": "10049.00000", "2014-09-30": "9987.00000", "2014-06-30": "10145.00000", "2014-03-31": "10351.00000", "2013-12-31": "10475.00000", "2013-09-30": "10703.00000", "2013-06-30": "10836.00000", "2013-03-31": "11085.00000", "2012-12-31": "11858.00000", "2012-09-30": "12436.00000", "2012-06-30": "12653.00000", "2012-03-31": "13104.00000", "2011-12-31": "13637.00000", "2011-09-30": "13552.00000", "2011-06-30": "13793.00000", "2011-03-31": "14151.00000", "2010-12-31": "14306.00000", "2010-09-30": "14320.00000", "2010-06-30": "14536.00000", "2010-03-31": "15147.00000", "2009-12-31": "15500.00000", "2009-09-30": "15373.00000", "2009-06-30": "15667.00000", "2009-03-31": "15549.00000", "2008-12-31": "13161.00000", "2008-09-30": "13000.00000", "2008-06-30": "11627.00000", "2008-03-31": "11297.00000", "2007-12-31": "11240.00000", "2007-09-30": "9762.00000", "2007-06-30": "9482.00000", "2007-03-31": "9271.00000", "2006-12-31": "9255.00000", "2006-09-30": "9205.00000", "2006-06-30": "9334.00000", "2006-03-31": "9267.00000", "2005-12-31": "7786.00000", "2005-09-30": "7659.00000", "2005-06-30": "7602.00000", "2005-03-31": "7531.00000"}, "Long-Term Investments": {"2020-12-31": "684850.00000", "2020-09-30": "584397.00000", "2020-06-30": "471861.00000", "2020-03-31": "475852.00000", "2019-12-31": "472197.00000", "2019-09-30": "444594.00000", "2019-06-30": "446075.00000", "2019-03-31": "440674.00000", "2018-12-31": "441753.00000", "2018-09-30": "446107.00000", "2018-06-30": "438269.00000", "2018-03-31": "426837.00000", "2017-12-31": "440130.00000", "2017-09-30": "439209.00000", "2017-06-30": "434517.00000", "2017-03-31": "428045.00000", "2016-12-31": "430731.00000", "2016-09-30": "434914.00000", "2016-06-30": "411949.00000", "2016-03-31": "400311.00000", "2015-12-31": "406888.00000", "2015-09-30": "391651.00000", "2015-06-30": "392379.00000", "2015-03-31": "383989.00000", "2014-12-31": "380461.00000", "2014-09-30": "368124.00000", "2014-06-30": "352883.00000", "2014-03-31": "340696.00000", "2013-12-31": "323945.00000", "2013-09-30": "320998.00000", "2013-06-30": "336403.00000", "2013-03-31": "354709.00000", "2012-12-31": "360331.00000", "2012-09-30": "345847.00000", "2012-06-30": "335217.00000", "2012-03-31": "331245.00000", "2011-12-31": "311416.00000", "2011-09-30": "350725.00000", "2011-06-30": "331052.00000", "2011-03-31": "330776.00000", "2010-12-31": "338054.00000", "2010-09-30": "322862.00000", "2010-06-30": "315200.00000", "2010-03-31": "316360.00000", "2009-12-31": "311441.00000", "2009-09-30": "256745.00000", "2009-06-30": "267238.00000", "2009-03-31": "262638.00000", "2008-12-31": "277589.00000", "2008-09-30": "258677.00000", "2008-06-30": "249859.00000", "2008-03-31": "223000.00000", "2007-12-31": "214056.00000", "2007-09-30": "177296.00000", "2007-06-30": "173327.00000", "2007-03-31": "181886.00000", "2006-12-31": "192846.00000", "2006-09-30": "195152.00000", "2006-06-30": "235846.00000", "2006-03-31": "238073.00000", "2005-12-31": "221603.00000", "2005-09-30": "227485.00000", "2005-06-30": "233586.00000", "2005-03-31": "218950.00000"}, "Goodwill And Intangible Assets": {"2020-12-31": "68951.00000", "2020-09-30": "68951.00000", "2020-06-30": "68951.00000", "2020-03-31": "68951.00000", "2019-12-31": "68951.00000", "2019-09-30": "68951.00000", "2019-06-30": "68951.00000", "2019-03-31": "68951.00000", "2018-12-31": "68951.00000", "2018-09-30": "68951.00000", "2018-06-30": "68951.00000", "2018-03-31": "68951.00000", "2017-12-31": "68951.00000", "2017-09-30": "73834.00000", "2017-06-30": "74080.00000", "2017-03-31": "74345.00000", "2016-12-31": "71716.00000", "2016-09-30": "75389.00000", "2016-06-30": "75365.00000", "2016-03-31": "75970.00000", "2015-12-31": "76616.00000", "2015-09-30": "76777.00000", "2015-06-30": "77484.00000", "2015-03-31": "77561.00000", "2014-12-31": "77919.00000", "2014-09-30": "78876.00000", "2014-06-30": "79277.00000", "2014-03-31": "79944.00000", "2013-12-31": "80470.00000", "2013-09-30": "80802.00000", "2013-06-30": "81873.00000", "2013-03-31": "82205.00000", "2012-12-31": "82511.00000", "2012-09-30": "82248.00000", "2012-06-30": "83191.00000", "2012-03-31": "85395.00000", "2011-12-31": "85498.00000", "2011-09-30": "87633.00000", "2011-06-30": "92892.00000", "2011-03-31": "98989.00000", "2010-12-31": "98961.00000", "2010-09-30": "98544.00000", "2010-06-30": "111638.00000", "2010-03-31": "116999.00000", "2009-12-31": "118114.00000", "2009-09-30": "116574.00000", "2009-06-30": "118348.00000", "2009-03-31": "115038.00000", "2008-12-31": "103525.00000", "2008-09-30": "112054.00000", "2008-06-30": "91940.00000", "2008-03-31": "91163.00000", "2007-12-31": "91173.00000", "2007-09-30": "80485.00000", "2007-06-30": "78073.00000", "2007-03-31": "78054.00000", "2006-12-31": "78129.00000", "2006-09-30": "78667.00000", "2006-06-30": "79664.00000", "2006-03-31": "80022.00000", "2005-12-31": "51354.00000", "2005-09-30": "51418.00000", "2005-06-30": "51219.00000", "2005-03-31": "51725.00000"}, "Other Long-Term Assets": {"2020-12-31": "182382.00000", "2020-09-30": "184169.00000", "2020-06-30": "174697.00000", "2020-03-31": "194275.00000", "2019-12-31": "170175.00000", "2019-09-30": "176514.00000", "2019-06-30": "177272.00000", "2019-03-31": "174275.00000", "2018-12-31": "160045.00000", "2018-09-30": "171412.00000", "2018-06-30": "175498.00000", "2018-03-31": "176702.00000", "2017-12-31": "172805.00000", "2017-09-30": "166953.00000", "2017-06-30": "163587.00000", "2017-03-31": "166808.00000", "2016-12-31": "177178.00000", "2016-09-30": "159261.00000", "2016-06-30": "163964.00000", "2016-03-31": "162168.00000", "2015-12-31": "164678.00000", "2015-09-30": "164097.00000", "2015-06-30": "164152.00000", "2015-03-31": "170905.00000", "2014-12-31": "164745.00000", "2014-09-30": "167099.00000", "2014-06-30": "169543.00000", "2014-03-31": "167123.00000", "2013-12-31": "171585.00000", "2013-09-30": "175229.00000", "2013-06-30": "184652.00000", "2013-03-31": "190039.00000", "2012-12-31": "203609.00000", "2012-09-30": "208563.00000", "2012-06-30": "206111.00000", "2012-03-31": "209461.00000", "2011-12-31": "218709.00000", "2011-09-30": "230291.00000", "2011-06-30": "241057.00000", "2011-03-31": "251647.00000", "2010-12-31": "255124.00000", "2010-09-30": "272155.00000", "2010-06-30": "270275.00000", "2010-03-31": "273859.00000", "2009-12-31": "278699.00000", "2009-09-30": "375790.00000", "2009-06-30": "343452.00000", "2009-03-31": "386796.00000", "2008-12-31": "187011.00000", "2008-09-30": "184755.00000", "2008-06-30": "188432.00000", "2008-03-31": "216762.00000", "2007-12-31": "154177.00000", "2007-09-30": "168918.00000", "2007-06-30": "161190.00000", "2007-03-31": "161595.00000", "2006-12-31": "143122.00000", "2006-09-30": "185859.00000", "2006-06-30": "140926.00000", "2006-03-31": "139266.00000", "2005-12-31": "114023.00000", "2005-09-30": "118748.00000", "2005-06-30": "113262.00000", "2005-03-31": "108603.00000"}, "Total Long-Term Assets": {"2020-12-31": "947183.00000", "2020-09-30": "848419.00000", "2020-06-30": "726299.00000", "2020-03-31": "749870.00000", "2019-12-31": "721884.00000", "2019-09-30": "700552.00000", "2019-06-30": "702724.00000", "2019-03-31": "694151.00000", "2018-12-31": "680655.00000", "2018-09-30": "696150.00000", "2018-06-30": "692255.00000", "2018-03-31": "681889.00000", "2017-12-31": "691133.00000", "2017-09-30": "688967.00000", "2017-06-30": "681088.00000", "2017-03-31": "678517.00000", "2016-12-31": "688764.00000", "2016-09-30": "678697.00000", "2016-06-30": "660428.00000", "2016-03-31": "647807.00000", "2015-12-31": "657667.00000", "2015-09-30": "642079.00000", "2015-06-30": "643715.00000", "2015-03-31": "642288.00000", "2014-12-31": "633174.00000", "2014-09-30": "624086.00000", "2014-06-30": "611848.00000", "2014-03-31": "598114.00000", "2013-12-31": "586475.00000", "2013-09-30": "587732.00000", "2013-06-30": "613764.00000", "2013-03-31": "638038.00000", "2012-12-31": "658309.00000", "2012-09-30": "649094.00000", "2012-06-30": "637172.00000", "2012-03-31": "639205.00000", "2011-12-31": "629260.00000", "2011-09-30": "682201.00000", "2011-06-30": "678794.00000", "2011-03-31": "695563.00000", "2010-12-31": "706445.00000", "2010-09-30": "707881.00000", "2010-06-30": "711649.00000", "2010-03-31": "722365.00000", "2009-12-31": "723754.00000", "2009-09-30": "764482.00000", "2009-06-30": "744705.00000", "2009-03-31": "780021.00000", "2008-12-31": "581286.00000", "2008-09-30": "568486.00000", "2008-06-30": "541858.00000", "2008-03-31": "542222.00000", "2007-12-31": "470646.00000", "2007-09-30": "436461.00000", "2007-06-30": "422072.00000", "2007-03-31": "430806.00000", "2006-12-31": "423352.00000", "2006-09-30": "468883.00000", "2006-06-30": "465770.00000", "2006-03-31": "466628.00000", "2005-12-31": "394766.00000", "2005-09-30": "405310.00000", "2005-06-30": "405669.00000", "2005-03-31": "386809.00000"}, "Total Assets": {"2020-12-31": "2819627.00000", "2020-09-30": "2738452.00000", "2020-06-30": "2741688.00000", "2020-03-31": "2619954.00000", "2019-12-31": "2434079.00000", "2019-09-30": "2426330.00000", "2019-06-30": "2395892.00000", "2019-03-31": "2377164.00000", "2018-12-31": "2354507.00000", "2018-09-30": "2338833.00000", "2018-06-30": "2291670.00000", "2018-03-31": "2328478.00000", "2017-12-31": "2281234.00000", "2017-09-30": "2283896.00000", "2017-06-30": "2254529.00000", "2017-03-31": "2247701.00000", "2016-12-31": "2188067.00000", "2016-09-30": "2195314.00000", "2016-06-30": "2186609.00000", "2016-03-31": "2185498.00000", "2015-12-31": "2144287.00000", "2015-09-30": "2153006.00000", "2015-06-30": "2149034.00000", "2015-03-31": "2143545.00000", "2014-12-31": "2104534.00000", "2014-09-30": "2123613.00000", "2014-06-30": "2170557.00000", "2014-03-31": "2149851.00000", "2013-12-31": "2102273.00000", "2013-09-30": "2126653.00000", "2013-06-30": "2123320.00000", "2013-03-31": "2174819.00000", "2012-12-31": "2209974.00000", "2012-09-30": "2166162.00000", "2012-06-30": "2160854.00000", "2012-03-31": "2181449.00000", "2011-12-31": "2129046.00000", "2011-09-30": "2219628.00000", "2011-06-30": "2261319.00000", "2011-03-31": "2274532.00000", "2010-12-31": "2264909.00000", "2010-09-30": "2339660.00000", "2010-06-30": "2363878.00000", "2010-03-31": "2338700.00000", "2009-12-31": "2230232.00000", "2009-09-30": "2251043.00000", "2009-06-30": "2254394.00000", "2009-03-31": "2321963.00000", "2008-12-31": "1817943.00000", "2008-09-30": "1831177.00000", "2008-06-30": "1716875.00000", "2008-03-31": "1736502.00000", "2007-12-31": "1715746.00000", "2007-09-30": "1578763.00000", "2007-06-30": "1534359.00000", "2007-03-31": "1502157.00000", "2006-12-31": "1459737.00000", "2006-09-30": "1449211.00000", "2006-06-30": "1445193.00000", "2006-03-31": "1375080.00000", "2005-12-31": "1291803.00000", "2005-09-30": "1252259.00000", "2005-06-30": "1246330.00000", "2005-03-31": "1212239.00000"}, "Total Current Liabilities": {"2020-12-31": "2238243.00000", "2020-09-30": "2172151.00000", "2020-06-30": "2171902.00000", "2020-03-31": "2043666.00000", "2019-12-31": "1890184.00000", "2019-09-30": "1876513.00000", "2019-06-30": "1848093.00000", "2019-03-31": "1839887.00000", "2018-12-31": "1821899.00000", "2018-09-30": "1806386.00000", "2018-06-30": "1767254.00000", "2018-03-31": "1796098.00000", "2017-12-31": "1752386.00000", "2017-09-30": "1750990.00000", "2017-06-30": "1724739.00000", "2017-03-31": "1721735.00000", "2016-12-31": "1665569.00000", "2016-09-30": "1656611.00000", "2016-06-30": "1642362.00000", "2016-03-31": "1648810.00000", "2015-12-31": "1612897.00000", "2015-09-30": "1613951.00000", "2015-06-30": "1610378.00000", "2015-03-31": "1603265.00000", "2014-12-31": "1571015.00000", "2014-09-30": "1590579.00000", "2014-06-30": "1637428.00000", "2014-03-31": "1626267.00000", "2013-12-31": "1582507.00000", "2013-09-30": "1594472.00000", "2013-06-30": "1581276.00000", "2013-03-31": "1610060.00000", "2012-12-31": "1651417.00000", "2012-09-30": "1589653.00000", "2012-06-30": "1571516.00000", "2012-03-31": "1544866.00000", "2011-12-31": "1467160.00000", "2011-09-30": "1531107.00000", "2011-06-30": "1558070.00000", "2011-03-31": "1555719.00000", "2010-12-31": "1532316.00000", "2010-09-30": "1568651.00000", "2010-06-30": "1577832.00000", "2010-03-31": "1550297.00000", "2009-12-31": "1509606.00000", "2009-09-30": "1484448.00000", "2009-06-30": "1500755.00000", "2009-03-31": "1565081.00000", "2008-12-31": "1341890.00000", "2008-09-30": "1385962.00000", "2008-06-30": "1326484.00000", "2008-03-31": "1348223.00000", "2007-12-31": "1349012.00000", "2007-09-30": "1235757.00000", "2007-06-30": "1204150.00000", "2007-03-31": "1196793.00000", "2006-12-31": "1162126.00000", "2006-09-30": "1162481.00000", "2006-06-30": "1169663.00000", "2006-03-31": "1106935.00000", "2005-12-31": "1074422.00000", "2005-09-30": "1035405.00000", "2005-06-30": "1033266.00000", "2005-03-31": "999594.00000"}, "Long Term Debt": {"2020-12-31": "262934.00000", "2020-09-30": "255723.00000", "2020-06-30": "261638.00000", "2020-03-31": "256712.00000", "2019-12-31": "240856.00000", "2019-09-30": "243405.00000", "2019-06-30": "238011.00000", "2019-03-31": "233929.00000", "2018-12-31": "229392.00000", "2018-09-30": "234100.00000", "2018-06-30": "226595.00000", "2018-03-31": "232256.00000", "2017-12-31": "227402.00000", "2017-09-30": "228666.00000", "2017-06-30": "223923.00000", "2017-03-31": "221385.00000", "2016-12-31": "216823.00000", "2016-09-30": "225136.00000", "2016-06-30": "229617.00000", "2016-03-31": "232849.00000", "2015-12-31": "236764.00000", "2015-09-30": "237288.00000", "2015-06-30": "243414.00000", "2015-03-31": "237858.00000", "2014-12-31": "243139.00000", "2014-09-30": "250115.00000", "2014-06-30": "257071.00000", "2014-03-31": "254785.00000", "2013-12-31": "249674.00000", "2013-09-30": "255331.00000", "2013-06-30": "262480.00000", "2013-03-31": "279641.00000", "2012-12-31": "275585.00000", "2012-09-30": "286534.00000", "2012-06-30": "301848.00000", "2012-03-31": "354912.00000", "2011-12-31": "372265.00000", "2011-09-30": "398965.00000", "2011-06-30": "426659.00000", "2011-03-31": "434436.00000", "2010-12-31": "448431.00000", "2010-09-30": "478858.00000", "2010-06-30": "490083.00000", "2010-03-31": "511653.00000", "2009-12-31": "438521.00000", "2009-09-30": "456288.00000", "2009-06-30": "447187.00000", "2009-03-31": "440751.00000", "2008-12-31": "268292.00000", "2008-09-30": "257710.00000", "2008-06-30": "206605.00000", "2008-03-31": "202800.00000", "2007-12-31": "197508.00000", "2007-09-30": "185484.00000", "2007-06-30": "169317.00000", "2007-03-31": "152562.00000", "2006-12-31": "146000.00000", "2006-09-30": "137739.00000", "2006-06-30": "129056.00000", "2006-03-31": "123178.00000", "2005-12-31": "100848.00000", "2005-09-30": "99885.00000", "2005-06-30": "96894.00000", "2005-03-31": "98763.00000"}, "Other Non-Current Liabilities": {"2020-12-31": "45526.00000", "2020-09-30": "41728.00000", "2020-06-30": "42511.00000", "2020-03-31": "54658.00000", "2019-12-31": "38229.00000", "2019-09-30": "38025.00000", "2019-06-30": "38380.00000", "2019-03-31": "36338.00000", "2018-12-31": "37891.00000", "2018-09-30": "36189.00000", "2018-06-30": "33605.00000", "2018-03-31": "33900.00000", "2017-12-31": "34300.00000", "2017-09-30": "31781.00000", "2017-06-30": "34880.00000", "2017-03-31": "36428.00000", "2016-12-31": "39480.00000", "2016-09-30": "43484.00000", "2016-06-30": "47561.00000", "2016-03-31": "41063.00000", "2015-12-31": "38450.00000", "2015-09-30": "45862.00000", "2015-06-30": "43583.00000", "2015-03-31": "52234.00000", "2014-12-31": "46909.00000", "2014-09-30": "44238.00000", "2014-06-30": "38647.00000", "2014-03-31": "36911.00000", "2013-12-31": "37407.00000", "2013-09-30": "44568.00000", "2013-06-30": "48532.00000", "2013-03-31": "47825.00000", "2012-12-31": "46016.00000", "2012-09-30": "51369.00000", "2012-06-30": "51515.00000", "2012-03-31": "49172.00000", "2011-12-31": "59520.00000", "2011-09-30": "59304.00000", "2011-06-30": "54414.00000", "2011-03-31": "53501.00000", "2010-12-31": "55914.00000", "2010-09-30": "61656.00000", "2010-06-30": "62789.00000", "2010-03-31": "46927.00000", "2009-12-31": "50661.00000", "2009-09-30": "52624.00000", "2009-06-30": "51300.00000", "2009-03-31": "76582.00000", "2008-12-31": "30709.00000", "2008-09-30": "26466.00000", "2008-06-30": "21095.00000", "2008-03-31": "29170.00000", "2007-12-31": "22423.00000", "2007-09-30": "19012.00000", "2007-06-30": "25141.00000", "2007-03-31": "17946.00000", "2006-12-31": "16339.00000", "2006-09-30": "15394.00000", "2006-06-30": "18633.00000", "2006-03-31": "15541.00000", "2005-12-31": "15000.00000", "2005-09-30": "15711.00000", "2005-06-30": "15630.00000", "2005-03-31": "15363.00000"}, "Total Long Term Liabilities": {"2020-12-31": "308460.00000", "2020-09-30": "297451.00000", "2020-06-30": "304149.00000", "2020-03-31": "311370.00000", "2019-12-31": "279085.00000", "2019-09-30": "281430.00000", "2019-06-30": "276391.00000", "2019-03-31": "270267.00000", "2018-12-31": "267283.00000", "2018-09-30": "270289.00000", "2018-06-30": "260200.00000", "2018-03-31": "266156.00000", "2017-12-31": "261702.00000", "2017-09-30": "260447.00000", "2017-06-30": "258803.00000", "2017-03-31": "257813.00000", "2016-12-31": "256303.00000", "2016-09-30": "268620.00000", "2016-06-30": "277178.00000", "2016-03-31": "273912.00000", "2015-12-31": "275214.00000", "2015-09-30": "283150.00000", "2015-06-30": "286997.00000", "2015-03-31": "290092.00000", "2014-12-31": "290048.00000", "2014-09-30": "294353.00000", "2014-06-30": "295718.00000", "2014-03-31": "291696.00000", "2013-12-31": "287081.00000", "2013-09-30": "299899.00000", "2013-06-30": "311012.00000", "2013-03-31": "327466.00000", "2012-12-31": "321601.00000", "2012-09-30": "337903.00000", "2012-06-30": "353363.00000", "2012-03-31": "404084.00000", "2011-12-31": "431785.00000", "2011-09-30": "458269.00000", "2011-06-30": "481073.00000", "2011-03-31": "487937.00000", "2010-12-31": "504345.00000", "2010-09-30": "540514.00000", "2010-06-30": "552872.00000", "2010-03-31": "558580.00000", "2009-12-31": "489182.00000", "2009-09-30": "508912.00000", "2009-06-30": "498487.00000", "2009-03-31": "517333.00000", "2008-12-31": "299001.00000", "2008-09-30": "284176.00000", "2008-06-30": "227700.00000", "2008-03-31": "231970.00000", "2007-12-31": "219931.00000", "2007-09-30": "204496.00000", "2007-06-30": "194458.00000", "2007-03-31": "170508.00000", "2006-12-31": "162339.00000", "2006-09-30": "153133.00000", "2006-06-30": "147689.00000", "2006-03-31": "138719.00000", "2005-12-31": "115848.00000", "2005-09-30": "115596.00000", "2005-06-30": "112524.00000", "2005-03-31": "114126.00000"}, "Total Liabilities": {"2020-12-31": "2546703.00000", "2020-09-30": "2469602.00000", "2020-06-30": "2476051.00000", "2020-03-31": "2355036.00000", "2019-12-31": "2169269.00000", "2019-09-30": "2157943.00000", "2019-06-30": "2124484.00000", "2019-03-31": "2110154.00000", "2018-12-31": "2089182.00000", "2018-09-30": "2076675.00000", "2018-06-30": "2027454.00000", "2018-03-31": "2062254.00000", "2017-12-31": "2014088.00000", "2017-09-30": "2011437.00000", "2017-06-30": "1983542.00000", "2017-03-31": "1979548.00000", "2016-12-31": "1921872.00000", "2016-09-30": "1925231.00000", "2016-06-30": "1919540.00000", "2016-03-31": "1922722.00000", "2015-12-31": "1888111.00000", "2015-09-30": "1897101.00000", "2015-06-30": "1897375.00000", "2015-03-31": "1893357.00000", "2014-12-31": "1861063.00000", "2014-09-30": "1884932.00000", "2014-06-30": "1933146.00000", "2014-03-31": "1917963.00000", "2013-12-31": "1869588.00000", "2013-09-30": "1894371.00000", "2013-06-30": "1892288.00000", "2013-03-31": "1937526.00000", "2012-12-31": "1973018.00000", "2012-09-30": "1927556.00000", "2012-06-30": "1924879.00000", "2012-03-31": "1948950.00000", "2011-12-31": "1898945.00000", "2011-09-30": "1989376.00000", "2011-06-30": "2039143.00000", "2011-03-31": "2043656.00000", "2010-12-31": "2036661.00000", "2010-09-30": "2109165.00000", "2010-06-30": "2130704.00000", "2010-03-31": "2108877.00000", "2009-12-31": "1998788.00000", "2009-09-30": "1993360.00000", "2009-06-30": "1999242.00000", "2009-03-31": "2082414.00000", "2008-12-31": "1640891.00000", "2008-09-30": "1670138.00000", "2008-06-30": "1554184.00000", "2008-03-31": "1580193.00000", "2007-12-31": "1568943.00000", "2007-09-30": "1440253.00000", "2007-06-30": "1398608.00000", "2007-03-31": "1367301.00000", "2006-12-31": "1324465.00000", "2006-09-30": "1315614.00000", "2006-06-30": "1317352.00000", "2006-03-31": "1245654.00000", "2005-12-31": "1190270.00000", "2005-09-30": "1151001.00000", "2005-06-30": "1145790.00000", "2005-03-31": "1113720.00000"}, "Common Stock Net": {"2020-12-31": "85982.00000", "2020-09-30": "85954.00000", "2020-06-30": "85794.00000", "2020-03-31": "85745.00000", "2019-12-31": "91723.00000", "2019-09-30": "99215.00000", "2019-06-30": "106619.00000", "2019-03-31": "112838.00000", "2018-12-31": "118896.00000", "2018-09-30": "123921.00000", "2018-06-30": "128822.00000", "2018-03-31": "133532.00000", "2017-12-31": "138089.00000", "2017-09-30": "142818.00000", "2017-06-30": "142744.00000", "2017-03-31": "144782.00000", "2016-12-31": "147038.00000", "2016-09-30": "148261.00000", "2016-06-30": "149554.00000", "2016-03-31": "150774.00000", "2015-12-31": "151042.00000", "2015-09-30": "151841.00000", "2015-06-30": "152638.00000", "2015-03-31": "153410.00000", "2014-12-31": "153458.00000", "2014-09-30": "153472.00000", "2014-06-30": "153468.00000", "2014-03-31": "153696.00000", "2013-12-31": "155293.00000", "2013-09-30": "156371.00000", "2013-06-30": "157192.00000", "2013-03-31": "158157.00000", "2012-12-31": "158142.00000", "2012-09-30": "158066.00000", "2012-06-30": "158001.00000", "2012-03-31": "157973.00000", "2011-12-31": "156621.00000", "2011-09-30": "153801.00000", "2011-06-30": "151567.00000", "2011-03-31": "151379.00000", "2010-12-31": "150905.00000", "2010-09-30": "149563.00000", "2010-06-30": "149175.00000", "2010-03-31": "149048.00000", "2009-12-31": "128734.00000", "2009-09-30": "128823.00000", "2009-06-30": "128717.00000", "2009-03-31": "100864.00000", "2008-12-31": "76766.00000", "2008-09-30": "65361.00000", "2008-06-30": "61109.00000", "2008-03-31": "61080.00000", "2007-12-31": "60328.00000", "2007-09-30": "60276.00000", "2007-06-30": "60349.00000", "2007-03-31": "60536.00000", "2006-12-31": "61574.00000", "2006-09-30": "63929.00000", "2006-06-30": "65822.00000", "2006-03-31": "68705.00000", "2005-12-31": "41693.00000", "2005-09-30": "42548.00000", "2005-06-30": "42507.00000", "2005-03-31": "43589.00000"}, "Retained Earnings (Accumulated Deficit)": {"2020-12-31": "164088.00000", "2020-09-30": "160447.00000", "2020-06-30": "157578.00000", "2020-03-31": "155866.00000", "2019-12-31": "156319.00000", "2019-09-30": "151183.00000", "2019-06-30": "147577.00000", "2019-03-31": "141888.00000", "2018-12-31": "136314.00000", "2018-09-30": "130747.00000", "2018-06-30": "125546.00000", "2018-03-31": "120298.00000", "2017-12-31": "113816.00000", "2017-09-30": "113486.00000", "2017-06-30": "109628.00000", "2017-03-31": "105467.00000", "2016-12-31": "101225.00000", "2016-09-30": "98303.00000", "2016-06-30": "93623.00000", "2016-03-31": "90270.00000", "2015-12-31": "88219.00000", "2015-09-30": "85485.00000", "2015-06-30": "81938.00000", "2015-03-31": "77472.00000", "2014-12-31": "75024.00000", "2014-09-30": "72811.00000", "2014-06-30": "73808.00000", "2014-03-31": "71877.00000", "2013-12-31": "72497.00000", "2013-09-30": "69419.00000", "2013-06-30": "67308.00000", "2013-03-31": "63844.00000", "2012-12-31": "62843.00000", "2012-09-30": "62583.00000", "2012-06-30": "62712.00000", "2012-03-31": "60734.00000", "2011-12-31": "60520.00000", "2011-09-30": "59043.00000", "2011-06-30": "53254.00000", "2011-03-31": "62483.00000", "2010-12-31": "60849.00000", "2010-09-30": "62515.00000", "2010-06-30": "70497.00000", "2010-03-31": "67811.00000", "2009-12-31": "71233.00000", "2009-09-30": "76881.00000", "2009-06-30": "79210.00000", "2009-03-31": "76877.00000", "2008-12-31": "73823.00000", "2008-09-30": "77695.00000", "2008-06-30": "79920.00000", "2008-03-31": "79554.00000", "2007-12-31": "81393.00000", "2007-09-30": "84027.00000", "2007-06-30": "83223.00000", "2007-03-31": "79996.00000", "2006-12-31": "79024.00000", "2006-09-30": "76271.00000", "2006-06-30": "73393.00000", "2006-03-31": "70204.00000", "2005-12-31": "67552.00000", "2005-09-30": "65439.00000", "2005-06-30": "63328.00000", "2005-03-31": "60843.00000"}, "Comprehensive Income": {"2020-12-31": "-1656.00000", "2020-09-30": "-978.00000", "2020-06-30": "-1162.00000", "2020-03-31": "-120.00000", "2019-12-31": "-6633.00000", "2019-09-30": "-5617.00000", "2019-06-30": "-7477.00000", "2019-03-31": "-10042.00000", "2018-12-31": "-12211.00000", "2018-09-30": "-14836.00000", "2018-06-30": "-13333.00000", "2018-03-31": "-12278.00000", "2017-12-31": "-7082.00000", "2017-09-30": "-6168.00000", "2017-06-30": "-6605.00000", "2017-03-31": "-7316.00000", "2016-12-31": "-7288.00000", "2016-09-30": "-1701.00000", "2016-06-30": "-1328.00000", "2016-03-31": "-2610.00000", "2015-12-31": "-5358.00000", "2015-09-30": "-3694.00000", "2015-06-30": "-5190.00000", "2015-03-31": "-2967.00000", "2014-12-31": "-4320.00000", "2014-09-30": "-5515.00000", "2014-06-30": "-4711.00000", "2014-03-31": "-7037.00000", "2013-12-31": "-8457.00000", "2013-09-30": "-6823.00000", "2013-06-30": "-7709.00000", "2013-03-31": "-3488.00000", "2012-12-31": "-2797.00000", "2012-09-30": "-811.00000", "2012-06-30": "-3500.00000", "2012-03-31": "-4996.00000", "2011-12-31": "-5437.00000", "2011-09-30": "-2071.00000", "2011-06-30": "793.00000", "2011-03-31": "463.00000", "2010-12-31": "-66.00000", "2010-09-30": "336.00000", "2010-06-30": "-4447.00000", "2010-03-31": "-4929.00000", "2009-12-31": "-5619.00000", "2009-09-30": "-6705.00000", "2009-06-30": "-11227.00000", "2009-03-31": "-11164.00000", "2008-12-31": "-10825.00000", "2008-09-30": "-5647.00000", "2008-06-30": "-1864.00000", "2008-03-31": "-884.00000", "2007-12-31": "1129.00000", "2007-09-30": "-8615.00000", "2007-06-30": "-9957.00000", "2007-03-31": "-7660.00000", "2006-12-31": "-7711.00000", "2006-09-30": "-6867.00000", "2006-06-30": "-10973.00000", "2006-03-31": "-8981.00000", "2005-12-31": "-7556.00000", "2005-09-30": "-6509.00000", "2005-06-30": "-4992.00000", "2005-03-31": "-5559.00000"}, "Other Share Holders Equity": {"2020-12-31": "", "2020-09-30": "", "2020-06-30": "", "2020-03-31": "", "2019-12-31": "", "2019-09-30": "", "2019-06-30": "", "2019-03-31": "", "2018-12-31": "", "2018-09-30": "", "2018-06-30": "", "2018-03-31": "", "2017-12-31": "", "2017-09-30": "", "2017-06-30": "", "2017-03-31": "", "2016-12-31": "", "2016-09-30": "", "2016-06-30": "", "2016-03-31": "", "2015-12-31": "", "2015-09-30": "", "2015-06-30": "", "2015-03-31": "", "2014-12-31": "", "2014-09-30": "", "2014-06-30": "", "2014-03-31": "", "2013-12-31": "", "2013-09-30": "", "2013-06-30": "", "2013-03-31": "", "2012-12-31": "", "2012-09-30": "", "2012-06-30": "", "2012-03-31": "", "2011-12-31": "", "2011-09-30": "-1.00000", "2011-06-30": "0.00000", "2011-03-31": "-11.00000", "2010-12-31": "-2.00000", "2010-09-30": "-23.00000", "2010-06-30": "-44.00000", "2010-03-31": "-71.00000", "2009-12-31": "-112.00000", "2009-09-30": "-156.00000", "2009-06-30": "-208.00000", "2009-03-31": "-305.00000", "2008-12-31": "-413.00000", "2008-09-30": "-521.00000", "2008-06-30": "-625.00000", "2008-03-31": "-747.00000", "2007-12-31": "-456.00000", "2007-09-30": "-579.00000", "2007-06-30": "-715.00000", "2007-03-31": "-867.00000", "2006-12-31": "-466.00000", "2006-09-30": "-562.00000", "2006-06-30": "-672.00000", "2006-03-31": "-773.00000", "2005-12-31": "-427.00000", "2005-09-30": "-491.00000", "2005-06-30": "-574.00000", "2005-03-31": "-625.00000"}, "Share Holder Equity": {"2020-12-31": "272924.00000", "2020-09-30": "268850.00000", "2020-06-30": "265637.00000", "2020-03-31": "264918.00000", "2019-12-31": "264810.00000", "2019-09-30": "268387.00000", "2019-06-30": "271408.00000", "2019-03-31": "267010.00000", "2018-12-31": "265325.00000", "2018-09-30": "262158.00000", "2018-06-30": "264216.00000", "2018-03-31": "266224.00000", "2017-12-31": "267146.00000", "2017-09-30": "272459.00000", "2017-06-30": "270987.00000", "2017-03-31": "268153.00000", "2016-12-31": "266195.00000", "2016-09-30": "270083.00000", "2016-06-30": "267069.00000", "2016-03-31": "262776.00000", "2015-12-31": "256176.00000", "2015-09-30": "255905.00000", "2015-06-30": "251659.00000", "2015-03-31": "250188.00000", "2014-12-31": "243471.00000", "2014-09-30": "238681.00000", "2014-06-30": "237411.00000", "2014-03-31": "231888.00000", "2013-12-31": "232685.00000", "2013-09-30": "232282.00000", "2013-06-30": "231032.00000", "2013-03-31": "237293.00000", "2012-12-31": "236956.00000", "2012-09-30": "238606.00000", "2012-06-30": "235975.00000", "2012-03-31": "232499.00000", "2011-12-31": "230101.00000", "2011-09-30": "230252.00000", "2011-06-30": "222176.00000", "2011-03-31": "230876.00000", "2010-12-31": "228248.00000", "2010-09-30": "230495.00000", "2010-06-30": "233174.00000", "2010-03-31": "229823.00000", "2009-12-31": "231444.00000", "2009-09-30": "257683.00000", "2009-06-30": "255152.00000", "2009-03-31": "239549.00000", "2008-12-31": "177052.00000", "2008-09-30": "161039.00000", "2008-06-30": "162691.00000", "2008-03-31": "156309.00000", "2007-12-31": "146803.00000", "2007-09-30": "138510.00000", "2007-06-30": "135751.00000", "2007-03-31": "134856.00000", "2006-12-31": "135272.00000", "2006-09-30": "133597.00000", "2006-06-30": "127841.00000", "2006-03-31": "129426.00000", "2005-12-31": "101533.00000", "2005-09-30": "101258.00000", "2005-06-30": "100540.00000", "2005-03-31": "98519.00000"}, "Total Liabilities And Share Holders Equity": {"2020-12-31": "2819627.00000", "2020-09-30": "2738452.00000", "2020-06-30": "2741688.00000", "2020-03-31": "2619954.00000", "2019-12-31": "2434079.00000", "2019-09-30": "2426330.00000", "2019-06-30": "2395892.00000", "2019-03-31": "2377164.00000", "2018-12-31": "2354507.00000", "2018-09-30": "2338833.00000", "2018-06-30": "2291670.00000", "2018-03-31": "2328478.00000", "2017-12-31": "2281234.00000", "2017-09-30": "2283896.00000", "2017-06-30": "2254529.00000", "2017-03-31": "2247701.00000", "2016-12-31": "2188067.00000", "2016-09-30": "2195314.00000", "2016-06-30": "2186609.00000", "2016-03-31": "2185498.00000", "2015-12-31": "2144287.00000", "2015-09-30": "2153006.00000", "2015-06-30": "2149034.00000", "2015-03-31": "2143545.00000", "2014-12-31": "2104534.00000", "2014-09-30": "2123613.00000", "2014-06-30": "2170557.00000", "2014-03-31": "2149851.00000", "2013-12-31": "2102273.00000", "2013-09-30": "2126653.00000", "2013-06-30": "2123320.00000", "2013-03-31": "2174819.00000", "2012-12-31": "2209974.00000", "2012-09-30": "2166162.00000", "2012-06-30": "2160854.00000", "2012-03-31": "2181449.00000", "2011-12-31": "2129046.00000", "2011-09-30": "2219628.00000", "2011-06-30": "2261319.00000", "2011-03-31": "2274532.00000", "2010-12-31": "2264909.00000", "2010-09-30": "2339660.00000", "2010-06-30": "2363878.00000", "2010-03-31": "2338700.00000", "2009-12-31": "2230232.00000", "2009-09-30": "2251043.00000", "2009-06-30": "2254394.00000", "2009-03-31": "2321963.00000", "2008-12-31": "1817943.00000", "2008-09-30": "1831177.00000", "2008-06-30": "1716875.00000", "2008-03-31": "1736502.00000", "2007-12-31": "1715746.00000", "2007-09-30": "1578763.00000", "2007-06-30": "1534359.00000", "2007-03-31": "1502157.00000", "2006-12-31": "1459737.00000", "2006-09-30": "1449211.00000", "2006-06-30": "1445193.00000", "2006-03-31": "1375080.00000", "2005-12-31": "1291803.00000", "2005-09-30": "1252259.00000", "2005-06-30": "1246330.00000", "2005-03-31": "1212239.00000"}}, "cash flow statement": {"Net Income/Loss": {"2020-12-31": "0.00000", "2019-12-31": "27430.00000", "2018-12-31": "28147.00000", "2017-12-31": "18232.00000", "2016-12-31": "17822.00000", "2015-12-31": "15910.00000", "2014-12-31": "5520.00000", "2013-12-31": "11431.00000", "2012-12-31": "4188.00000", "2011-12-31": "1446.00000", "2010-12-31": "-2238.00000", "2009-12-31": "6276.00000", "2008-12-31": "4008.00000", "2007-12-31": "14982.00000", "2006-12-31": "21133.00000", "2005-12-31": "16465.00000"}, "Total Depreciation And Amortization - Cash Flow": {"2020-12-31": "", "2019-12-31": "3795.00000", "2018-12-31": "3887.00000", "2017-12-31": "4354.00000", "2016-12-31": "5375.00000", "2015-12-31": "5002.00000", "2014-12-31": "4221.00000", "2013-12-31": "4260.00000", "2012-12-31": "5618.00000", "2011-12-31": "8715.00000", "2010-12-31": "16312.00000", "2009-12-31": "4314.00000", "2008-12-31": "3319.00000", "2007-12-31": "2844.00000", "2006-12-31": "2869.00000", "2005-12-31": "1768.00000"}, "Other Non-Cash Items": {"2020-12-31": "", "2019-12-31": "9854.00000", "2018-12-31": "7898.00000", "2017-12-31": "12965.00000", "2016-12-31": "10267.00000", "2015-12-31": "4901.00000", "2014-12-31": "2019.00000", "2013-12-31": "6196.00000", "2012-12-31": "8879.00000", "2011-12-31": "4767.00000", "2010-12-31": "26499.00000", "2009-12-31": "44217.00000", "2008-12-31": "19900.00000", "2007-12-31": "7452.00000", "2006-12-31": "7303.00000", "2005-12-31": "4625.00000"}, "Total Non-Cash Items": {"2020-12-31": "", "2019-12-31": "13649.00000", "2018-12-31": "11785.00000", "2017-12-31": "17319.00000", "2016-12-31": "15642.00000", "2015-12-31": "9903.00000", "2014-12-31": "6240.00000", "2013-12-31": "10456.00000", "2012-12-31": "14497.00000", "2011-12-31": "13482.00000", "2010-12-31": "42811.00000", "2009-12-31": "48531.00000", "2008-12-31": "23219.00000", "2007-12-31": "10296.00000", "2006-12-31": "10172.00000", "2005-12-31": "6393.00000"}, "Change In Accounts Receivable": {"2020-12-31": "", "2019-12-31": "1317.00000", "2018-12-31": "901.00000", "2017-12-31": "-2958.00000", "2016-12-31": "-519.00000", "2015-12-31": "-1729.00000", "2014-12-31": "-830.00000", "2013-12-31": "12019.00000", "2012-12-31": "-4723.00000", "2011-12-31": "23694.00000", "2010-12-31": "", "2009-12-31": "", "2008-12-31": "", "2007-12-31": "", "2006-12-31": "", "2005-12-31": ""}, "Change In Inventories": {"2020-12-31": "", "2019-12-31": "7920.00000", "2018-12-31": "-23673.00000", "2017-12-31": "-14663.00000", "2016-12-31": "-2635.00000", "2015-12-31": "2550.00000", "2014-12-31": "5866.00000", "2013-12-31": "33870.00000", "2012-12-31": "-47606.00000", "2011-12-31": "25481.00000", "2010-12-31": "20775.00000", "2009-12-31": "59822.00000", "2008-12-31": "-16973.00000", "2007-12-31": "-8108.00000", "2006-12-31": "-3870.00000", "2005-12-31": "-18911.00000"}, "Change In Accounts Payable": {"2020-12-31": "", "2019-12-31": "", "2018-12-31": "", "2017-12-31": "", "2016-12-31": "", "2015-12-31": "", "2014-12-31": "", "2013-12-31": "", "2012-12-31": "", "2011-12-31": "", "2010-12-31": "", "2009-12-31": "", "2008-12-31": "", "2007-12-31": "", "2006-12-31": "", "2005-12-31": ""}, "Change In Assets/Liabilities": {"2020-12-31": "", "2019-12-31": "-11113.00000", "2018-12-31": "11920.00000", "2017-12-31": "-20090.00000", "2016-12-31": "-14103.00000", "2015-12-31": "2645.00000", "2014-12-31": "5894.00000", "2013-12-31": "35154.00000", "2012-12-31": "-11424.00000", "2011-12-31": "21285.00000", "2010-12-31": "5213.00000", "2009-12-31": "28553.00000", "2008-12-31": "-6391.00000", "2007-12-31": "-15855.00000", "2006-12-31": "-17070.00000", "2005-12-31": "-104.00000"}, "Total Change In Assets/Liabilities": {"2020-12-31": "", "2019-12-31": "14487.00000", "2018-12-31": "2158.00000", "2017-12-31": "-33038.00000", "2016-12-31": "-17292.00000", "2015-12-31": "4196.00000", "2014-12-31": "20632.00000", "2013-12-31": "68124.00000", "2012-12-31": "-39692.00000", "2011-12-31": "52336.00000", "2010-12-31": "40057.00000", "2009-12-31": "71774.00000", "2008-12-31": "-32249.00000", "2007-12-31": "-19773.00000", "2006-12-31": "-16423.00000", "2005-12-31": "-27220.00000"}, "Cash Flow From Operating Activities": {"2020-12-31": "", "2019-12-31": "61777.00000", "2018-12-31": "39520.00000", "2017-12-31": "9864.00000", "2016-12-31": "17277.00000", "2015-12-31": "28397.00000", "2014-12-31": "30795.00000", "2013-12-31": "92817.00000", "2012-12-31": "-16056.00000", "2011-12-31": "64448.00000", "2010-12-31": "82541.00000", "2009-12-31": "129731.00000", "2008-12-31": "4034.00000", "2007-12-31": "11036.00000", "2006-12-31": "14509.00000", "2005-12-31": "-12223.00000"}, "Net Change In Property, Plant, And Equipment": {"2020-12-31": "", "2019-12-31": "", "2018-12-31": "", "2017-12-31": "", "2016-12-31": "", "2015-12-31": "", "2014-12-31": "", "2013-12-31": "", "2012-12-31": "5.00000", "2011-12-31": "-1307.00000", "2010-12-31": "-987.00000", "2009-12-31": "-2240.00000", "2008-12-31": "-2098.00000", "2007-12-31": "-2143.00000", "2006-12-31": "-748.00000", "2005-12-31": "-1228.00000"}, "Net Change In Intangible Assets": {"2020-12-31": "", "2019-12-31": "", "2018-12-31": "", "2017-12-31": "", "2016-12-31": "", "2015-12-31": "", "2014-12-31": "", "2013-12-31": "", "2012-12-31": "", "2011-12-31": "", "2010-12-31": "", "2009-12-31": "", "2008-12-31": "", "2007-12-31": "", "2006-12-31": "", "2005-12-31": ""}, "Net Acquisitions/Divestitures": {"2020-12-31": "", "2019-12-31": "", "2018-12-31": "", "2017-12-31": "", "2016-12-31": "", "2015-12-31": "", "2014-12-31": "", "2013-12-31": "", "2012-12-31": "", "2011-12-31": "", "2010-12-31": "", "2009-12-31": "31804.00000", "2008-12-31": "6650.00000", "2007-12-31": "-19816.00000", "2006-12-31": "-2388.00000", "2005-12-31": "-49.00000"}, "Net Change In Short-term Investments": {"2020-12-31": "", "2019-12-31": "-113855.00000", "2018-12-31": "-116248.00000", "2017-12-31": "-109437.00000", "2016-12-31": "-125373.00000", "2015-12-31": "-82452.00000", "2014-12-31": "2535.00000", "2013-12-31": "36750.00000", "2012-12-31": "-1431.00000", "2011-12-31": "-1462.00000", "2010-12-31": "-21837.00000", "2009-12-31": "50450.00000", "2008-12-31": "55926.00000", "2007-12-31": "8485.00000", "2006-12-31": "9967.00000", "2005-12-31": "-58864.00000"}, "Net Change In Long-Term Investments": {"2020-12-31": "", "2019-12-31": "76769.00000", "2018-12-31": "61322.00000", "2017-12-31": "85439.00000", "2016-12-31": "87370.00000", "2015-12-31": "68795.00000", "2014-12-31": "-45607.00000", "2013-12-31": "27455.00000", "2012-12-31": "-31248.00000", "2011-12-31": "57211.00000", "2010-12-31": "-17477.00000", "2009-12-31": "37816.00000", "2008-12-31": "-37291.00000", "2007-12-31": "19640.00000", "2006-12-31": "34965.00000", "2005-12-31": "-30184.00000"}, "Net Change In Investments - Total": {"2020-12-31": "", "2019-12-31": "-37086.00000", "2018-12-31": "-54926.00000", "2017-12-31": "-23998.00000", "2016-12-31": "-38003.00000", "2015-12-31": "-13657.00000", "2014-12-31": "-43072.00000", "2013-12-31": "64205.00000", "2012-12-31": "-32679.00000", "2011-12-31": "55749.00000", "2010-12-31": "-39314.00000", "2009-12-31": "88266.00000", "2008-12-31": "18635.00000", "2007-12-31": "28125.00000", "2006-12-31": "44932.00000", "2005-12-31": "-89048.00000"}, "Investing Activities - Other": {"2020-12-31": "", "2019-12-31": "-43544.00000", "2018-12-31": "-16542.00000", "2017-12-31": "-27543.00000", "2016-12-31": "-24282.00000", "2015-12-31": "-41914.00000", "2014-12-31": "34812.00000", "2013-12-31": "-39147.00000", "2012-12-31": "-2305.00000", "2011-12-31": "-2013.00000", "2010-12-31": "9954.00000", "2009-12-31": "40095.00000", "2008-12-31": "-26117.00000", "2007-12-31": "-114646.00000", "2006-12-31": "-110100.00000", "2005-12-31": "-60120.00000"}, "Cash Flow From Investing Activities": {"2020-12-31": "", "2019-12-31": "-80630.00000", "2018-12-31": "-71468.00000", "2017-12-31": "-51541.00000", "2016-12-31": "-62285.00000", "2015-12-31": "-55571.00000", "2014-12-31": "-8260.00000", "2013-12-31": "25058.00000", "2012-12-31": "-34979.00000", "2011-12-31": "52429.00000", "2010-12-31": "-30347.00000", "2009-12-31": "157925.00000", "2008-12-31": "-2930.00000", "2007-12-31": "-108480.00000", "2006-12-31": "-68304.00000", "2005-12-31": "-150445.00000"}, "Net Long-Term Debt": {"2020-12-31": "", "2019-12-31": "1626.00000", "2018-12-31": "11232.00000", "2017-12-31": "4006.00000", "2016-12-31": "-16086.00000", "2015-12-31": "3305.00000", "2014-12-31": "-2176.00000", "2013-12-31": "-19944.00000", "2012-12-31": "-102189.00000", "2011-12-31": "-75813.00000", "2010-12-31": "-58704.00000", "2009-12-31": "-33463.00000", "2008-12-31": "8710.00000", "2007-12-31": "38428.00000", "2006-12-31": "31696.00000", "2005-12-31": "6851.00000"}, "Net Current Debt": {"2020-12-31": "", "2019-12-31": "-17875.00000", "2018-12-31": "-2408.00000", "2017-12-31": "15562.00000", "2016-12-31": "-8014.00000", "2015-12-31": "-30060.00000", "2014-12-31": "-11656.00000", "2013-12-31": "-79144.00000", "2012-12-31": "73378.00000", "2011-12-31": "-54759.00000", "2010-12-31": "-41524.00000", "2009-12-31": "-189419.00000", "2008-12-31": "-67562.00000", "2007-12-31": "31392.00000", "2006-12-31": "1255.00000", "2005-12-31": "158585.00000"}, "Debt Issuance/Retirement Net - Total": {"2020-12-31": "", "2019-12-31": "-16249.00000", "2018-12-31": "8824.00000", "2017-12-31": "19568.00000", "2016-12-31": "-24100.00000", "2015-12-31": "-26755.00000", "2014-12-31": "-13832.00000", "2013-12-31": "-99088.00000", "2012-12-31": "-28811.00000", "2011-12-31": "-130572.00000", "2010-12-31": "-100228.00000", "2009-12-31": "-222882.00000", "2008-12-31": "-58852.00000", "2007-12-31": "69820.00000", "2006-12-31": "32951.00000", "2005-12-31": "165436.00000"}, "Net Common Equity Issued/Repurchased": {"2020-12-31": "", "2019-12-31": "-28144.00000", "2018-12-31": "-20094.00000", "2017-12-31": "-12814.00000", "2016-12-31": "-5112.00000", "2015-12-31": "590.00000", "2014-12-31": "-1675.00000", "2013-12-31": "-3220.00000", "2012-12-31": "", "2011-12-31": "", "2010-12-31": "", "2009-12-31": "13468.00000", "2008-12-31": "10127.00000", "2007-12-31": "-2672.00000", "2006-12-31": "-11242.00000", "2005-12-31": "-2919.00000"}, "Net Total Equity Issued/Repurchased": {"2020-12-31": "", "2019-12-31": "-27069.00000", "2018-12-31": "-20091.00000", "2017-12-31": "-12814.00000", "2016-12-31": "-2165.00000", "2015-12-31": "590.00000", "2014-12-31": "4282.00000", "2013-12-31": "-8673.00000", "2012-12-31": "667.00000", "2011-12-31": "5000.00000", "2010-12-31": "", "2009-12-31": "17712.00000", "2008-12-31": "44869.00000", "2007-12-31": "-1114.00000", "2006-12-31": "-8662.00000", "2005-12-31": "-2919.00000"}, "Total Common And Preferred Stock Dividends Paid": {"2020-12-31": "", "2019-12-31": "-5934.00000", "2018-12-31": "-6895.00000", "2017-12-31": "-5700.00000", "2016-12-31": "-4194.00000", "2015-12-31": "-3574.00000", "2014-12-31": "-2306.00000", "2013-12-31": "-1677.00000", "2012-12-31": "-1909.00000", "2011-12-31": "-1738.00000", "2010-12-31": "-1762.00000", "2009-12-31": "-4863.00000", "2008-12-31": "-11528.00000", "2007-12-31": "-10878.00000", "2006-12-31": "-9661.00000", "2005-12-31": "-7683.00000"}, "Financial Activities - Other": {"2020-12-31": "", "2019-12-31": "52629.00000", "2018-12-31": "71280.00000", "2017-12-31": "48214.00000", "2016-12-31": "63612.00000", "2015-12-31": "78274.00000", "2014-12-31": "-345.00000", "2013-12-31": "13996.00000", "2012-12-31": "72469.00000", "2011-12-31": "22656.00000", "2010-12-31": "36656.00000", "2009-12-31": "10465.00000", "2008-12-31": "14816.00000", "2007-12-31": "45584.00000", "2006-12-31": "38505.00000", "2005-12-31": "15983.00000"}, "Cash Flow From Financial Activities": {"2020-12-31": "", "2019-12-31": "3377.00000", "2018-12-31": "53118.00000", "2017-12-31": "49268.00000", "2016-12-31": "33153.00000", "2015-12-31": "48535.00000", "2014-12-31": "-12201.00000", "2013-12-31": "-95442.00000", "2012-12-31": "42416.00000", "2011-12-31": "-104654.00000", "2010-12-31": "-65334.00000", "2009-12-31": "-199568.00000", "2008-12-31": "-10695.00000", "2007-12-31": "103412.00000", "2006-12-31": "53133.00000", "2005-12-31": "170817.00000"}, "Net Cash Flow": {"2020-12-31": "", "2019-12-31": "-15844.00000", "2018-12-31": "19970.00000", "2017-12-31": "9696.00000", "2016-12-31": "-11615.00000", "2015-12-31": "20764.00000", "2014-12-31": "7267.00000", "2013-12-31": "20570.00000", "2012-12-31": "-9350.00000", "2011-12-31": "11675.00000", "2010-12-31": "-12912.00000", "2009-12-31": "88482.00000", "2008-12-31": "-9674.00000", "2007-12-31": "6102.00000", "2006-12-31": "-570.00000", "2005-12-31": "8063.00000"}, "Stock-Based Compensation": {"2020-12-31": "", "2019-12-31": "1974.00000", "2018-12-31": "1729.00000", "2017-12-31": "1649.00000", "2016-12-31": "1367.00000", "2015-12-31": "-89.00000", "2014-12-31": "78.00000", "2013-12-31": "", "2012-12-31": "", "2011-12-31": "", "2010-12-31": "", "2009-12-31": "", "2008-12-31": "", "2007-12-31": "", "2006-12-31": "", "2005-12-31": ""}, "Common Stock Dividends Paid": {"2020-12-31": "", "2019-12-31": "-5934.00000", "2018-12-31": "-6895.00000", "2017-12-31": "-5700.00000", "2016-12-31": "-4194.00000", "2015-12-31": "-3574.00000", "2014-12-31": "-2306.00000", "2013-12-31": "-1677.00000", "2012-12-31": "-1909.00000", "2011-12-31": "-1738.00000", "2010-12-31": "-1762.00000", "2009-12-31": "-4863.00000", "2008-12-31": "-11528.00000", "2007-12-31": "-10878.00000", "2006-12-31": "-9661.00000", "2005-12-31": "-7683.00000"}}, "cash flow statement, quarterly": {"Net Income/Loss": {"2020-12-31": -12424, "2020-09-30": 4881, "2020-06-30": 3533, "2020-03-31": "4010.00000", "2019-12-31": 6994, "2019-09-30": 5777, "2019-06-30": 7348, "2019-03-31": "7311.00000", "2018-12-31": 7278, "2018-09-30": 7167, "2018-06-30": 6784, "2018-03-31": "6918.00000", "2017-12-31": 2365, "2017-09-30": 5424, "2017-06-30": 5106, "2017-03-31": "5337.00000", "2016-12-31": 4612, "2016-09-30": 4955, "2016-06-30": 4783, "2016-03-31": "3472.00000", "2015-12-31": 3358, "2015-09-30": 4321, "2015-06-30": 5134, "2015-03-31": "3097.00000", "2014-12-31": 3737, "2014-09-30": -232, "2014-06-30": 2291, "2014-03-31": "-276.00000", "2013-12-31": 3439, "2013-09-30": 2497, "2013-06-30": 4012, "2013-03-31": "1483.00000", "2012-12-31": 732, "2012-09-30": 340, "2012-06-30": 2463, "2012-03-31": "653.00000", "2011-12-31": 1991, "2011-09-30": 6232, "2011-06-30": -8826, "2011-03-31": "2049.00000", "2010-12-31": -1244, "2010-09-30": -7299, "2010-06-30": 3123, "2010-03-31": "3182.00000", "2009-12-31": -194, "2009-09-30": -1001, "2009-06-30": 3224, "2009-03-31": "4247.00000", "2008-12-31": -1789, "2008-09-30": 1177, "2008-06-30": 3410, "2008-03-31": "1210.00000", "2007-12-31": 268, "2007-09-30": 3698, "2007-06-30": 5761, "2007-03-31": "5255.00000", "2006-12-31": 5256, "2006-09-30": 5416, "2006-06-30": 5475, "2006-03-31": "4986.00000", "2005-12-31": 3574, "2005-09-30": 3841, "2005-06-30": 4657, "2005-03-31": "4393.00000"}, "Total Depreciation And Amortization - Cash Flow": {"2020-12-31": -3992, "2020-09-30": 1748, "2020-06-30": 1330, "2020-03-31": "914.00000", "2019-12-31": 1086, "2019-09-30": 1047, "2019-06-30": 882, "2019-03-31": "780.00000", "2018-12-31": 937, "2018-09-30": 1017, "2018-06-30": 947, "2018-03-31": "986.00000", "2017-12-31": 1119, "2017-09-30": 1105, "2017-06-30": 1052, "2017-03-31": "1078.00000", "2016-12-31": 1480, "2016-09-30": 1446, "2016-06-30": 1355, "2016-03-31": "1094.00000", "2015-12-31": 1758, "2015-09-30": 1558, "2015-06-30": 100, "2015-03-31": "1586.00000", "2014-12-31": 666, "2014-09-30": 1022, "2014-06-30": 1237, "2014-03-31": "1296.00000", "2013-12-31": 959, "2013-09-30": 1283, "2013-06-30": 991, "2013-03-31": "1027.00000", "2012-12-31": 1590, "2012-09-30": 1423, "2012-06-30": 1657, "2012-03-31": "948.00000", "2011-12-31": 3472, "2011-09-30": 871, "2011-06-30": 3480, "2011-03-31": "892.00000", "2010-12-31": 2950, "2010-09-30": 11364, "2010-06-30": 986, "2010-03-31": "1012.00000", "2009-12-31": 1013, "2009-09-30": 1096, "2009-06-30": 1107, "2009-03-31": "1098.00000", "2008-12-31": 888, "2008-09-30": 862, "2008-06-30": 795, "2008-03-31": "774.00000", "2007-12-31": 799, "2007-09-30": 710, "2007-06-30": 671, "2007-03-31": "664.00000", "2006-12-31": 712, "2006-09-30": 719, "2006-06-30": 720, "2006-03-31": "718.00000", "2005-12-31": 439, "2005-09-30": 439, "2005-06-30": 442, "2005-03-31": "448.00000"}, "Other Non-Cash Items": {"2020-12-31": -10491, "2020-09-30": 599, "2020-06-30": 5132, "2020-03-31": "4760.00000", "2019-12-31": 1965, "2019-09-30": 3655, "2019-06-30": 1960, "2019-03-31": "2274.00000", "2018-12-31": 1429, "2018-09-30": 2152, "2018-06-30": 2266, "2018-03-31": "2051.00000", "2017-12-31": 4495, "2017-09-30": 2782, "2017-06-30": 3217, "2017-03-31": "2471.00000", "2016-12-31": 1775, "2016-09-30": 2955, "2016-06-30": 2188, "2016-03-31": "3349.00000", "2015-12-31": 284, "2015-09-30": 1572, "2015-06-30": 2131, "2015-03-31": "914.00000", "2014-12-31": 600, "2014-09-30": 438, "2014-06-30": 1081, "2014-03-31": "-100.00000", "2013-12-31": 1047, "2013-09-30": 1866, "2013-06-30": 1694, "2013-03-31": "1589.00000", "2012-12-31": -1091, "2012-09-30": 3396, "2012-06-30": 1789, "2012-03-31": "4785.00000", "2011-12-31": -547, "2011-09-30": 3108, "2011-06-30": -1354, "2011-03-31": "3560.00000", "2010-12-31": 1753, "2010-09-30": 6343, "2010-06-30": 8596, "2010-03-31": "9807.00000", "2009-12-31": 5881, "2009-09-30": 13464, "2009-06-30": 12504, "2009-03-31": "12368.00000", "2008-12-31": 3401, "2008-09-30": 5780, "2008-06-30": 5975, "2008-03-31": "4744.00000", "2007-12-31": 2661, "2007-09-30": 1600, "2007-06-30": 1774, "2007-03-31": "1417.00000", "2006-12-31": 2077, "2006-09-30": 2453, "2006-06-30": 1191, "2006-03-31": "1582.00000", "2005-12-31": 2290, "2005-09-30": 1036, "2005-06-30": 1452, "2005-03-31": "-153.00000"}, "Total Non-Cash Items": {"2020-12-31": -14483, "2020-09-30": 2347, "2020-06-30": 6462, "2020-03-31": "5674.00000", "2019-12-31": 3051, "2019-09-30": 4702, "2019-06-30": 2842, "2019-03-31": "3054.00000", "2018-12-31": 2366, "2018-09-30": 3169, "2018-06-30": 3213, "2018-03-31": "3037.00000", "2017-12-31": 5614, "2017-09-30": 3887, "2017-06-30": 4269, "2017-03-31": "3549.00000", "2016-12-31": 3255, "2016-09-30": 4401, "2016-06-30": 3543, "2016-03-31": "4443.00000", "2015-12-31": 2042, "2015-09-30": 3130, "2015-06-30": 2231, "2015-03-31": "2500.00000", "2014-12-31": 1266, "2014-09-30": 1460, "2014-06-30": 2318, "2014-03-31": "1196.00000", "2013-12-31": 2006, "2013-09-30": 3149, "2013-06-30": 2685, "2013-03-31": "2616.00000", "2012-12-31": 499, "2012-09-30": 4819, "2012-06-30": 3446, "2012-03-31": "5733.00000", "2011-12-31": 2925, "2011-09-30": 3979, "2011-06-30": 2126, "2011-03-31": "4452.00000", "2010-12-31": 4703, "2010-09-30": 17707, "2010-06-30": 9582, "2010-03-31": "10819.00000", "2009-12-31": 6894, "2009-09-30": 14560, "2009-06-30": 13611, "2009-03-31": "13466.00000", "2008-12-31": 4289, "2008-09-30": 6642, "2008-06-30": 6770, "2008-03-31": "5518.00000", "2007-12-31": 3460, "2007-09-30": 2310, "2007-06-30": 2445, "2007-03-31": "2081.00000", "2006-12-31": 2789, "2006-09-30": 3172, "2006-06-30": 1911, "2006-03-31": "2300.00000", "2005-12-31": 2729, "2005-09-30": 1475, "2005-06-30": 1894, "2005-03-31": "295.00000"}, "Change In Accounts Receivable": {"2020-12-31": -4561, "2020-09-30": 2749, "2020-06-30": 493, "2020-03-31": "1319.00000", "2019-12-31": 699, "2019-09-30": -4274, "2019-06-30": 610, "2019-03-31": "4282.00000", "2018-12-31": -5490, "2018-09-30": 854, "2018-06-30": 1406, "2018-03-31": "4131.00000", "2017-12-31": 962, "2017-09-30": -6923, "2017-06-30": 8557, "2017-03-31": "-5554.00000", "2016-12-31": 2567, "2016-09-30": -1732, "2016-06-30": -2301, "2016-03-31": "947.00000", "2015-12-31": 276, "2015-09-30": -2967, "2015-06-30": 574, "2015-03-31": "388.00000", "2014-12-31": -1636, "2014-09-30": 249, "2014-06-30": 2555, "2014-03-31": "-1998.00000", "2013-12-31": 5031, "2013-09-30": 3245, "2013-06-30": 2537, "2013-03-31": "1206.00000", "2012-12-31": -1882, "2012-09-30": -2376, "2012-06-30": 7, "2012-03-31": "-472.00000", "2011-12-31": 23694, "2011-09-30": 0, "2011-06-30": 0, "2011-03-31": "", "2010-12-31": 0, "2010-09-30": 0, "2010-06-30": 0, "2010-03-31": "", "2009-12-31": 0, "2009-09-30": 0, "2009-06-30": 0, "2009-03-31": "", "2008-12-31": 0, "2008-09-30": 0, "2008-06-30": 0, "2008-03-31": "", "2007-12-31": 0, "2007-09-30": 0, "2007-06-30": 0, "2007-03-31": "", "2006-12-31": 0, "2006-09-30": 0, "2006-06-30": 0, "2006-03-31": "", "2005-12-31": 0, "2005-09-30": 0, "2005-06-30": 0, "2005-03-31": ""}, "Change In Inventories": {"2020-12-31": 25503, "2020-09-30": -26568, "2020-06-30": -28550, "2020-03-31": "29615.00000", "2019-12-31": 38461, "2019-09-30": -12807, "2019-06-30": -11191, "2019-03-31": "-6543.00000", "2018-12-31": -10326, "2018-09-30": -12052, "2018-06-30": -17102, "2018-03-31": "15807.00000", "2017-12-31": -2110, "2017-09-30": 11759, "2017-06-30": -7589, "2017-03-31": "-16723.00000", "2016-12-31": -11703, "2016-09-30": -7209, "2016-06-30": 8142, "2016-03-31": "8135.00000", "2015-12-31": -5466, "2015-09-30": 9300, "2015-06-30": -4506, "2015-03-31": "3222.00000", "2014-12-31": -7143, "2014-09-30": 135, "2014-06-30": -662, "2014-03-31": "13536.00000", "2013-12-31": -29, "2013-09-30": -7319, "2013-06-30": 18576, "2013-03-31": "22642.00000", "2012-12-31": -31414, "2012-09-30": -4528, "2012-06-30": 15504, "2012-03-31": "-27168.00000", "2011-12-31": 16893, "2011-09-30": 3872, "2011-06-30": -3034, "2011-03-31": "7750.00000", "2010-12-31": 2662, "2010-09-30": -13995, "2010-06-30": 25338, "2010-03-31": "6770.00000", "2009-12-31": 16995, "2009-09-30": 1637, "2009-06-30": 14141, "2009-03-31": "27049.00000", "2008-12-31": 990, "2008-09-30": 2903, "2008-06-30": -4805, "2008-03-31": "-16061.00000", "2007-12-31": 6144, "2007-09-30": 1777, "2007-06-30": -7673, "2007-03-31": "-8356.00000", "2006-12-31": -11700, "2006-09-30": -1840, "2006-06-30": -8718, "2006-03-31": "18388.00000", "2005-12-31": -8408, "2005-09-30": -3606, "2005-06-30": 5800, "2005-03-31": "-12697.00000"}, "Change In Accounts Payable": {"2020-12-31": 0, "2020-09-30": 0, "2020-06-30": 0, "2020-03-31": "", "2019-12-31": 0, "2019-09-30": 0, "2019-06-30": 0, "2019-03-31": "", "2018-12-31": 0, "2018-09-30": 0, "2018-06-30": 0, "2018-03-31": "", "2017-12-31": 0, "2017-09-30": 0, "2017-06-30": 0, "2017-03-31": "", "2016-12-31": 0, "2016-09-30": 0, "2016-06-30": 0, "2016-03-31": "", "2015-12-31": 0, "2015-09-30": 0, "2015-06-30": 0, "2015-03-31": "", "2014-12-31": 0, "2014-09-30": 0, "2014-06-30": 0, "2014-03-31": "", "2013-12-31": 0, "2013-09-30": 0, "2013-06-30": 0, "2013-03-31": "", "2012-12-31": 0, "2012-09-30": 0, "2012-06-30": 0, "2012-03-31": "", "2011-12-31": 0, "2011-09-30": 0, "2011-06-30": 0, "2011-03-31": "", "2010-12-31": 0, "2010-09-30": 0, "2010-06-30": 0, "2010-03-31": "", "2009-12-31": 0, "2009-09-30": 0, "2009-06-30": 0, "2009-03-31": "", "2008-12-31": 0, "2008-09-30": 0, "2008-06-30": 0, "2008-03-31": "", "2007-12-31": 0, "2007-09-30": 0, "2007-06-30": 0, "2007-03-31": "", "2006-12-31": 0, "2006-09-30": 0, "2006-06-30": 0, "2006-03-31": "", "2005-12-31": 0, "2005-09-30": 0, "2005-06-30": 0, "2005-03-31": ""}, "Change In Assets/Liabilities": {"2020-12-31": 15078, "2020-09-30": -15689, "2020-06-30": 21633, "2020-03-31": "-21022.00000", "2019-12-31": -11726, "2019-09-30": -1792, "2019-06-30": -1590, "2019-03-31": "3995.00000", "2018-12-31": -1728, "2018-09-30": 4267, "2018-06-30": -1852, "2018-03-31": "11233.00000", "2017-12-31": -10097, "2017-09-30": -2289, "2017-06-30": -11236, "2017-03-31": "3532.00000", "2016-12-31": -13491, "2016-09-30": -947, "2016-06-30": -2026, "2016-03-31": "2361.00000", "2015-12-31": 3785, "2015-09-30": 3521, "2015-06-30": -4673, "2015-03-31": "12.00000", "2014-12-31": 10299, "2014-09-30": 2531, "2014-06-30": -3617, "2014-03-31": "-3319.00000", "2013-12-31": -165, "2013-09-30": 10038, "2013-06-30": 14253, "2013-03-31": "11028.00000", "2012-12-31": -4303, "2012-09-30": 443, "2012-06-30": 3145, "2012-03-31": "-10709.00000", "2011-12-31": -1524, "2011-09-30": 3469, "2011-06-30": 24439, "2011-03-31": "-5099.00000", "2010-12-31": -23974, "2010-09-30": 25982, "2010-06-30": -2518, "2010-03-31": "5723.00000", "2009-12-31": 6583, "2009-09-30": -1297, "2009-06-30": -5037, "2009-03-31": "28304.00000", "2008-12-31": -12813, "2008-09-30": -1839, "2008-06-30": 21611, "2008-03-31": "-13350.00000", "2007-12-31": 3302, "2007-09-30": -8985, "2007-06-30": 1954, "2007-03-31": "-12126.00000", "2006-12-31": 9634, "2006-09-30": -11792, "2006-06-30": 878, "2006-03-31": "-15790.00000", "2005-12-31": 3026, "2005-09-30": -2831, "2005-06-30": -4582, "2005-03-31": "4283.00000"}, "Total Change In Assets/Liabilities": {"2020-12-31": 45515, "2020-09-30": -39706, "2020-06-30": -15133, "2020-03-31": "9324.00000", "2019-12-31": 47850, "2019-09-30": -17063, "2019-06-30": -17688, "2019-03-31": "1388.00000", "2018-12-31": -22800, "2018-09-30": 10936, "2018-06-30": -16335, "2018-03-31": "30357.00000", "2017-12-31": -17773, "2017-09-30": 9298, "2017-06-30": -1300, "2017-03-31": "-23263.00000", "2016-12-31": -17817, "2016-09-30": -9353, "2016-06-30": 6991, "2016-03-31": "2887.00000", "2015-12-31": 962, "2015-09-30": 18420, "2015-06-30": -11576, "2015-03-31": "-3610.00000", "2014-12-31": -3572, "2014-09-30": 2335, "2014-06-30": 313, "2014-03-31": "21556.00000", "2013-12-31": 5977, "2013-09-30": 1500, "2013-06-30": 40299, "2013-03-31": "20348.00000", "2012-12-31": -32921, "2012-09-30": 3087, "2012-06-30": 16341, "2012-03-31": "-26199.00000", "2011-12-31": 24163, "2011-09-30": -5439, "2011-06-30": 47788, "2011-03-31": "-14176.00000", "2010-12-31": -13969, "2010-09-30": 16195, "2010-06-30": 19223, "2010-03-31": "18608.00000", "2009-12-31": 27922, "2009-09-30": -1976, "2009-06-30": 1345, "2009-03-31": "44483.00000", "2008-12-31": -38695, "2008-09-30": 15651, "2008-06-30": 7600, "2008-03-31": "-16805.00000", "2007-12-31": 6398, "2007-09-30": -8316, "2007-06-30": 9367, "2007-03-31": "-27222.00000", "2006-12-31": 1803, "2006-09-30": -17304, "2006-06-30": -4007, "2006-03-31": "3085.00000", "2005-12-31": -7572, "2005-09-30": -6583, "2005-06-30": -162, "2005-03-31": "-12903.00000"}, "Cash Flow From Operating Activities": {"2020-12-31": 16601, "2020-09-30": -32638, "2020-06-30": -3006, "2020-03-31": "19043.00000", "2019-12-31": 59103, "2019-09-30": -5702, "2019-06-30": -6725, "2019-03-31": "15101.00000", "2018-12-31": -13922, "2018-09-30": 19606, "2018-06-30": -6518, "2018-03-31": "40354.00000", "2017-12-31": -7100, "2017-09-30": 20304, "2017-06-30": 9649, "2017-03-31": "-12989.00000", "2016-12-31": -9440, "2016-09-30": 526, "2016-06-30": 15294, "2016-03-31": "10897.00000", "2015-12-31": 5688, "2015-09-30": 25796, "2015-06-30": -3332, "2015-03-31": "245.00000", "2014-12-31": 348, "2014-09-30": 2946, "2014-06-30": 4778, "2014-03-31": "22723.00000", "2013-12-31": 11994, "2013-09-30": 8227, "2013-06-30": 46128, "2013-03-31": "26468.00000", "2012-12-31": -26143, "2012-09-30": 8817, "2012-06-30": 16873, "2012-03-31": "-15603.00000", "2011-12-31": 24603, "2011-09-30": -11358, "2011-06-30": 51779, "2011-03-31": "-576.00000", "2010-12-31": 5158, "2010-09-30": 38032, "2010-06-30": 15475, "2010-03-31": "23876.00000", "2009-12-31": 32054, "2009-09-30": 22906, "2009-06-30": 19974, "2009-03-31": "54797.00000", "2008-12-31": -27242, "2008-09-30": 20078, "2008-06-30": 15030, "2008-03-31": "-3832.00000", "2007-12-31": 12228, "2007-09-30": 1529, "2007-06-30": 16910, "2007-03-31": "-19631.00000", "2006-12-31": 11667, "2006-09-30": -7188, "2006-06-30": 1532, "2006-03-31": "8498.00000", "2005-12-31": -1749, "2005-09-30": -3091, "2005-06-30": 4501, "2005-03-31": "-11884.00000"}, "Net Change In Property, Plant, And Equipment": {"2020-12-31": 0, "2020-09-30": 0, "2020-06-30": 0, "2020-03-31": "", "2019-12-31": 0, "2019-09-30": 0, "2019-06-30": 0, "2019-03-31": "", "2018-12-31": 0, "2018-09-30": 0, "2018-06-30": 0, "2018-03-31": "", "2017-12-31": 0, "2017-09-30": 0, "2017-06-30": 0, "2017-03-31": "", "2016-12-31": 0, "2016-09-30": 0, "2016-06-30": 0, "2016-03-31": "", "2015-12-31": 0, "2015-09-30": 0, "2015-06-30": 0, "2015-03-31": "", "2014-12-31": 684, "2014-09-30": -233, "2014-06-30": -185, "2014-03-31": "-266.00000", "2013-12-31": 353, "2013-09-30": -255, "2013-06-30": -153, "2013-03-31": "55.00000", "2012-12-31": 151, "2012-09-30": -220, "2012-06-30": 9, "2012-03-31": "65.00000", "2011-12-31": -565, "2011-09-30": -253, "2011-06-30": -137, "2011-03-31": "-352.00000", "2010-12-31": -516, "2010-09-30": -322, "2010-06-30": 64, "2010-03-31": "-213.00000", "2009-12-31": -708, "2009-09-30": -292, "2009-06-30": -709, "2009-03-31": "-531.00000", "2008-12-31": -572, "2008-09-30": -417, "2008-06-30": -678, "2008-03-31": "-431.00000", "2007-12-31": -825, "2007-09-30": -469, "2007-06-30": -491, "2007-03-31": "-358.00000", "2006-12-31": -350, "2006-09-30": -192, "2006-06-30": -346, "2006-03-31": "140.00000", "2005-12-31": -370, "2005-09-30": -295, "2005-06-30": -309, "2005-03-31": "-254.00000"}, "Net Change In Intangible Assets": {"2020-12-31": 0, "2020-09-30": 0, "2020-06-30": 0, "2020-03-31": "", "2019-12-31": 0, "2019-09-30": 0, "2019-06-30": 0, "2019-03-31": "", "2018-12-31": 0, "2018-09-30": 0, "2018-06-30": 0, "2018-03-31": "", "2017-12-31": 0, "2017-09-30": 0, "2017-06-30": 0, "2017-03-31": "", "2016-12-31": 0, "2016-09-30": 0, "2016-06-30": 0, "2016-03-31": "", "2015-12-31": 0, "2015-09-30": 0, "2015-06-30": 0, "2015-03-31": "", "2014-12-31": 0, "2014-09-30": 0, "2014-06-30": 0, "2014-03-31": "", "2013-12-31": 0, "2013-09-30": 0, "2013-06-30": 0, "2013-03-31": "", "2012-12-31": 0, "2012-09-30": 0, "2012-06-30": 0, "2012-03-31": "", "2011-12-31": 0, "2011-09-30": 0, "2011-06-30": 0, "2011-03-31": "", "2010-12-31": 0, "2010-09-30": 0, "2010-06-30": 0, "2010-03-31": "", "2009-12-31": 0, "2009-09-30": 0, "2009-06-30": 0, "2009-03-31": "", "2008-12-31": 0, "2008-09-30": 0, "2008-06-30": 0, "2008-03-31": "", "2007-12-31": 0, "2007-09-30": 0, "2007-06-30": 0, "2007-03-31": "", "2006-12-31": 0, "2006-09-30": 0, "2006-06-30": 0, "2006-03-31": "", "2005-12-31": 0, "2005-09-30": 0, "2005-06-30": 168, "2005-03-31": "-168.00000"}, "Net Acquisitions/Divestitures": {"2020-12-31": 0, "2020-09-30": 0, "2020-06-30": 0, "2020-03-31": "", "2019-12-31": 0, "2019-09-30": 0, "2019-06-30": 0, "2019-03-31": "", "2018-12-31": 0, "2018-09-30": 0, "2018-06-30": 0, "2018-03-31": "", "2017-12-31": 0, "2017-09-30": 0, "2017-06-30": 0, "2017-03-31": "", "2016-12-31": 0, "2016-09-30": 0, "2016-06-30": 0, "2016-03-31": "", "2015-12-31": 0, "2015-09-30": 0, "2015-06-30": 0, "2015-03-31": "", "2014-12-31": 0, "2014-09-30": 0, "2014-06-30": 0, "2014-03-31": "", "2013-12-31": 0, "2013-09-30": 0, "2013-06-30": 0, "2013-03-31": "", "2012-12-31": 0, "2012-09-30": 0, "2012-06-30": 0, "2012-03-31": "", "2011-12-31": 0, "2011-09-30": 0, "2011-06-30": 0, "2011-03-31": "", "2010-12-31": 0, "2010-09-30": 0, "2010-06-30": 0, "2010-03-31": "", "2009-12-31": 0, "2009-09-30": 0, "2009-06-30": 0, "2009-03-31": "31804.00000", "2008-12-31": 0, "2008-09-30": 6650, "2008-06-30": 0, "2008-03-31": "", "2007-12-31": -16122, "2007-09-30": -3009, "2007-06-30": -225, "2007-03-31": "-460.00000", "2006-12-31": 1227, "2006-09-30": -96, "2006-06-30": 0, "2006-03-31": "-3519.00000", "2005-12-31": -49, "2005-09-30": 0, "2005-06-30": 0, "2005-03-31": ""}, "Net Change In Short-term Investments": {"2020-12-31": 50129, "2020-09-30": 125417, "2020-06-30": -142998, "2020-03-31": "-32548.00000", "2019-12-31": -103328, "2019-09-30": -22383, "2019-06-30": 19728, "2019-03-31": "-7872.00000", "2018-12-31": -84046, "2018-09-30": -21404, "2018-06-30": 31494, "2018-03-31": "-42292.00000", "2017-12-31": -20497, "2017-09-30": -23188, "2017-06-30": -29026, "2017-03-31": "-36726.00000", "2016-12-31": -9427, "2016-09-30": -48035, "2016-06-30": -27513, "2016-03-31": "-40398.00000", "2015-12-31": -68883, "2015-09-30": 35398, "2015-06-30": -20766, "2015-03-31": "-28201.00000", "2014-12-31": 31836, "2014-09-30": 6926, "2014-06-30": -10003, "2014-03-31": "-26224.00000", "2013-12-31": 24588, "2013-09-30": 10628, "2013-06-30": -3721, "2013-03-31": "5255.00000", "2012-12-31": 11366, "2012-09-30": -1518, "2012-06-30": -2203, "2012-03-31": "-9076.00000", "2011-12-31": 30817, "2011-09-30": -12856, "2011-06-30": 2291, "2011-03-31": "-21714.00000", "2010-12-31": 54715, "2010-09-30": -22379, "2010-06-30": -51091, "2010-03-31": "-3082.00000", "2009-12-31": -3382, "2009-09-30": -358, "2009-06-30": -33218, "2009-03-31": "87408.00000", "2008-12-31": 6699, "2008-09-30": 22621, "2008-06-30": 14377, "2008-03-31": "12229.00000", "2007-12-31": 3202, "2007-09-30": 830, "2007-06-30": 5874, "2007-03-31": "-1421.00000", "2006-12-31": -3641, "2006-09-30": 1292, "2006-06-30": -3059, "2006-03-31": "15375.00000", "2005-12-31": -15940, "2005-09-30": 12324, "2005-06-30": -8350, "2005-03-31": "-46898.00000"}, "Net Change In Long-Term Investments": {"2020-12-31": 89060, "2020-09-30": -112741, "2020-06-30": 10326, "2020-03-31": "13355.00000", "2019-12-31": 72707, "2019-09-30": 2634, "2019-06-30": -2451, "2019-03-31": "3879.00000", "2018-12-31": 78366, "2018-09-30": -9960, "2018-06-30": -27447, "2018-03-31": "20363.00000", "2017-12-31": 19467, "2017-09-30": 20771, "2017-06-30": 20345, "2017-03-31": "24856.00000", "2016-12-31": 22224, "2016-09-30": 19231, "2016-06-30": 21971, "2016-03-31": "23944.00000", "2015-12-31": 64246, "2015-09-30": -32499, "2015-06-30": 20983, "2015-03-31": "16065.00000", "2014-12-31": -9910, "2014-09-30": -14258, "2014-06-30": -7609, "2014-03-31": "-13830.00000", "2013-12-31": -6333, "2013-09-30": 17571, "2013-06-30": 12436, "2013-03-31": "3781.00000", "2012-12-31": -5618, "2012-09-30": -5994, "2012-06-30": 3896, "2012-03-31": "-23532.00000", "2011-12-31": 43544, "2011-09-30": 3362, "2011-06-30": 4659, "2011-03-31": "5646.00000", "2010-12-31": -11787, "2010-09-30": -5703, "2010-06-30": 11200, "2010-03-31": "-11187.00000", "2009-12-31": -48955, "2009-09-30": 22163, "2009-06-30": 3724, "2009-03-31": "60884.00000", "2008-12-31": -15451, "2008-09-30": -516, "2008-06-30": -17447, "2008-03-31": "-3877.00000", "2007-12-31": 239, "2007-09-30": 8530, "2007-06-30": 4451, "2007-03-31": "6420.00000", "2006-12-31": 38405, "2006-09-30": 12398, "2006-06-30": -1679, "2006-03-31": "-14159.00000", "2005-12-31": 6718, "2005-09-30": -117, "2005-06-30": -10920, "2005-03-31": "-25865.00000"}, "Net Change In Investments - Total": {"2020-12-31": 139189, "2020-09-30": 12676, "2020-06-30": -132672, "2020-03-31": "-19193.00000", "2019-12-31": -30621, "2019-09-30": -19749, "2019-06-30": 17277, "2019-03-31": "-3993.00000", "2018-12-31": -5680, "2018-09-30": -31364, "2018-06-30": 4047, "2018-03-31": "-21929.00000", "2017-12-31": -1030, "2017-09-30": -2417, "2017-06-30": -8681, "2017-03-31": "-11870.00000", "2016-12-31": 12797, "2016-09-30": -28804, "2016-06-30": -5542, "2016-03-31": "-16454.00000", "2015-12-31": -4637, "2015-09-30": 2899, "2015-06-30": 217, "2015-03-31": "-12136.00000", "2014-12-31": 21926, "2014-09-30": -7332, "2014-06-30": -17612, "2014-03-31": "-40054.00000", "2013-12-31": 18255, "2013-09-30": 28199, "2013-06-30": 8715, "2013-03-31": "9036.00000", "2012-12-31": 5748, "2012-09-30": -7512, "2012-06-30": 1693, "2012-03-31": "-32608.00000", "2011-12-31": 74361, "2011-09-30": -9494, "2011-06-30": 6950, "2011-03-31": "-16068.00000", "2010-12-31": 42928, "2010-09-30": -28082, "2010-06-30": -39891, "2010-03-31": "-14269.00000", "2009-12-31": -52337, "2009-09-30": 21805, "2009-06-30": -29494, "2009-03-31": "148292.00000", "2008-12-31": -8752, "2008-09-30": 22105, "2008-06-30": -3070, "2008-03-31": "8352.00000", "2007-12-31": 3441, "2007-09-30": 9360, "2007-06-30": 10325, "2007-03-31": "4999.00000", "2006-12-31": 34764, "2006-09-30": 13690, "2006-06-30": -4738, "2006-03-31": "1216.00000", "2005-12-31": -9222, "2005-09-30": 12207, "2005-06-30": -19270, "2005-03-31": "-72763.00000"}, "Investing Activities - Other": {"2020-12-31": -15406, "2020-09-30": 42301, "2020-06-30": 44323, "2020-03-31": "-71218.00000", "2019-12-31": -12658, "2019-09-30": -10384, "2019-06-30": -19728, "2019-03-31": "-774.00000", "2018-12-31": -18637, "2018-09-30": 5082, "2018-06-30": -2067, "2018-03-31": "-920.00000", "2017-12-31": -10887, "2017-09-30": -13282, "2017-06-30": -1303, "2017-03-31": "-2071.00000", "2016-12-31": -12082, "2016-09-30": -3706, "2016-06-30": -3574, "2016-03-31": "-4920.00000", "2015-12-31": -18181, "2015-09-30": -7667, "2015-06-30": -14690, "2015-03-31": "-1376.00000", "2014-12-31": 4468, "2014-09-30": 16036, "2014-06-30": 3403, "2014-03-31": "10905.00000", "2013-12-31": -860, "2013-09-30": -18342, "2013-06-30": -12524, "2013-03-31": "-7421.00000", "2012-12-31": -21243, "2012-09-30": -9747, "2012-06-30": 7548, "2012-03-31": "21137.00000", "2011-12-31": 231, "2011-09-30": 3553, "2011-06-30": -8249, "2011-03-31": "2452.00000", "2010-12-31": -15804, "2010-09-30": -8478, "2010-06-30": 13947, "2010-03-31": "20289.00000", "2009-12-31": 3145, "2009-09-30": 12398, "2009-06-30": 27506, "2009-03-31": "-2954.00000", "2008-12-31": -6154, "2008-09-30": 2133, "2008-06-30": -15978, "2008-03-31": "-6118.00000", "2007-12-31": -23471, "2007-09-30": -28887, "2007-06-30": -33509, "2007-03-31": "-28779.00000", "2006-12-31": -43223, "2006-09-30": -7305, "2006-06-30": -49601, "2006-03-31": "-9971.00000", "2005-12-31": -24600, "2005-09-30": -26531, "2005-06-30": -482, "2005-03-31": "-8507.00000"}, "Cash Flow From Investing Activities": {"2020-12-31": 123783, "2020-09-30": 54977, "2020-06-30": -88349, "2020-03-31": "-90411.00000", "2019-12-31": -43279, "2019-09-30": -30133, "2019-06-30": -2451, "2019-03-31": "-4767.00000", "2018-12-31": -24317, "2018-09-30": -26282, "2018-06-30": 1980, "2018-03-31": "-22849.00000", "2017-12-31": -11917, "2017-09-30": -15699, "2017-06-30": -9984, "2017-03-31": "-13941.00000", "2016-12-31": 715, "2016-09-30": -32510, "2016-06-30": -9116, "2016-03-31": "-21374.00000", "2015-12-31": -22818, "2015-09-30": -4768, "2015-06-30": -14473, "2015-03-31": "-13512.00000", "2014-12-31": 27078, "2014-09-30": 8471, "2014-06-30": -14394, "2014-03-31": "-29415.00000", "2013-12-31": 17748, "2013-09-30": 9602, "2013-06-30": -3962, "2013-03-31": "1670.00000", "2012-12-31": -15344, "2012-09-30": -17479, "2012-06-30": 9250, "2012-03-31": "-11406.00000", "2011-12-31": 74027, "2011-09-30": -6194, "2011-06-30": -1436, "2011-03-31": "-13968.00000", "2010-12-31": 26608, "2010-09-30": -36882, "2010-06-30": -25880, "2010-03-31": "5807.00000", "2009-12-31": -49900, "2009-09-30": 33911, "2009-06-30": -2697, "2009-03-31": "176611.00000", "2008-12-31": -15478, "2008-09-30": 30471, "2008-06-30": -19726, "2008-03-31": "1803.00000", "2007-12-31": -36977, "2007-09-30": -23005, "2007-06-30": -23900, "2007-03-31": "-24598.00000", "2006-12-31": -7582, "2006-09-30": 6097, "2006-06-30": -54685, "2006-03-31": "-12134.00000", "2005-12-31": -34241, "2005-09-30": -14619, "2005-06-30": -19893, "2005-03-31": "-81692.00000"}, "Net Long-Term Debt": {"2020-12-31": -3735, "2020-09-30": -6093, "2020-06-30": -1057, "2020-03-31": "10885.00000", "2019-12-31": -681, "2019-09-30": 3662, "2019-06-30": -1779, "2019-03-31": "424.00000", "2018-12-31": -4824, "2018-09-30": 10894, "2018-06-30": -2195, "2018-03-31": "7357.00000", "2017-12-31": -2044, "2017-09-30": 2067, "2017-06-30": 157, "2017-03-31": "3826.00000", "2016-12-31": 691, "2016-09-30": -4510, "2016-06-30": -4123, "2016-03-31": "-8144.00000", "2015-12-31": 3932, "2015-09-30": -5446, "2015-06-30": 7243, "2015-03-31": "-2424.00000", "2014-12-31": 42447, "2014-09-30": -48541, "2014-06-30": -72, "2014-03-31": "3990.00000", "2013-12-31": -4688, "2013-09-30": -10997, "2013-06-30": -11897, "2013-03-31": "7638.00000", "2012-12-31": -9937, "2012-09-30": -21299, "2012-06-30": -50458, "2012-03-31": "-20495.00000", "2011-12-31": -20902, "2011-09-30": -17941, "2011-06-30": -17634, "2011-03-31": "-19336.00000", "2010-12-31": -31180, "2010-09-30": -22287, "2010-06-30": -5767, "2010-03-31": "530.00000", "2009-12-31": -15970, "2009-09-30": 100, "2009-06-30": -7128, "2009-03-31": "-10465.00000", "2008-12-31": 11231, "2008-09-30": -9260, "2008-06-30": 6583, "2008-03-31": "156.00000", "2007-12-31": 866, "2007-09-30": 12916, "2007-06-30": 17769, "2007-03-31": "6877.00000", "2006-12-31": 7800, "2006-09-30": 8754, "2006-06-30": 6275, "2006-03-31": "8867.00000", "2005-12-31": 2114, "2005-09-30": 4645, "2005-06-30": -1974, "2005-03-31": "2066.00000"}, "Net Current Debt": {"2020-12-31": -19307, "2020-09-30": 11608, "2020-06-30": -3139, "2020-03-31": "10838.00000", "2019-12-31": -43447, "2019-09-30": 10557, "2019-06-30": 19733, "2019-03-31": "-4718.00000", "2018-12-31": 6536, "2018-09-30": -17896, "2018-06-30": 1919, "2018-03-31": "7033.00000", "2017-12-31": -13008, "2017-09-30": -10117, "2017-06-30": 2749, "2017-03-31": "35938.00000", "2016-12-31": -10849, "2016-09-30": -5889, "2016-06-30": -8728, "2016-03-31": "17452.00000", "2015-12-31": -31367, "2015-09-30": -19171, "2015-06-30": 15899, "2015-03-31": "4579.00000", "2014-12-31": -18751, "2014-09-30": -12502, "2014-06-30": 9185, "2014-03-31": "10412.00000", "2013-12-31": -22197, "2013-09-30": -12036, "2013-06-30": -11268, "2013-03-31": "-33643.00000", "2012-12-31": 15352, "2012-09-30": -15742, "2012-06-30": 26635, "2012-03-31": "47133.00000", "2011-12-31": -31423, "2011-09-30": -8168, "2011-06-30": -28692, "2011-03-31": "13524.00000", "2010-12-31": -56102, "2010-09-30": -19145, "2010-06-30": 24562, "2010-03-31": "9161.00000", "2009-12-31": 12853, "2009-09-30": -48018, "2009-06-30": -72675, "2009-03-31": "-81579.00000", "2008-12-31": -6887, "2008-09-30": -64027, "2008-06-30": 5282, "2008-03-31": "-1930.00000", "2007-12-31": -9727, "2007-09-30": 19168, "2007-06-30": -10651, "2007-03-31": "32602.00000", "2006-12-31": -34308, "2006-09-30": -774, "2006-06-30": 59686, "2006-03-31": "-23349.00000", "2005-12-31": 32216, "2005-09-30": 23235, "2005-06-30": 20381, "2005-03-31": "82753.00000"}, "Debt Issuance/Retirement Net - Total": {"2020-12-31": -23042, "2020-09-30": 5515, "2020-06-30": -4196, "2020-03-31": "21723.00000", "2019-12-31": -44128, "2019-09-30": 14219, "2019-06-30": 17954, "2019-03-31": "-4294.00000", "2018-12-31": 1712, "2018-09-30": -7002, "2018-06-30": -276, "2018-03-31": "14390.00000", "2017-12-31": -15052, "2017-09-30": -8050, "2017-06-30": 2906, "2017-03-31": "39764.00000", "2016-12-31": -10158, "2016-09-30": -10399, "2016-06-30": -12851, "2016-03-31": "9308.00000", "2015-12-31": -27435, "2015-09-30": -24617, "2015-06-30": 23142, "2015-03-31": "2155.00000", "2014-12-31": 23696, "2014-09-30": -61043, "2014-06-30": 9113, "2014-03-31": "14402.00000", "2013-12-31": -26885, "2013-09-30": -23033, "2013-06-30": -23165, "2013-03-31": "-26005.00000", "2012-12-31": 5415, "2012-09-30": -37041, "2012-06-30": -23823, "2012-03-31": "26638.00000", "2011-12-31": -52325, "2011-09-30": -26109, "2011-06-30": -46326, "2011-03-31": "-5812.00000", "2010-12-31": -87282, "2010-09-30": -41432, "2010-06-30": 18795, "2010-03-31": "9691.00000", "2009-12-31": -3117, "2009-09-30": -47918, "2009-06-30": -79803, "2009-03-31": "-92044.00000", "2008-12-31": 4344, "2008-09-30": -73287, "2008-06-30": 11865, "2008-03-31": "-1774.00000", "2007-12-31": -8861, "2007-09-30": 32084, "2007-06-30": 7118, "2007-03-31": "39479.00000", "2006-12-31": -26508, "2006-09-30": 7980, "2006-06-30": 65961, "2006-03-31": "-14482.00000", "2005-12-31": 34330, "2005-09-30": 27880, "2005-06-30": 18407, "2005-03-31": "84819.00000"}, "Net Common Equity Issued/Repurchased": {"2020-12-31": 6762, "2020-09-30": -114, "2020-06-30": -286, "2020-03-31": "-6362.00000", "2019-12-31": -7748, "2019-09-30": -7626, "2019-06-30": -6507, "2019-03-31": "-6263.00000", "2018-12-31": -5231, "2018-09-30": -5040, "2018-06-30": -4965, "2018-03-31": "-4858.00000", "2017-12-31": -4869, "2017-09-30": -2981, "2017-06-30": -2236, "2017-03-31": "-2728.00000", "2016-12-31": -1330, "2016-09-30": -1399, "2016-06-30": -1383, "2016-03-31": "-1000.00000", "2015-12-31": 2165, "2015-09-30": -800, "2015-06-30": -775, "2015-03-31": "", "2014-12-31": -46917, "2014-09-30": 46917, "2014-06-30": -233, "2014-03-31": "-1442.00000", "2013-12-31": -1351, "2013-09-30": -866, "2013-06-30": -1003, "2013-03-31": "", "2012-12-31": 0, "2012-09-30": 0, "2012-06-30": 0, "2012-03-31": "", "2011-12-31": 0, "2011-09-30": 0, "2011-06-30": 0, "2011-03-31": "", "2010-12-31": 0, "2010-09-30": 0, "2010-06-30": 0, "2010-03-31": "", "2009-12-31": 0, "2009-09-30": 0, "2009-06-30": 13468, "2009-03-31": "", "2008-12-31": 9898, "2008-09-30": 201, "2008-06-30": -18, "2008-03-31": "46.00000", "2007-12-31": -30, "2007-09-30": -134, "2007-06-30": -325, "2007-03-31": "-2183.00000", "2006-12-31": -2700, "2006-09-30": -2210, "2006-06-30": -3211, "2006-03-31": "-3121.00000", "2005-12-31": -245, "2005-09-30": -379, "2005-06-30": -1292, "2005-03-31": "-1003.00000"}, "Net Total Equity Issued/Repurchased": {"2020-12-31": 6736, "2020-09-30": -114, "2020-06-30": -286, "2020-03-31": "-6336.00000", "2019-12-31": -7953, "2019-09-30": -8709, "2019-06-30": -4144, "2019-03-31": "-6263.00000", "2018-12-31": -5231, "2018-09-30": -5895, "2018-06-30": -6456, "2018-03-31": "-2509.00000", "2017-12-31": -4869, "2017-09-30": -2981, "2017-06-30": -2236, "2017-03-31": "-2728.00000", "2016-12-31": -1330, "2016-09-30": -1399, "2016-06-30": -505, "2016-03-31": "1069.00000", "2015-12-31": -799, "2015-09-30": -800, "2015-06-30": -775, "2015-03-31": "2964.00000", "2014-12-31": -45521, "2014-09-30": 49984, "2014-06-30": 1261, "2014-03-31": "-1442.00000", "2013-12-31": -1351, "2013-09-30": -1792, "2013-06-30": -5542, "2013-03-31": "12.00000", "2012-12-31": 0, "2012-09-30": 6, "2012-06-30": -26, "2012-03-31": "687.00000", "2011-12-31": 0, "2011-09-30": 5000, "2011-06-30": 0, "2011-03-31": "", "2010-12-31": 0, "2010-09-30": 0, "2010-06-30": 0, "2010-03-31": "", "2009-12-31": -25756, "2009-09-30": 0, "2009-06-30": 13468, "2009-03-31": "30000.00000", "2008-12-31": 24898, "2008-09-30": 201, "2008-06-30": 6827, "2008-03-31": "12943.00000", "2007-12-31": 978, "2007-09-30": 416, "2007-06-30": -325, "2007-03-31": "-2183.00000", "2006-12-31": -675, "2006-09-30": -1655, "2006-06-30": -3211, "2006-03-31": "-3121.00000", "2005-12-31": -245, "2005-09-30": -379, "2005-06-30": -1292, "2005-03-31": "-1003.00000"}, "Total Common And Preferred Stock Dividends Paid": {"2020-12-31": 5899, "2020-09-30": -1983, "2020-06-30": -1833, "2020-03-31": "-2083.00000", "2019-12-31": -1848, "2019-09-30": -464, "2019-06-30": -1696, "2019-03-31": "-1926.00000", "2018-12-31": -1745, "2018-09-30": -1905, "2018-06-30": -1571, "2018-03-31": "-1674.00000", "2017-12-31": -1576, "2017-09-30": -1721, "2017-06-30": -1148, "2017-03-31": "-1255.00000", "2016-12-31": -1163, "2016-09-30": -1178, "2016-06-30": -879, "2016-03-31": "-974.00000", "2015-12-31": -850, "2015-09-30": -961, "2015-06-30": -917, "2015-03-31": "-846.00000", "2014-12-31": -837, "2014-09-30": -765, "2014-06-30": -360, "2014-03-31": "-344.00000", "2013-12-31": -361, "2013-09-30": -362, "2013-06-30": -472, "2013-03-31": "-482.00000", "2012-12-31": -472, "2012-09-30": -471, "2012-06-30": -483, "2012-03-31": "-483.00000", "2011-12-31": -475, "2011-09-30": -445, "2011-06-30": -403, "2011-03-31": "-415.00000", "2010-12-31": -423, "2010-09-30": -449, "2010-06-30": -440, "2010-03-31": "-450.00000", "2009-12-31": -1330, "2009-09-30": -1148, "2009-06-30": -1288, "2009-03-31": "-1097.00000", "2008-12-31": -2033, "2008-09-30": -3402, "2008-06-30": -3044, "2008-03-31": "-3049.00000", "2007-12-31": -2902, "2007-09-30": -2894, "2007-06-30": -2534, "2007-03-31": "-2548.00000", "2006-12-31": -2503, "2006-09-30": -2538, "2006-06-30": -2286, "2006-03-31": "-2334.00000", "2005-12-31": -2011, "2005-09-30": -2023, "2005-06-30": -1814, "2005-03-31": "-1835.00000"}, "Financial Activities - Other": {"2020-12-31": -267474, "2020-09-30": -15816, "2020-06-30": 135447, "2020-03-31": "147843.00000", "2019-12-31": 42063, "2019-09-30": 17782, "2019-06-30": -4191, "2019-03-31": "-3025.00000", "2018-12-31": 35820, "2018-09-30": 35847, "2018-06-30": -18782, "2018-03-31": "18395.00000", "2017-12-31": 25340, "2017-09-30": 21410, "2017-06-30": -9159, "2017-03-31": "10623.00000", "2016-12-31": 28034, "2016-09-30": 16836, "2016-06-30": -1183, "2016-03-31": "19925.00000", "2015-12-31": 35215, "2015-09-30": 12440, "2015-06-30": -3620, "2015-03-31": "34239.00000", "2014-12-31": 6948, "2014-09-30": -22359, "2014-06-30": 665, "2014-03-31": "14401.00000", "2013-12-31": 9146, "2013-09-30": 29329, "2013-06-30": -14402, "2013-03-31": "-10077.00000", "2012-12-31": 42052, "2012-09-30": 28161, "2012-06-30": -6041, "2012-03-31": "8297.00000", "2011-12-31": -8312, "2011-09-30": 2951, "2011-06-30": 18233, "2011-03-31": "9784.00000", "2010-12-31": 33162, "2010-09-30": 20625, "2010-06-30": -1656, "2010-03-31": "-15475.00000", "2009-12-31": 16707, "2009-09-30": 4138, "2009-06-30": 17205, "2009-03-31": "-27585.00000", "2008-12-31": 8983, "2008-09-30": 26238, "2008-06-30": -12307, "2008-03-31": "-8098.00000", "2007-12-31": 43085, "2007-09-30": -8734, "2007-06-30": 6624, "2007-03-31": "4609.00000", "2006-12-31": 30793, "2006-09-30": -6039, "2006-06-30": -5395, "2006-03-31": "19146.00000", "2005-12-31": 8180, "2005-09-30": -8986, "2005-06-30": 5409, "2005-03-31": "11380.00000"}, "Cash Flow From Financial Activities": {"2020-12-31": -277881, "2020-09-30": -12398, "2020-06-30": 129132, "2020-03-31": "161147.00000", "2019-12-31": -11866, "2019-09-30": 22828, "2019-06-30": 7923, "2019-03-31": "-15508.00000", "2018-12-31": 30556, "2018-09-30": 21045, "2018-06-30": -27085, "2018-03-31": "28602.00000", "2017-12-31": 3843, "2017-09-30": 8658, "2017-06-30": -9637, "2017-03-31": "46404.00000", "2016-12-31": 15383, "2016-09-30": 3860, "2016-06-30": -15418, "2016-03-31": "29328.00000", "2015-12-31": 6131, "2015-09-30": -13938, "2015-06-30": 17830, "2015-03-31": "38512.00000", "2014-12-31": -15714, "2014-09-30": -34183, "2014-06-30": 10679, "2014-03-31": "27017.00000", "2013-12-31": -19451, "2013-09-30": 4142, "2013-06-30": -43581, "2013-03-31": "-36552.00000", "2012-12-31": 46995, "2012-09-30": -9345, "2012-06-30": -30373, "2012-03-31": "35139.00000", "2011-12-31": -61112, "2011-09-30": -18603, "2011-06-30": -28496, "2011-03-31": "3557.00000", "2010-12-31": -54543, "2010-09-30": -21256, "2010-06-30": 16699, "2010-03-31": "-6234.00000", "2009-12-31": -13496, "2009-09-30": -44928, "2009-06-30": -50418, "2009-03-31": "-90726.00000", "2008-12-31": 36192, "2008-09-30": -50250, "2008-06-30": 3341, "2008-03-31": "22.00000", "2007-12-31": 32300, "2007-09-30": 20872, "2007-06-30": 10883, "2007-03-31": "39357.00000", "2006-12-31": 1107, "2006-09-30": -2252, "2006-06-30": 55069, "2006-03-31": "-791.00000", "2005-12-31": 40254, "2005-09-30": 16492, "2005-06-30": 20710, "2005-03-31": "93361.00000"}, "Net Cash Flow": {"2020-12-31": -139446, "2020-09-30": 11660, "2020-06-30": 38956, "2020-03-31": "88830.00000", "2019-12-31": 4466, "2019-09-30": -14300, "2019-06-30": -229, "2019-03-31": "-5781.00000", "2018-12-31": -7454, "2018-09-30": 13659, "2018-06-30": -33042, "2018-03-31": "46807.00000", "2017-12-31": -14947, "2017-09-30": 13677, "2017-06-30": -9321, "2017-03-31": "20287.00000", "2016-12-31": 4304, "2016-09-30": -27773, "2016-06-30": -8403, "2016-03-31": "20257.00000", "2015-12-31": -11073, "2015-09-30": 6912, "2015-06-30": 971, "2015-03-31": "23954.00000", "2014-12-31": 9930, "2014-09-30": -24240, "2014-06-30": 1254, "2014-03-31": "20323.00000", "2013-12-31": 10089, "2013-09-30": 22405, "2013-06-30": -2152, "2013-03-31": "-9772.00000", "2012-12-31": 4337, "2012-09-30": -17302, "2012-06-30": -5075, "2012-03-31": "8690.00000", "2011-12-31": 37237, "2011-09-30": -36662, "2011-06-30": 21985, "2011-03-31": "-10885.00000", "2010-12-31": -22689, "2010-09-30": -19918, "2010-06-30": 6240, "2010-03-31": "23455.00000", "2009-12-31": -31073, "2009-09-30": 12046, "2009-06-30": -33094, "2009-03-31": "140603.00000", "2008-12-31": -6484, "2008-09-30": 214, "2008-06-30": -1385, "2008-03-31": "-2019.00000", "2007-12-31": 7575, "2007-09-30": -543, "2007-06-30": 3950, "2007-03-31": "-4880.00000", "2006-12-31": 5190, "2006-09-30": -3306, "2006-06-30": 1970, "2006-03-31": "-4424.00000", "2005-12-31": 4228, "2005-09-30": -1164, "2005-06-30": 5237, "2005-03-31": "-238.00000"}, "Stock-Based Compensation": {"2020-12-31": -1597, "2020-09-30": 520, "2020-06-30": 534, "2020-03-31": "543.00000", "2019-12-31": 479, "2019-09-30": 510, "2019-06-30": 481, "2019-03-31": "504.00000", "2018-12-31": 406, "2018-09-30": 446, "2018-06-30": 462, "2018-03-31": "415.00000", "2017-12-31": 427, "2017-09-30": 457, "2017-06-30": 459, "2017-03-31": "306.00000", "2016-12-31": 280, "2016-09-30": 125, "2016-06-30": 131, "2016-03-31": "831.00000", "2015-12-31": -106, "2015-09-30": -10, "2015-06-30": 13, "2015-03-31": "14.00000", "2014-12-31": 78, "2014-09-30": 0, "2014-06-30": 0, "2014-03-31": "", "2013-12-31": 0, "2013-09-30": 0, "2013-06-30": 0, "2013-03-31": "", "2012-12-31": 0, "2012-09-30": 0, "2012-06-30": 0, "2012-03-31": "", "2011-12-31": 0, "2011-09-30": 0, "2011-06-30": 0, "2011-03-31": "", "2010-12-31": 0, "2010-09-30": 0, "2010-06-30": 0, "2010-03-31": "", "2009-12-31": 0, "2009-09-30": 0, "2009-06-30": 0, "2009-03-31": "", "2008-12-31": 0, "2008-09-30": 0, "2008-06-30": 0, "2008-03-31": "", "2007-12-31": 0, "2007-09-30": 0, "2007-06-30": 0, "2007-03-31": "", "2006-12-31": 0, "2006-09-30": 0, "2006-06-30": 0, "2006-03-31": "", "2005-12-31": -608, "2005-09-30": 205, "2005-06-30": 210, "2005-03-31": "193.00000"}, "Common Stock Dividends Paid": {"2020-12-31": 5899, "2020-09-30": -1983, "2020-06-30": -1833, "2020-03-31": "-2083.00000", "2019-12-31": -1848, "2019-09-30": -464, "2019-06-30": -1696, "2019-03-31": "-1926.00000", "2018-12-31": -1745, "2018-09-30": -1905, "2018-06-30": -1571, "2018-03-31": "-1674.00000", "2017-12-31": -1576, "2017-09-30": -1721, "2017-06-30": -1148, "2017-03-31": "-1255.00000", "2016-12-31": -1163, "2016-09-30": -1178, "2016-06-30": -879, "2016-03-31": "-974.00000", "2015-12-31": -850, "2015-09-30": -961, "2015-06-30": -917, "2015-03-31": "-846.00000", "2014-12-31": -837, "2014-09-30": -765, "2014-06-30": -360, "2014-03-31": "-344.00000", "2013-12-31": -361, "2013-09-30": -362, "2013-06-30": -472, "2013-03-31": "-482.00000", "2012-12-31": -472, "2012-09-30": -471, "2012-06-30": -483, "2012-03-31": "-483.00000", "2011-12-31": -475, "2011-09-30": -445, "2011-06-30": -403, "2011-03-31": "-415.00000", "2010-12-31": -423, "2010-09-30": -449, "2010-06-30": -440, "2010-03-31": "-450.00000", "2009-12-31": -1330, "2009-09-30": -1148, "2009-06-30": -1288, "2009-03-31": "-1097.00000", "2008-12-31": -2033, "2008-09-30": -3402, "2008-06-30": -3044, "2008-03-31": "-3049.00000", "2007-12-31": -2902, "2007-09-30": -2894, "2007-06-30": -2534, "2007-03-31": "-2548.00000", "2006-12-31": -2503, "2006-09-30": -2538, "2006-06-30": -2286, "2006-03-31": "-2334.00000", "2005-12-31": -2011, "2005-09-30": -2023, "2005-06-30": -1814, "2005-03-31": "-1835.00000"}}, "financial ratios": {"Current Ratio": {"2019-12-31": "", "2018-12-31": "", "2017-12-31": "", "2016-12-31": "", "2015-12-31": "", "2014-12-31": "", "2013-12-31": "", "2012-12-31": "", "2011-12-31": "", "2010-12-31": "", "2009-12-31": "", "2008-12-31": "", "2007-12-31": "", "2006-12-31": "", "2005-12-31": ""}, "Long-term Debt / Capital": {"2019-12-31": "0.47630", "2018-12-31": "0.46370", "2017-12-31": "0.45980", "2016-12-31": "0.44890", "2015-12-31": "0.48030", "2014-12-31": "0.49970", "2013-12-31": "0.51760", "2012-12-31": "0.53770", "2011-12-31": "0.61800", "2010-12-31": "0.66270", "2009-12-31": "0.65450", "2008-12-31": "0.60240", "2007-12-31": "0.57360", "2006-12-31": "0.51910", "2005-12-31": "0.49830"}, "Debt/Equity Ratio": {"2019-12-31": "1.93890", "2018-12-31": "1.90250", "2017-12-31": "1.93950", "2016-12-31": "1.78100", "2015-12-31": "1.97570", "2014-12-31": "2.25810", "2013-12-31": "2.48080", "2012-12-31": "2.84090", "2011-12-31": "2.96970", "2010-12-31": "3.61770", "2009-12-31": "3.58040", "2008-12-31": "3.86710", "2007-12-31": "4.68230", "2006-12-31": "4.23220", "2005-12-31": "5.00980"}, "Gross Margin": {"2019-12-31": "", "2018-12-31": "", "2017-12-31": "", "2016-12-31": "", "2015-12-31": "", "2014-12-31": "", "2013-12-31": "", "2012-12-31": "", "2011-12-31": "", "2010-12-31": "", "2009-12-31": "", "2008-12-31": "", "2007-12-31": "", "2006-12-31": "", "2005-12-31": ""}, "Operating Margin": {"2019-12-31": "", "2018-12-31": "", "2017-12-31": "", "2016-12-31": "", "2015-12-31": "", "2014-12-31": "", "2013-12-31": "", "2012-12-31": "", "2011-12-31": "", "2010-12-31": "", "2009-12-31": "", "2008-12-31": "", "2007-12-31": "", "2006-12-31": "", "2005-12-31": ""}, "EBIT Margin": {"2019-12-31": "", "2018-12-31": "", "2017-12-31": "", "2016-12-31": "", "2015-12-31": "", "2014-12-31": "", "2013-12-31": "", "2012-12-31": "", "2011-12-31": "", "2010-12-31": "", "2009-12-31": "", "2008-12-31": "", "2007-12-31": "", "2006-12-31": "", "2005-12-31": ""}, "EBITDA Margin": {"2019-12-31": "", "2018-12-31": "", "2017-12-31": "", "2016-12-31": "", "2015-12-31": "", "2014-12-31": "", "2013-12-31": "", "2012-12-31": "", "2011-12-31": "", "2010-12-31": "", "2009-12-31": "", "2008-12-31": "", "2007-12-31": "", "2006-12-31": "", "2005-12-31": ""}, "Pre-Tax Profit Margin": {"2019-12-31": "37.36740", "2018-12-31": "39.41740", "2017-12-31": "34.88950", "2016-12-31": "31.23560", "2015-12-31": "27.80190", "2014-12-31": "9.52300", "2013-12-31": "18.93990", "2012-12-31": "4.08700", "2011-12-31": "-0.28730", "2010-12-31": "-1.61770", "2009-12-31": "6.13450", "2008-12-31": "9.63510", "2007-12-31": "35.79930", "2006-12-31": "47.18150", "2005-12-31": "46.04880"}, "Net Profit Margin": {"2019-12-31": "29.65980", "2018-12-31": "30.42700", "2017-12-31": "19.84710", "2016-12-31": "20.14880", "2015-12-31": "18.07800", "2014-12-31": "5.35290", "2013-12-31": "11.80760", "2012-12-31": "3.67190", "2011-12-31": "0.10620", "2010-12-31": "-4.40060", "2009-12-31": "-3.10100", "2008-12-31": "5.41160", "2007-12-31": "25.13690", "2006-12-31": "31.15280", "2005-12-31": "30.93810"}, "Asset Turnover": {"2019-12-31": "0.03600", "2018-12-31": "0.03730", "2017-12-31": "0.03670", "2016-12-31": "0.03660", "2015-12-31": "0.03720", "2014-12-31": "0.03970", "2013-12-31": "0.04060", "2012-12-31": "0.03400", "2011-12-31": "0.03760", "2010-12-31": "0.03610", "2009-12-31": "0.03190", "2008-12-31": "0.02530", "2007-12-31": "0.03410", "2006-12-31": "0.04640", "2005-12-31": "0.04120"}, "Inventory Turnover Ratio": {"2019-12-31": "", "2018-12-31": "", "2017-12-31": "", "2016-12-31": "", "2015-12-31": "", "2014-12-31": "", "2013-12-31": "", "2012-12-31": "", "2011-12-31": "", "2010-12-31": "", "2009-12-31": "", "2008-12-31": "", "2007-12-31": "", "2006-12-31": "", "2005-12-31": ""}, "Receiveable Turnover": {"2019-12-31": "", "2018-12-31": "", "2017-12-31": "", "2016-12-31": "", "2015-12-31": "", "2014-12-31": "", "2013-12-31": "", "2012-12-31": "", "2011-12-31": "", "2010-12-31": "", "2009-12-31": "", "2008-12-31": "", "2007-12-31": "", "2006-12-31": "", "2005-12-31": ""}, "Days Sales In Receivables": {"2019-12-31": "", "2018-12-31": "", "2017-12-31": "", "2016-12-31": "", "2015-12-31": "", "2014-12-31": "", "2013-12-31": "", "2012-12-31": "", "2011-12-31": "", "2010-12-31": "", "2009-12-31": "", "2008-12-31": "", "2007-12-31": "", "2006-12-31": "", "2005-12-31": ""}, "ROE - Return On Equity": {"2019-12-31": "11.36250", "2018-12-31": "11.58320", "2017-12-31": "7.44700", "2016-12-31": "7.39580", "2015-12-31": "6.80200", "2014-12-31": "2.46250", "2013-12-31": "5.21170", "2012-12-31": "1.91940", "2011-12-31": "0.68300", "2010-12-31": "-1.05720", "2009-12-31": "3.23110", "2008-12-31": "2.87620", "2007-12-31": "10.52150", "2006-12-31": "15.95900", "2005-12-31": "16.25980"}, "Return On Tangible Equity": {"2019-12-31": "14.00500", "2018-12-31": "14.33340", "2017-12-31": "9.19900", "2016-12-31": "9.16400", "2015-12-31": "8.86050", "2014-12-31": "3.33430", "2013-12-31": "7.50980", "2012-12-31": "2.71160", "2011-12-31": "1.00000", "2010-12-31": "-1.73100", "2009-12-31": "5.53780", "2008-12-31": "5.45110", "2007-12-31": "26.93150", "2006-12-31": "36.98270", "2005-12-31": "32.81250"}, "ROA - Return On Assets": {"2019-12-31": "1.12690", "2018-12-31": "1.19550", "2017-12-31": "0.79920", "2016-12-31": "0.81450", "2015-12-31": "0.74200", "2014-12-31": "0.26230", "2013-12-31": "0.54370", "2012-12-31": "0.18950", "2011-12-31": "0.06790", "2010-12-31": "-0.09880", "2009-12-31": "0.28140", "2008-12-31": "0.22050", "2007-12-31": "0.87320", "2006-12-31": "1.44770", "2005-12-31": "1.27460"}, "ROI - Return On Investment": {"2019-12-31": "5.42450", "2018-12-31": "5.68950", "2017-12-31": "3.68660", "2016-12-31": "3.68970", "2015-12-31": "3.22760", "2014-12-31": "1.13440", "2013-12-31": "2.36980", "2012-12-31": "0.81710", "2011-12-31": "0.24010", "2010-12-31": "-0.33070", "2009-12-31": "0.93680", "2008-12-31": "0.90000", "2007-12-31": "4.35130", "2006-12-31": "7.51340", "2005-12-31": "8.13560"}, "Book Value Per Share": {"2019-12-31": "29.96890", "2018-12-31": "27.44000", "2017-12-31": "25.96850", "2016-12-31": "26.48020", "2015-12-31": "24.67910", "2014-12-31": "23.15120", "2013-12-31": "21.96840", "2012-12-31": "21.98460", "2011-12-31": "21.83960", "2010-12-31": "22.63210", "2009-12-31": "26.75580", "2008-12-31": "35.28740", "2007-12-31": "33.07950", "2006-12-31": "30.34260", "2005-12-31": "25.38520"}, "Operating Cash Flow Per Share": {"2019-12-31": 2.6817, "2018-12-31": 2.9453, "2017-12-31": -0.6488, "2016-12-31": -0.9633, "2015-12-31": -0.3821, "2014-12-31": -5.1677, "2013-12-31": 9.5582, "2012-12-31": -7.7658, "2011-12-31": -2.146, "2010-12-31": -8.3552, "2009-12-31": 15.9083, "2008-12-31": -1.5951, "2007-12-31": -0.6842, "2006-12-31": 6.1615, "2005-12-31": -3.0046}, "Free Cash Flow Per Share": {"2019-12-31": 2.6817, "2018-12-31": 2.9453, "2017-12-31": -0.6488, "2016-12-31": -0.9633, "2015-12-31": -0.3821, "2014-12-31": -5.1677, "2013-12-31": 9.5577, "2012-12-31": -7.6378, "2011-12-31": -2.1727, "2010-12-31": -8.1662, "2009-12-31": 16.0749, "2008-12-31": -1.5713, "2007-12-31": -1.0017, "2006-12-31": 6.3006, "2005-12-31": -3.3064}}, "financial ratios, quarterly": {"Current Ratio": {"2020-09-30": "", "2020-06-30": "", "2020-03-31": "", "2019-12-31": "", "2019-09-30": "", "2019-06-30": "", "2019-03-31": "", "2018-12-31": "", "2018-09-30": "", "2018-06-30": "", "2018-03-31": "", "2017-12-31": "", "2017-09-30": "", "2017-06-30": "", "2017-03-31": "", "2016-12-31": "", "2016-09-30": "", "2016-06-30": "", "2016-03-31": "", "2015-12-31": "", "2015-09-30": "", "2015-06-30": "", "2015-03-31": "", "2014-12-31": "", "2014-09-30": "", "2014-06-30": "", "2014-03-31": "", "2013-12-31": "", "2013-09-30": "", "2013-06-30": "", "2013-03-31": "", "2012-12-31": "", "2012-09-30": "", "2012-06-30": "", "2012-03-31": "", "2011-12-31": "", "2011-09-30": "", "2011-06-30": "", "2011-03-31": "", "2010-12-31": "", "2010-09-30": "", "2010-06-30": "", "2010-03-31": "", "2009-12-31": "", "2009-09-30": "", "2009-06-30": "", "2009-03-31": "", "2008-12-31": "", "2008-09-30": "", "2008-06-30": "", "2008-03-31": "", "2007-12-31": "", "2007-09-30": "", "2007-06-30": "", "2007-03-31": "", "2006-12-31": "", "2006-09-30": "", "2006-06-30": "", "2006-03-31": "", "2005-12-31": "", "2005-09-30": "", "2005-06-30": "", "2005-03-31": ""}, "Long-term Debt / Capital": {"2020-09-30": "0.48750", "2020-06-30": "0.49620", "2020-03-31": "0.49210", "2019-12-31": "0.47630", "2019-09-30": "0.47560", "2019-06-30": "0.46720", "2019-03-31": "0.46700", "2018-12-31": "0.46370", "2018-09-30": "0.47170", "2018-06-30": "0.46170", "2018-03-31": "0.46590", "2017-12-31": "0.45980", "2017-09-30": "0.45630", "2017-06-30": "0.45250", "2017-03-31": "0.45220", "2016-12-31": "0.44890", "2016-09-30": "0.45460", "2016-06-30": "0.46230", "2016-03-31": "0.46980", "2015-12-31": "0.48030", "2015-09-30": "0.48110", "2015-06-30": "0.49170", "2015-03-31": "0.48740", "2014-12-31": "0.49970", "2014-09-30": "0.51170", "2014-06-30": "0.51990", "2014-03-31": "0.52350", "2013-12-31": "0.51760", "2013-09-30": "0.52360", "2013-06-30": "0.53190", "2013-03-31": "0.54100", "2012-12-31": "0.53770", "2012-09-30": "0.54560", "2012-06-30": "0.56120", "2012-03-31": "0.60420", "2011-12-31": "0.61800", "2011-09-30": "0.63410", "2011-06-30": "0.65760", "2011-03-31": "0.65300", "2010-12-31": "0.66270", "2010-09-30": "0.67510", "2010-06-30": "0.67760", "2010-03-31": "0.69000", "2009-12-31": "0.65450", "2009-09-30": "0.63910", "2009-06-30": "0.63670", "2009-03-31": "0.64790", "2008-12-31": "0.60240", "2008-09-30": "0.61540", "2008-06-30": "0.55950", "2008-03-31": "0.56470", "2007-12-31": "0.57360", "2007-09-30": "0.57250", "2007-06-30": "0.55500", "2007-03-31": "0.53080", "2006-12-31": "0.51910", "2006-09-30": "0.50760", "2006-06-30": "0.50240", "2006-03-31": "0.48760", "2005-12-31": "0.49830", "2005-09-30": "0.49660", "2005-06-30": "0.49080", "2005-03-31": "0.50060"}, "Debt/Equity Ratio": {"2020-09-30": "2.04220", "2020-06-30": "2.03120", "2020-03-31": "2.01580", "2019-12-31": "1.93890", "2019-09-30": "2.06710", "2019-06-30": "1.99830", "2019-03-31": "1.95050", "2018-12-31": "1.90250", "2018-09-30": "2.00150", "2018-06-30": "2.01410", "2018-03-31": "2.06250", "2017-12-31": "1.93950", "2017-09-30": "1.97300", "2017-06-30": "1.97340", "2017-03-31": "1.97250", "2016-12-31": "1.78100", "2016-09-30": "1.87800", "2016-06-30": "1.92840", "2016-03-31": "2.00430", "2015-12-31": "1.97570", "2015-09-30": "2.13090", "2015-06-30": "2.26070", "2015-03-31": "2.19710", "2014-12-31": "2.25810", "2014-09-30": "2.42240", "2014-06-30": "2.56570", "2014-03-31": "2.58050", "2013-12-31": "2.48080", "2013-09-30": "2.60500", "2013-06-30": "2.70070", "2013-03-31": "2.78340", "2012-12-31": "2.84090", "2012-09-30": "2.79920", "2012-06-30": "2.98440", "2012-03-31": "3.11000", "2011-12-31": "2.96970", "2011-09-30": "3.25290", "2011-06-30": "3.56380", "2011-03-31": "3.64590", "2010-12-31": "3.61770", "2010-09-30": "4.03610", "2010-06-30": "4.11980", "2010-03-31": "4.13450", "2009-12-31": "3.58040", "2009-09-30": "3.25910", "2009-06-30": "3.37230", "2009-03-31": "3.86680", "2008-12-31": "3.86710", "2008-09-30": "4.33110", "2008-06-30": "4.26140", "2008-03-31": "4.41070", "2007-12-31": "4.68230", "2007-09-30": "4.85950", "2007-06-30": "4.60400", "2007-03-31": "4.60570", "2006-12-31": "4.23220", "2006-09-30": "4.45980", "2006-06-30": "4.55670", "2006-03-31": "3.94500", "2005-12-31": "5.00980", "2005-09-30": "4.69930", "2005-06-30": "4.57800", "2005-03-31": "4.39800"}, "Gross Margin": {"2020-09-30": "", "2020-06-30": "", "2020-03-31": "", "2019-12-31": "", "2019-09-30": "", "2019-06-30": "", "2019-03-31": "", "2018-12-31": "", "2018-09-30": "", "2018-06-30": "", "2018-03-31": "", "2017-12-31": "", "2017-09-30": "", "2017-06-30": "", "2017-03-31": "", "2016-12-31": "", "2016-09-30": "", "2016-06-30": "", "2016-03-31": "", "2015-12-31": "", "2015-09-30": "", "2015-06-30": "", "2015-03-31": "", "2014-12-31": "", "2014-09-30": "", "2014-06-30": "", "2014-03-31": "", "2013-12-31": "", "2013-09-30": "", "2013-06-30": "", "2013-03-31": "", "2012-12-31": "", "2012-09-30": "", "2012-06-30": "", "2012-03-31": "", "2011-12-31": "", "2011-09-30": "", "2011-06-30": "", "2011-03-31": "", "2010-12-31": "", "2010-09-30": "", "2010-06-30": "", "2010-03-31": "", "2009-12-31": "", "2009-09-30": "", "2009-06-30": "", "2009-03-31": "", "2008-12-31": "", "2008-09-30": "", "2008-06-30": "", "2008-03-31": "", "2007-12-31": "", "2007-09-30": "", "2007-06-30": "", "2007-03-31": "", "2006-12-31": "", "2006-09-30": "", "2006-06-30": "", "2006-03-31": "", "2005-12-31": "", "2005-09-30": "", "2005-06-30": "", "2005-03-31": ""}, "Operating Margin": {"2020-09-30": "", "2020-06-30": "", "2020-03-31": "", "2019-12-31": "", "2019-09-30": "", "2019-06-30": "", "2019-03-31": "", "2018-12-31": "", "2018-09-30": "", "2018-06-30": "", "2018-03-31": "", "2017-12-31": "", "2017-09-30": "", "2017-06-30": "", "2017-03-31": "", "2016-12-31": "", "2016-09-30": "", "2016-06-30": "", "2016-03-31": "", "2015-12-31": "", "2015-09-30": "", "2015-06-30": "", "2015-03-31": "", "2014-12-31": "", "2014-09-30": "", "2014-06-30": "", "2014-03-31": "", "2013-12-31": "", "2013-09-30": "", "2013-06-30": "", "2013-03-31": "", "2012-12-31": "", "2012-09-30": "", "2012-06-30": "", "2012-03-31": "", "2011-12-31": "", "2011-09-30": "", "2011-06-30": "", "2011-03-31": "", "2010-12-31": "", "2010-09-30": "", "2010-06-30": "", "2010-03-31": "", "2009-12-31": "", "2009-09-30": "", "2009-06-30": "", "2009-03-31": "", "2008-12-31": "", "2008-09-30": "", "2008-06-30": "", "2008-03-31": "", "2007-12-31": "", "2007-09-30": "", "2007-06-30": "", "2007-03-31": "", "2006-12-31": "", "2006-09-30": "", "2006-06-30": "", "2006-03-31": "", "2005-12-31": "", "2005-09-30": "", "2005-06-30": "", "2005-03-31": ""}, "EBIT Margin": {"2020-09-30": "", "2020-06-30": "", "2020-03-31": "", "2019-12-31": "", "2019-09-30": "", "2019-06-30": "", "2019-03-31": "", "2018-12-31": "", "2018-09-30": "", "2018-06-30": "", "2018-03-31": "", "2017-12-31": "", "2017-09-30": "", "2017-06-30": "", "2017-03-31": "", "2016-12-31": "", "2016-09-30": "", "2016-06-30": "", "2016-03-31": "", "2015-12-31": "", "2015-09-30": "", "2015-06-30": "", "2015-03-31": "", "2014-12-31": "", "2014-09-30": "", "2014-06-30": "", "2014-03-31": "", "2013-12-31": "", "2013-09-30": "", "2013-06-30": "", "2013-03-31": "", "2012-12-31": "", "2012-09-30": "", "2012-06-30": "", "2012-03-31": "", "2011-12-31": "", "2011-09-30": "", "2011-06-30": "", "2011-03-31": "", "2010-12-31": "", "2010-09-30": "", "2010-06-30": "", "2010-03-31": "", "2009-12-31": "", "2009-09-30": "", "2009-06-30": "", "2009-03-31": "", "2008-12-31": "", "2008-09-30": "", "2008-06-30": "", "2008-03-31": "", "2007-12-31": "", "2007-09-30": "", "2007-06-30": "", "2007-03-31": "", "2006-12-31": "", "2006-09-30": "", "2006-06-30": "", "2006-03-31": "", "2005-12-31": "", "2005-09-30": "", "2005-06-30": "", "2005-03-31": ""}, "EBITDA Margin": {"2020-09-30": "", "2020-06-30": "", "2020-03-31": "", "2019-12-31": "", "2019-09-30": "", "2019-06-30": "", "2019-03-31": "", "2018-12-31": "", "2018-09-30": "", "2018-06-30": "", "2018-03-31": "", "2017-12-31": "", "2017-09-30": "", "2017-06-30": "", "2017-03-31": "", "2016-12-31": "", "2016-09-30": "", "2016-06-30": "", "2016-03-31": "", "2015-12-31": "", "2015-09-30": "", "2015-06-30": "", "2015-03-31": "", "2014-12-31": "", "2014-09-30": "", "2014-06-30": "", "2014-03-31": "", "2013-12-31": "", "2013-09-30": "", "2013-06-30": "", "2013-03-31": "", "2012-12-31": "", "2012-09-30": "", "2012-06-30": "", "2012-03-31": "", "2011-12-31": "", "2011-09-30": "", "2011-06-30": "", "2011-03-31": "", "2010-12-31": "", "2010-09-30": "", "2010-06-30": "", "2010-03-31": "", "2009-12-31": "", "2009-09-30": "", "2009-06-30": "", "2009-03-31": "", "2008-12-31": "", "2008-09-30": "", "2008-06-30": "", "2008-03-31": "", "2007-12-31": "", "2007-09-30": "", "2007-06-30": "", "2007-03-31": "", "2006-12-31": "", "2006-09-30": "", "2006-06-30": "", "2006-03-31": "", "2005-12-31": "", "2005-09-30": "", "2005-06-30": "", "2005-03-31": ""}, "Pre-Tax Profit Margin": {"2020-09-30": "23.99320", "2020-06-30": "22.07570", "2020-03-31": "25.16380", "2019-12-31": "38.15860", "2019-09-30": "31.13760", "2019-06-30": "40.30680", "2019-03-31": "39.86630", "2018-12-31": "39.95040", "2018-09-30": "40.86700", "2018-06-30": "39.12160", "2018-03-31": "37.74960", "2017-12-31": "32.07350", "2017-09-30": "36.23420", "2017-06-30": "36.74160", "2017-03-31": "34.18480", "2016-12-31": "30.82330", "2016-09-30": "35.14070", "2016-06-30": "33.56480", "2016-03-31": "25.14530", "2015-12-31": "24.05290", "2015-09-30": "30.94720", "2015-06-30": "34.08580", "2015-03-31": "21.45020", "2014-12-31": "26.88430", "2014-09-30": "2.09500", "2014-06-30": "13.09990", "2014-03-31": "-3.15910", "2013-12-31": "18.17800", "2013-09-30": "22.81720", "2013-06-30": "25.55310", "2013-03-31": "9.23480", "2012-12-31": "-11.57030", "2012-09-30": "5.95050", "2012-06-30": "15.58310", "2012-03-31": "3.62030", "2011-12-31": "11.07770", "2011-09-30": "29.67740", "2011-06-30": "-128.99510", "2011-03-31": "12.05390", "2010-12-31": "-20.81770", "2010-09-30": "-27.75070", "2010-06-30": "18.03020", "2010-03-31": "19.80240", "2009-12-31": "-9.48150", "2009-09-30": "-13.78930", "2009-06-30": "12.26350", "2009-03-31": "24.02360", "2008-12-31": "-53.21200", "2008-09-30": "11.47220", "2008-06-30": "33.75170", "2008-03-31": "16.25530", "2007-12-31": "-9.48580", "2007-09-30": "38.07490", "2007-06-30": "48.61070", "2007-03-31": "46.23520", "2006-12-31": "45.71650", "2006-09-30": "47.92290", "2006-06-30": "49.36100", "2006-03-31": "45.65500", "2005-12-31": "41.35090", "2005-09-30": "44.05190", "2005-06-30": "50.01420", "2005-03-31": "48.17510"}, "Net Profit Margin": {"2020-09-30": "23.43380", "2020-06-30": "19.08300", "2020-03-31": "19.66570", "2019-12-31": "31.52090", "2019-09-30": "23.93320", "2019-06-30": "31.98360", "2019-03-31": "31.23550", "2018-12-31": "32.33050", "2018-09-30": "30.44800", "2018-06-30": "29.76710", "2018-03-31": "29.18690", "2017-12-31": "10.82310", "2017-09-30": "23.60870", "2017-06-30": "21.46770", "2017-03-31": "22.57970", "2016-12-31": "22.12220", "2016-09-30": "21.41930", "2016-06-30": "21.77250", "2016-03-31": "15.23270", "2015-12-31": "14.92370", "2015-09-30": "20.69750", "2015-06-30": "22.68610", "2015-03-31": "13.47460", "2014-12-31": "16.99500", "2014-09-30": "-2.28450", "2014-06-30": "9.53790", "2014-03-31": "-2.38440", "2013-12-31": "15.04820", "2013-09-30": "10.44550", "2013-06-30": "16.59700", "2013-03-31": "5.16660", "2012-12-31": "2.23630", "2012-09-30": "-0.17690", "2012-06-30": "10.38870", "2012-03-31": "1.64650", "2011-12-31": "7.41550", "2011-09-30": "23.39300", "2011-06-30": "-91.44370", "2011-03-31": "7.47950", "2010-12-31": "-8.84240", "2010-09-30": "-35.89470", "2010-06-30": "13.02260", "2010-03-31": "12.78650", "2009-12-31": "-34.71870", "2009-09-30": "-15.63850", "2009-06-30": "12.46970", "2009-03-31": "12.57490", "2008-12-31": "-34.44370", "2008-09-30": "5.34510", "2008-06-30": "22.11250", "2008-03-31": "9.22160", "2007-12-31": "1.10930", "2007-09-30": "25.98280", "2007-06-30": "32.11340", "2007-03-31": "30.78610", "2006-12-31": "30.63930", "2006-09-30": "31.82330", "2006-06-30": "31.78230", "2006-03-31": "30.33310", "2005-12-31": "28.60350", "2005-09-30": "29.46010", "2005-06-30": "33.13630", "2005-03-31": "32.22440"}, "Asset Turnover": {"2020-09-30": "0.00690", "2020-06-30": "0.00630", "2020-03-31": "0.00690", "2019-12-31": "0.00880", "2019-09-30": "0.00910", "2019-06-30": "0.00930", "2019-03-31": "0.00930", "2018-12-31": "0.00920", "2018-09-30": "0.00940", "2018-06-30": "0.00950", "2018-03-31": "0.00950", "2017-12-31": "0.00840", "2017-09-30": "0.00920", "2017-06-30": "0.00980", "2017-03-31": "0.00950", "2016-12-31": "0.00880", "2016-09-30": "0.00950", "2016-06-30": "0.00930", "2016-03-31": "0.00910", "2015-12-31": "0.00850", "2015-09-30": "0.00940", "2015-06-30": "0.00990", "2015-03-31": "0.00940", "2014-12-31": "0.00960", "2014-09-30": "0.00970", "2014-06-30": "0.00980", "2014-03-31": "0.01000", "2013-12-31": "0.01010", "2013-09-30": "0.01000", "2013-06-30": "0.01010", "2013-03-31": "0.00990", "2012-12-31": "0.00740", "2012-09-30": "0.00860", "2012-06-30": "0.00930", "2012-03-31": "0.00910", "2011-12-31": "0.01030", "2011-09-30": "0.01130", "2011-06-30": "0.00440", "2011-03-31": "0.01010", "2010-12-31": "0.00760", "2010-09-30": "0.00910", "2010-06-30": "0.00890", "2010-03-31": "0.00950", "2009-12-31": "0.00670", "2009-09-30": "0.00640", "2009-06-30": "0.00860", "2009-03-31": "0.00960", "2008-12-31": "0.00390", "2008-09-30": "0.00720", "2008-06-30": "0.00850", "2008-03-31": "0.00640", "2007-12-31": "0.00560", "2007-09-30": "0.00890", "2007-06-30": "0.01160", "2007-03-31": "0.01130", "2006-12-31": "0.01170", "2006-09-30": "0.01170", "2006-06-30": "0.01190", "2006-03-31": "0.01190", "2005-12-31": "0.00970", "2005-09-30": "0.01040", "2005-06-30": "0.01130", "2005-03-31": "0.01120"}, "Inventory Turnover Ratio": {"2020-09-30": "", "2020-06-30": "", "2020-03-31": "", "2019-12-31": "", "2019-09-30": "", "2019-06-30": "", "2019-03-31": "", "2018-12-31": "", "2018-09-30": "", "2018-06-30": "", "2018-03-31": "", "2017-12-31": "", "2017-09-30": "", "2017-06-30": "", "2017-03-31": "", "2016-12-31": "", "2016-09-30": "", "2016-06-30": "", "2016-03-31": "", "2015-12-31": "", "2015-09-30": "", "2015-06-30": "", "2015-03-31": "", "2014-12-31": "", "2014-09-30": "", "2014-06-30": "", "2014-03-31": "", "2013-12-31": "", "2013-09-30": "", "2013-06-30": "", "2013-03-31": "", "2012-12-31": "", "2012-09-30": "", "2012-06-30": "", "2012-03-31": "", "2011-12-31": "", "2011-09-30": "", "2011-06-30": "", "2011-03-31": "", "2010-12-31": "", "2010-09-30": "", "2010-06-30": "", "2010-03-31": "", "2009-12-31": "", "2009-09-30": "", "2009-06-30": "", "2009-03-31": "", "2008-12-31": "", "2008-09-30": "", "2008-06-30": "", "2008-03-31": "", "2007-12-31": "", "2007-09-30": "", "2007-06-30": "", "2007-03-31": "", "2006-12-31": "", "2006-09-30": "", "2006-06-30": "", "2006-03-31": "", "2005-12-31": "", "2005-09-30": "", "2005-06-30": "", "2005-03-31": ""}, "Receiveable Turnover": {"2020-09-30": "", "2020-06-30": "", "2020-03-31": "", "2019-12-31": "", "2019-09-30": "", "2019-06-30": "", "2019-03-31": "", "2018-12-31": "", "2018-09-30": "", "2018-06-30": "", "2018-03-31": "", "2017-12-31": "", "2017-09-30": "", "2017-06-30": "", "2017-03-31": "", "2016-12-31": "", "2016-09-30": "", "2016-06-30": "", "2016-03-31": "", "2015-12-31": "", "2015-09-30": "", "2015-06-30": "", "2015-03-31": "", "2014-12-31": "", "2014-09-30": "", "2014-06-30": "", "2014-03-31": "", "2013-12-31": "", "2013-09-30": "", "2013-06-30": "", "2013-03-31": "", "2012-12-31": "", "2012-09-30": "", "2012-06-30": "", "2012-03-31": "", "2011-12-31": "", "2011-09-30": "", "2011-06-30": "", "2011-03-31": "", "2010-12-31": "", "2010-09-30": "", "2010-06-30": "", "2010-03-31": "", "2009-12-31": "", "2009-09-30": "", "2009-06-30": "", "2009-03-31": "", "2008-12-31": "", "2008-09-30": "", "2008-06-30": "", "2008-03-31": "", "2007-12-31": "", "2007-09-30": "", "2007-06-30": "", "2007-03-31": "", "2006-12-31": "", "2006-09-30": "", "2006-06-30": "", "2006-03-31": "", "2005-12-31": "", "2005-09-30": "", "2005-06-30": "", "2005-03-31": ""}, "Days Sales In Receivables": {"2020-09-30": "", "2020-06-30": "", "2020-03-31": "", "2019-12-31": "", "2019-09-30": "", "2019-06-30": "", "2019-03-31": "", "2018-12-31": "", "2018-09-30": "", "2018-06-30": "", "2018-03-31": "", "2017-12-31": "", "2017-09-30": "", "2017-06-30": "", "2017-03-31": "", "2016-12-31": "", "2016-09-30": "", "2016-06-30": "", "2016-03-31": "", "2015-12-31": "", "2015-09-30": "", "2015-06-30": "", "2015-03-31": "", "2014-12-31": "", "2014-09-30": "", "2014-06-30": "", "2014-03-31": "", "2013-12-31": "", "2013-09-30": "", "2013-06-30": "", "2013-03-31": "", "2012-12-31": "", "2012-09-30": "", "2012-06-30": "", "2012-03-31": "", "2011-12-31": "", "2011-09-30": "", "2011-06-30": "", "2011-03-31": "", "2010-12-31": "", "2010-09-30": "", "2010-06-30": "", "2010-03-31": "", "2009-12-31": "", "2009-09-30": "", "2009-06-30": "", "2009-03-31": "", "2008-12-31": "", "2008-09-30": "", "2008-06-30": "", "2008-03-31": "", "2007-12-31": "", "2007-09-30": "", "2007-06-30": "", "2007-03-31": "", "2006-12-31": "", "2006-09-30": "", "2006-06-30": "", "2006-03-31": "", "2005-12-31": "", "2005-09-30": "", "2005-06-30": "", "2005-03-31": ""}, "ROE - Return On Equity": {"2020-09-30": "1.98880", "2020-06-30": "1.45870", "2020-03-31": "1.66050", "2019-12-31": "2.89720", "2019-09-30": "2.36010", "2019-06-30": "2.97830", "2019-03-31": "2.98790", "2018-12-31": "2.99510", "2018-09-30": "2.98830", "2018-06-30": "2.81450", "2018-03-31": "2.86400", "2017-12-31": "0.96600", "2017-09-30": "2.16840", "2017-06-30": "2.07760", "2017-03-31": "2.19690", "2016-12-31": "1.91390", "2016-09-30": "2.02360", "2016-06-30": "1.97770", "2016-03-31": "1.45620", "2015-12-31": "1.30820", "2015-09-30": "1.97700", "2015-06-30": "2.23810", "2015-03-31": "1.35880", "2014-12-31": "1.66710", "2014-09-30": "-0.10510", "2014-06-30": "1.02940", "2014-03-31": "-0.12630", "2013-12-31": "1.56790", "2013-09-30": "1.14040", "2013-06-30": "1.85060", "2013-03-31": "0.67870", "2012-12-31": "0.33550", "2012-09-30": "0.15470", "2012-06-30": "1.13390", "2012-03-31": "0.30560", "2011-12-31": "0.94050", "2011-09-30": "2.95670", "2011-06-30": "-4.29250", "2011-03-31": "0.95610", "2010-12-31": "-0.58770", "2010-09-30": "-3.43660", "2010-06-30": "1.45130", "2010-03-31": "1.50190", "2009-12-31": "-0.09990", "2009-09-30": "-0.50340", "2009-06-30": "1.64080", "2009-03-31": "2.55420", "2008-12-31": "-1.28380", "2008-09-30": "0.85980", "2008-06-30": "2.46140", "2008-03-31": "0.87050", "2007-12-31": "0.18820", "2007-09-30": "2.73700", "2007-06-30": "4.33480", "2007-03-31": "3.98090", "2006-12-31": "3.96920", "2006-09-30": "4.07920", "2006-06-30": "4.29180", "2006-03-31": "3.86050", "2005-12-31": "3.52950", "2005-09-30": "3.80350", "2005-06-30": "4.64450", "2005-03-31": "4.47130"}, "Return On Tangible Equity": {"2020-09-30": "2.44170", "2020-06-30": "1.79630", "2020-03-31": "2.04630", "2019-12-31": "3.57090", "2019-09-30": "2.89670", "2019-06-30": "3.62940", "2019-03-31": "3.69130", "2018-12-31": "3.70620", "2018-09-30": "3.70950", "2018-06-30": "3.47430", "2018-03-31": "3.50680", "2017-12-31": "1.19330", "2017-09-30": "2.73080", "2017-06-30": "2.59310", "2017-03-31": "2.75380", "2016-12-31": "2.37150", "2016-09-30": "2.54500", "2016-06-30": "2.49500", "2016-03-31": "1.85860", "2015-12-31": "1.70420", "2015-09-30": "2.57860", "2015-06-30": "2.94760", "2015-03-31": "1.79400", "2014-12-31": "2.25730", "2014-09-30": "-0.14520", "2014-06-30": "1.44880", "2014-03-31": "-0.18160", "2013-12-31": "2.25930", "2013-09-30": "1.64840", "2013-06-30": "2.68970", "2013-03-31": "0.95620", "2012-12-31": "0.47400", "2012-09-30": "0.21740", "2012-06-30": "1.61210", "2012-03-31": "0.44390", "2011-12-31": "1.37690", "2011-09-30": "4.36970", "2011-06-30": "-6.82680", "2011-03-31": "1.55360", "2010-12-31": "-0.96220", "2010-09-30": "-5.53160", "2010-06-30": "2.56960", "2010-03-31": "2.82030", "2009-12-31": "-0.17120", "2009-09-30": "-0.70940", "2009-06-30": "2.35670", "2009-03-31": "3.41090", "2008-12-31": "-2.43310", "2008-09-30": "2.40280", "2008-06-30": "4.81970", "2008-03-31": "1.85740", "2007-12-31": "0.48180", "2007-09-30": "6.37310", "2007-06-30": "9.98820", "2007-03-31": "9.25140", "2006-12-31": "9.19800", "2006-09-30": "9.85980", "2006-06-30": "11.36430", "2006-03-31": "10.09230", "2005-12-31": "7.12250", "2005-09-30": "7.70670", "2005-06-30": "9.44220", "2005-03-31": "9.38800"}, "ROA - Return On Assets": {"2020-09-30": "0.17820", "2020-06-30": "0.12890", "2020-03-31": "0.15310", "2019-12-31": "0.28730", "2019-09-30": "0.23810", "2019-06-30": "0.30670", "2019-03-31": "0.30760", "2018-12-31": "0.30910", "2018-09-30": "0.30640", "2018-06-30": "0.29600", "2018-03-31": "0.29710", "2017-12-31": "0.10370", "2017-09-30": "0.23750", "2017-06-30": "0.22650", "2017-03-31": "0.23740", "2016-12-31": "0.21080", "2016-09-30": "0.22570", "2016-06-30": "0.21870", "2016-03-31": "0.15890", "2015-12-31": "0.14270", "2015-09-30": "0.21450", "2015-06-30": "0.23890", "2015-03-31": "0.14450", "2014-12-31": "0.17760", "2014-09-30": "-0.01090", "2014-06-30": "0.10550", "2014-03-31": "-0.01280", "2013-12-31": "0.16360", "2013-09-30": "0.11740", "2013-06-30": "0.18890", "2013-03-31": "0.06820", "2012-12-31": "0.03310", "2012-09-30": "0.01570", "2012-06-30": "0.11400", "2012-03-31": "0.02990", "2011-12-31": "0.09350", "2011-09-30": "0.28080", "2011-06-30": "-0.39030", "2011-03-31": "0.09010", "2010-12-31": "-0.05490", "2010-09-30": "-0.31200", "2010-06-30": "0.13210", "2010-03-31": "0.13610", "2009-12-31": "-0.00870", "2009-09-30": "-0.04450", "2009-06-30": "0.14300", "2009-03-31": "0.18290", "2008-12-31": "-0.09840", "2008-09-30": "0.06430", "2008-06-30": "0.19860", "2008-03-31": "0.06970", "2007-12-31": "0.01560", "2007-09-30": "0.23420", "2007-06-30": "0.37550", "2007-03-31": "0.34980", "2006-12-31": "0.36010", "2006-09-30": "0.37370", "2006-06-30": "0.37880", "2006-03-31": "0.36260", "2005-12-31": "0.27670", "2005-09-30": "0.30670", "2005-06-30": "0.37370", "2005-03-31": "0.36240"}, "ROI - Return On Investment": {"2020-09-30": "0.93050", "2020-06-30": "0.67000", "2020-03-31": "0.76870", "2019-12-31": "1.38310", "2019-09-30": "1.12880", "2019-06-30": "1.44240", "2019-03-31": "1.45950", "2018-12-31": "1.47110", "2018-09-30": "1.44420", "2018-06-30": "1.38220", "2018-03-31": "1.38780", "2017-12-31": "0.47820", "2017-09-30": "1.08240", "2017-06-30": "1.03170", "2017-03-31": "1.09020", "2016-12-31": "0.95480", "2016-09-30": "1.00060", "2016-06-30": "0.96300", "2016-03-31": "0.70050", "2015-12-31": "0.62080", "2015-09-30": "0.93660", "2015-06-30": "1.03700", "2015-03-31": "0.63460", "2014-12-31": "0.76800", "2014-09-30": "-0.04750", "2014-06-30": "0.46330", "2014-03-31": "-0.05670", "2013-12-31": "0.71300", "2013-09-30": "0.51210", "2013-06-30": "0.81290", "2013-03-31": "0.28690", "2012-12-31": "0.14280", "2012-09-30": "0.06470", "2012-06-30": "0.45800", "2012-03-31": "0.11120", "2011-12-31": "0.33050", "2011-09-30": "0.99040", "2011-06-30": "-1.36030", "2011-03-31": "0.30800", "2010-12-31": "-0.18380", "2010-09-30": "-1.02900", "2010-06-30": "0.43180", "2010-03-31": "0.42910", "2009-12-31": "-0.02900", "2009-09-30": "-0.14020", "2009-06-30": "0.45900", "2009-03-31": "0.62430", "2008-12-31": "-0.40170", "2008-09-30": "0.28110", "2008-06-30": "0.92340", "2008-03-31": "0.33690", "2007-12-31": "0.07780", "2007-09-30": "1.14140", "2007-06-30": "1.88840", "2007-03-31": "1.82830", "2006-12-31": "1.86870", "2006-09-30": "1.99600", "2006-06-30": "2.13120", "2006-03-31": "1.97380", "2005-12-31": "1.76600", "2005-09-30": "1.90960", "2005-06-30": "2.35880", "2005-03-31": "2.22680"}, "Book Value Per Share": {"2020-09-30": "31.03960", "2020-06-30": "30.65960", "2020-03-31": "30.53640", "2019-12-31": "29.96890", "2019-09-30": "29.56040", "2019-06-30": "29.05060", "2019-03-31": "27.90540", "2018-12-31": "27.44000", "2018-09-30": "26.59280", "2018-06-30": "26.38800", "2018-03-31": "26.16220", "2017-12-31": "25.96850", "2017-09-30": "26.05400", "2017-06-30": "27.43310", "2017-03-31": "26.88470", "2016-12-31": "26.48020", "2016-09-30": "26.67790", "2016-06-30": "26.14020", "2016-03-31": "25.48090", "2015-12-31": "24.67910", "2015-09-30": "24.54180", "2015-06-30": "24.03200", "2015-03-31": "23.78120", "2014-12-31": "23.15120", "2014-09-30": "22.69720", "2014-06-30": "22.57660", "2014-03-31": "22.02160", "2013-12-31": "21.96840", "2013-09-30": "21.74260", "2013-06-30": "21.50520", "2013-03-31": "21.92610", "2012-12-31": "21.98460", "2012-09-30": "22.13980", "2012-06-30": "21.89640", "2012-03-31": "21.57640", "2011-12-31": "21.83960", "2011-09-30": "22.71980", "2011-06-30": "21.92560", "2011-03-31": "22.78730", "2010-12-31": "22.63210", "2010-09-30": "22.97210", "2010-06-30": "23.24070", "2010-03-31": "22.90900", "2009-12-31": "26.75580", "2009-09-30": "29.78890", "2009-06-30": "29.49240", "2009-03-31": "37.42400", "2008-12-31": "35.28740", "2008-09-30": "35.29970", "2008-06-30": "36.53560", "2008-03-31": "35.10350", "2007-12-31": "33.07950", "2007-09-30": "31.21810", "2007-06-30": "30.59570", "2007-03-31": "30.37930", "2006-12-31": "30.34260", "2006-09-30": "29.70050", "2006-06-30": "28.23380", "2006-03-31": "28.25080", "2005-12-31": "25.38520", "2005-09-30": "25.23210", "2005-06-30": "25.03050", "2005-03-31": "24.41420"}, "Operating Cash Flow Per Share": {"2020-09-30": -3.7203, "2020-06-30": -0.3197, "2020-03-31": "2.14870", "2019-12-31": 6.2563, "2019-09-30": -0.5903, "2019-06-30": -0.6667, "2019-03-31": "1.54290", "2018-12-31": -1.394, "2018-09-30": 1.9724, "2018-06-30": -0.5712, "2018-03-31": "3.85330", "2017-12-31": -0.6633, "2017-09-30": 1.8868, "2017-06-30": 0.8812, "2017-03-31": "-1.18950", "2016-12-31": -0.8647, "2016-09-30": 0.0604, "2016-06-30": 1.3866, "2016-03-31": "0.98170", "2015-12-31": 0.4992, "2015-09-30": 2.3028, "2015-06-30": -0.2964, "2015-03-31": "0.02170", "2014-12-31": 0.014, "2014-09-30": 0.4541, "2014-06-30": 0.2896, "2014-03-31": "2.15170", "2013-12-31": 1.0381, "2013-09-30": 0.7397, "2013-06-30": 3.9265, "2013-03-31": "2.37280", "2012-12-31": -2.4172, "2012-09-30": 0.8262, "2012-06-30": 1.5597, "2012-03-31": "-1.44980", "2011-12-31": 2.477, "2011-09-30": -1.2645, "2011-06-30": 5.1288, "2011-03-31": "-0.05660", "2010-12-31": 0.6741, "2010-09-30": 3.8332, "2010-06-30": 1.5371, "2010-03-31": "2.38630", "2009-12-31": 5.4726, "2009-09-30": 1.0277, "2009-06-30": 1.7147, "2009-03-31": "8.57090", "2008-12-31": -5.9999, "2008-09-30": 4.3578, "2008-06-30": 3.3787, "2008-03-31": "-0.85900", "2007-12-31": 2.739, "2007-09-30": 0.3415, "2007-06-30": 3.7575, "2007-03-31": "-4.36530", "2006-12-31": 2.5351, "2006-09-30": -1.5581, "2006-06-30": 0.3588, "2006-03-31": "1.82110", "2005-12-31": -0.4214, "2005-09-30": -0.7671, "2005-06-30": 1.0831, "2005-03-31": "-2.89920"}, "Free Cash Flow Per Share": {"2020-09-30": -3.7203, "2020-06-30": -0.3197, "2020-03-31": "2.14870", "2019-12-31": 6.2563, "2019-09-30": -0.5903, "2019-06-30": -0.6667, "2019-03-31": "1.54290", "2018-12-31": -1.394, "2018-09-30": 1.9724, "2018-06-30": -0.5712, "2018-03-31": "3.85330", "2017-12-31": -0.6633, "2017-09-30": 1.8868, "2017-06-30": 0.8812, "2017-03-31": "-1.18950", "2016-12-31": -0.8647, "2016-09-30": 0.0604, "2016-06-30": 1.3866, "2016-03-31": "0.98170", "2015-12-31": 0.4992, "2015-09-30": 2.3028, "2015-06-30": -0.2964, "2015-03-31": "0.02170", "2014-12-31": 0.0791, "2014-09-30": 0.4291, "2014-06-30": 0.2747, "2014-03-31": "2.12650", "2013-12-31": 1.0689, "2013-09-30": 0.7174, "2013-06-30": 3.9131, "2013-03-31": "2.37770", "2012-12-31": -2.4031, "2012-09-30": 0.8062, "2012-06-30": 1.5601, "2012-03-31": "-1.44380", "2011-12-31": 2.4204, "2011-09-30": -1.2869, "2011-06-30": 5.1148, "2011-03-31": "-0.09110", "2010-12-31": 0.6205, "2010-09-30": 3.8008, "2010-06-30": 1.5435, "2010-03-31": "2.36510", "2009-12-31": 5.3603, "2009-09-30": 1.0208, "2009-06-30": 1.6272, "2009-03-31": "8.48780", "2008-12-31": -6.1207, "2008-09-30": 4.2717, "2008-06-30": 3.2258, "2008-03-31": "-0.95560", "2007-12-31": 2.5533, "2007-09-30": 0.2366, "2007-06-30": 3.6475, "2007-03-31": "-4.44490", "2006-12-31": 2.4595, "2006-09-30": -1.6004, "2006-06-30": 0.284, "2006-03-31": "1.85110", "2005-12-31": -0.5116, "2005-09-30": -0.8402, "2005-06-30": 1.0066, "2005-03-31": "-2.96120"}}, "revenue": {"Bank Of America Annual Revenue (Millions of US $)": {"2020": "$93,753", "2019": "$113,589", "2018": "$109,627", "2017": "$99,466", "2016": "$93,662", "2015": "$93,514", "2014": "$96,829", "2013": "$101,697", "2012": "$100,078", "2011": "$115,074", "2010": "$134,194", "2009": "$150,450", "2008": "$113,106", "2007": "$119,696", "2006": "$116,767", "2005": "$85,064"}, "Bank Of America Quarterly Revenue (Millions of US $)": {"2020-12-31": "$21,307", "2020-09-30": "$21,693", "2020-06-30": "$24,018", "2020-03-31": "$26,735", "2019-12-31": "$27,135", "2019-09-30": "$28,536", "2019-06-30": "$29,119", "2019-03-31": "$28,799", "2018-12-31": "$28,009", "2018-09-30": "$27,628", "2018-06-30": "$27,090", "2018-03-31": "$26,900", "2017-12-31": "$23,242", "2017-09-30": "$25,335", "2017-06-30": "$25,989", "2017-03-31": "$24,900", "2016-12-31": "$22,563", "2016-09-30": "$24,044", "2016-06-30": "$23,742", "2016-03-31": "$23,313", "2015-12-31": "$22,000", "2015-09-30": "$23,488", "2015-06-30": "$24,600", "2015-03-31": "$23,426", "2014-12-31": "$22,890", "2014-09-30": "$23,848", "2014-06-30": "$24,675", "2014-03-31": "$25,416", "2013-12-31": "$24,414", "2013-09-30": "$24,646", "2013-06-30": "$26,003", "2013-03-31": "$26,634", "2012-12-31": "$22,307", "2012-09-30": "$24,466", "2012-06-30": "$26,412", "2012-03-31": "$26,893", "2011-12-31": "$29,600", "2011-09-30": "$33,816", "2011-06-30": "$19,038", "2011-03-31": "$32,620", "2010-12-31": "$28,249", "2010-09-30": "$32,474", "2010-06-30": "$35,372", "2010-03-31": "$38,099", "2009-12-31": "$31,162", "2009-09-30": "$33,135", "2009-06-30": "$40,736", "2009-03-31": "$45,417", "2008-12-31": "$24,176", "2008-09-30": "$30,175", "2008-06-30": "$29,816", "2008-03-31": "$28,939", "2007-12-31": "$27,268", "2007-09-30": "$29,513", "2007-06-30": "$32,468", "2007-03-31": "$30,447", "2006-12-31": "$30,571", "2006-09-30": "$30,270", "2006-06-30": "$28,886", "2006-03-31": "$27,040", "2005-12-31": "$22,040", "2005-09-30": "$21,650", "2005-06-30": "$21,547", "2005-03-31": "$19,827"}}, "gross-profit": {"Bank Of America Annual Gross Profit (Millions of US $)": {"2020": "$85,528", "2019": "$91,244", "2018": "$91,020", "2017": "$87,126", "2016": "$83,701", "2015": "$82,965", "2014": "$85,894", "2013": "$88,942", "2012": "$83,334", "2011": "$93,454", "2010": "$110,220", "2009": "$119,643", "2008": "$72,782", "2007": "$66,833", "2006": "$72,776", "2005": "$57,175"}, "Bank Of America Quarterly Gross Profit (Millions of US $)": {"2020-12-31": "$20,099", "2020-09-30": "$20,336", "2020-06-30": "$22,326", "2020-03-31": "$22,767", "2019-12-31": "$22,349", "2019-09-30": "$22,807", "2019-06-30": "$23,084", "2019-03-31": "$23,004", "2018-12-31": "$22,677", "2018-09-30": "$22,724", "2018-06-30": "$22,549", "2018-03-31": "$23,070", "2017-12-31": "$20,210", "2017-09-30": "$21,839", "2017-06-30": "$22,829", "2017-03-31": "$22,248", "2016-12-31": "$19,990", "2016-09-30": "$21,635", "2016-06-30": "$21,286", "2016-03-31": "$20,790", "2015-12-31": "$19,103", "2015-09-30": "$20,992", "2015-06-30": "$21,956", "2015-03-31": "$20,914", "2014-12-31": "$20,372", "2014-09-30": "$21,209", "2014-06-30": "$21,747", "2014-03-31": "$22,566", "2013-12-31": "$21,488", "2013-09-30": "$21,530", "2013-06-30": "$22,727", "2013-03-31": "$23,197", "2012-12-31": "$18,660", "2012-09-30": "$20,428", "2012-06-30": "$21,968", "2012-03-31": "$22,278", "2011-12-31": "$24,888", "2011-09-30": "$28,453", "2011-06-30": "$13,236", "2011-03-31": "$26,877", "2010-12-31": "$22,398", "2010-09-30": "$26,700", "2010-06-30": "$29,153", "2010-03-31": "$31,969", "2009-12-31": "$25,076", "2009-09-30": "$26,035", "2009-06-30": "$32,774", "2009-03-31": "$35,758", "2008-12-31": "$15,680", "2008-09-30": "$19,621", "2008-06-30": "$20,410", "2008-03-31": "$17,071", "2007-12-31": "$12,956", "2007-09-30": "$16,097", "2007-06-30": "$19,625", "2007-03-31": "$18,155", "2006-12-31": "$18,682", "2006-09-30": "$18,184", "2006-06-30": "$18,219", "2006-03-31": "$17,691", "2005-12-31": "$13,881", "2005-09-30": "$14,180", "2005-06-30": "$14,917", "2005-03-31": "$14,197"}}, "operating-income": {"Bank Of America Annual Operating Income (Millions of US $)": {"2020": "$74,208", "2019": "$32,754", "2018": "$34,584", "2017": "$29,213", "2016": "$25,021", "2015": "$22,187", "2014": "$7,963", "2013": "$16,172", "2012": "$3,072", "2011": "$408", "2010": "$497", "2009": "$7,081", "2008": "$5,363", "2007": "$21,334", "2006": "$32,778", "2005": "$24,892"}, "Bank Of America Quarterly Operating Income (Millions of US $)": {"2020-12-31": "$6,119", "2020-09-30": "$4,546", "2020-06-30": "$3,799", "2020-03-31": "$4,531", "2019-12-31": "$8,169", "2019-09-30": "$6,859", "2019-06-30": "$8,959", "2019-03-31": "$8,767", "2018-12-31": "$8,698", "2018-09-30": "$8,994", "2018-06-30": "$8,498", "2018-03-31": "$8,394", "2017-12-31": "$6,161", "2017-09-30": "$7,611", "2017-06-30": "$8,121", "2017-03-31": "$7,320", "2016-12-31": "$5,369", "2016-09-30": "$7,304", "2016-06-30": "$6,817", "2016-03-31": "$4,977", "2015-12-31": "$3,768", "2015-09-30": "$6,247", "2015-06-30": "$7,218", "2015-03-31": "$4,322", "2014-12-31": "$5,418", "2014-09-30": "$431", "2014-06-30": "$2,795", "2014-03-31": "$-681", "2013-12-31": "$3,845", "2013-09-30": "$4,845", "2013-06-30": "$5,498", "2013-03-31": "$1,984", "2012-12-31": "$-1,904", "2012-09-30": "$1,110", "2012-06-30": "$3,147", "2012-03-31": "$719", "2011-12-31": "$2,533", "2011-09-30": "$7,609", "2011-06-30": "$-12,716", "2011-03-31": "$2,982", "2010-12-31": "$-3,225", "2010-09-30": "$-5,491", "2010-06-30": "$4,303", "2010-03-31": "$4,910", "2009-12-31": "$-886", "2009-09-30": "$-1,382", "2009-06-30": "$3,208", "2009-03-31": "$6,141", "2008-12-31": "$-3,496", "2008-09-30": "$1,758", "2008-06-30": "$5,133", "2008-03-31": "$1,968", "2007-12-31": "$-775", "2007-09-30": "$5,440", "2007-06-30": "$8,735", "2007-03-31": "$7,934", "2006-12-31": "$8,067", "2006-09-30": "$8,425", "2006-06-30": "$8,691", "2006-03-31": "$7,595", "2005-12-31": "$5,220", "2005-09-30": "$5,856", "2005-06-30": "$7,144", "2005-03-31": "$6,672"}}, "ebitda": {"Bank Of America Annual EBITDA (Millions of US $)": {"2019": "$", "2018": "$", "2017": "$", "2016": "$", "2015": "$", "2014": "$", "2013": "$", "2012": "$", "2011": "$", "2010": "$", "2009": "$", "2008": "$", "2007": "$", "2006": "$", "2005": "$"}, "Bank Of America Quarterly EBITDA (Millions of US $)": {"2020-09-30": "", "2020-06-30": "", "2020-03-31": "", "2019-12-31": "", "2019-09-30": "", "2019-06-30": "", "2019-03-31": "", "2018-12-31": "", "2018-09-30": "", "2018-06-30": "", "2018-03-31": "", "2017-12-31": "", "2017-09-30": "", "2017-06-30": "", "2017-03-31": "", "2016-12-31": "", "2016-09-30": "", "2016-06-30": "", "2016-03-31": "", "2015-12-31": "", "2015-09-30": "", "2015-06-30": "", "2015-03-31": "", "2014-12-31": "", "2014-09-30": "", "2014-06-30": "", "2014-03-31": "", "2013-12-31": "", "2013-09-30": "", "2013-06-30": "", "2013-03-31": "", "2012-12-31": "", "2012-09-30": "", "2012-06-30": "", "2012-03-31": "", "2011-12-31": "", "2011-09-30": "", "2011-06-30": "", "2011-03-31": "", "2010-12-31": "", "2010-09-30": "", "2010-06-30": "", "2010-03-31": "", "2009-12-31": "", "2009-09-30": "", "2009-06-30": "", "2009-03-31": "", "2008-12-31": "", "2008-09-30": "", "2008-06-30": "", "2008-03-31": "", "2007-12-31": "", "2007-09-30": "", "2007-06-30": "", "2007-03-31": "", "2006-12-31": "", "2006-09-30": "", "2006-06-30": "", "2006-03-31": "", "2005-12-31": "", "2005-09-30": "", "2005-06-30": "", "2005-03-31": ""}}, "net-income": {"Bank Of America Annual Net Income (Millions of US $)": {"2020": "$16,473", "2019": "$25,998", "2018": "$26,696", "2017": "$16,618", "2016": "$16,140", "2015": "$14,427", "2014": "$4,476", "2013": "$10,082", "2012": "$2,760", "2011": "$85", "2010": "$-3,599", "2009": "$-2,204", "2008": "$2,487", "2007": "$14,692", "2006": "$21,111", "2005": "$16,447"}, "Bank Of America Quarterly Net Income (Millions of US $)": {"2020-12-31": "$5,208", "2020-09-30": "$4,440", "2020-06-30": "$3,284", "2020-03-31": "$3,541", "2019-12-31": "$6,748", "2019-09-30": "$5,272", "2019-06-30": "$7,109", "2019-03-31": "$6,869", "2018-12-31": "$7,039", "2018-09-30": "$6,701", "2018-06-30": "$6,466", "2018-03-31": "$6,490", "2017-12-31": "$2,079", "2017-09-30": "$4,959", "2017-06-30": "$4,745", "2017-03-31": "$4,835", "2016-12-31": "$4,251", "2016-09-30": "$4,452", "2016-06-30": "$4,422", "2016-03-31": "$3,015", "2015-12-31": "$2,730", "2015-09-30": "$4,178", "2015-06-30": "$4,804", "2015-03-31": "$2,715", "2014-12-31": "$3,425", "2014-09-30": "$-470", "2014-06-30": "$2,035", "2014-03-31": "$-514", "2013-12-31": "$3,183", "2013-09-30": "$2,218", "2013-06-30": "$3,571", "2013-03-31": "$1,110", "2012-12-31": "$368", "2012-09-30": "$-33", "2012-06-30": "$2,098", "2012-03-31": "$327", "2011-12-31": "$1,628", "2011-09-30": "$5,859", "2011-06-30": "$-9,127", "2011-03-31": "$1,725", "2010-12-31": "$-1,527", "2010-09-30": "$-7,647", "2010-06-30": "$2,741", "2010-03-31": "$2,834", "2009-12-31": "$-5,196", "2009-09-30": "$-2,241", "2009-06-30": "$2,419", "2009-03-31": "$2,814", "2008-12-31": "$-2,461", "2008-09-30": "$704", "2008-06-30": "$3,224", "2008-03-31": "$1,020", "2007-12-31": "$107", "2007-09-30": "$3,655", "2007-06-30": "$5,721", "2007-03-31": "$5,209", "2006-12-31": "$5,243", "2006-09-30": "$5,416", "2006-06-30": "$5,471", "2006-03-31": "$4,981", "2005-12-31": "$3,570", "2005-09-30": "$3,836", "2005-06-30": "$4,653", "2005-03-31": "$4,388"}}, "eps-earnings-per-share-diluted": {"Bank Of America Annual EPS": {"2020": "$1.87", "2019": "$2.75", "2018": "$2.61", "2017": "$1.56", "2016": "$1.49", "2015": "$1.31", "2014": "$0.42", "2013": "$0.90", "2012": "$0.25", "2011": "$0.01", "2010": "$-0.37", "2009": "$-0.29", "2008": "$0.54", "2007": "$3.29", "2006": "$4.59", "2005": "$4.04"}, "Bank Of America Quarterly EPS": {"2020-12-31": "$0.59", "2020-09-30": "$0.51", "2020-06-30": "$0.37", "2020-03-31": "$0.40", "2019-12-31": "$0.75", "2019-09-30": "$0.56", "2019-06-30": "$0.74", "2019-03-31": "$0.70", "2018-12-31": "$0.70", "2018-09-30": "$0.66", "2018-06-30": "$0.63", "2018-03-31": "$0.62", "2017-12-31": "$0.21", "2017-09-30": "$0.46", "2017-06-30": "$0.44", "2017-03-31": "$0.45", "2016-12-31": "$0.39", "2016-09-30": "$0.41", "2016-06-30": "$0.41", "2016-03-31": "$0.28", "2015-12-31": "$0.25", "2015-09-30": "$0.38", "2015-06-30": "$0.43", "2015-03-31": "$0.25", "2014-12-31": "$0.32", "2014-09-30": "$-0.04", "2014-06-30": "$0.19", "2014-03-31": "$-0.05", "2013-12-31": "$0.28", "2013-09-30": "$0.20", "2013-06-30": "$0.32", "2013-03-31": "$0.10", "2012-12-31": "$0.03", "2012-09-30": "$0.00", "2012-06-30": "$0.19", "2012-03-31": "$0.03", "2011-12-31": "$0.18", "2011-09-30": "$0.56", "2011-06-30": "$-0.90", "2011-03-31": "$0.17", "2010-12-31": "$-0.15", "2010-09-30": "$-0.77", "2010-06-30": "$0.27", "2010-03-31": "$0.28", "2009-12-31": "$-0.80", "2009-09-30": "$-0.26", "2009-06-30": "$0.33", "2009-03-31": "$0.44", "2008-12-31": "$-0.56", "2008-09-30": "$0.15", "2008-06-30": "$0.72", "2008-03-31": "$0.23", "2007-12-31": "$0.03", "2007-09-30": "$0.82", "2007-06-30": "$1.28", "2007-03-31": "$1.16", "2006-12-31": "$1.15", "2006-09-30": "$1.18", "2006-06-30": "$1.19", "2006-03-31": "$1.07", "2005-12-31": "$0.88", "2005-09-30": "$0.95", "2005-06-30": "$1.14", "2005-03-31": "$1.07"}}, "shares-outstanding": {"Bank Of America Annual Shares Outstanding (Millions of Shares)": {"2020": "8,797", "2019": "9,443", "2018": "10,237", "2017": "10,778", "2016": "11,047", "2015": "11,236", "2014": "10,585", "2013": "11,491", "2012": "10,841", "2011": "10,255", "2010": "9,790", "2009": "7,729", "2008": "4,596", "2007": "4,463", "2006": "4,596", "2005": "4,068"}, "Bank Of America Quarterly Shares Outstanding (Millions of Shares)": {"2020-12-31": "8,785", "2020-09-30": "8,778", "2020-06-30": "8,768", "2020-03-31": "8,863", "2019-12-31": "9,443", "2019-09-30": "9,353", "2019-06-30": "9,560", "2019-03-31": "9,787", "2018-12-31": "10,237", "2018-09-30": "10,171", "2018-06-30": "10,309", "2018-03-31": "10,473", "2017-12-31": "10,778", "2017-09-30": "10,747", "2017-06-30": "10,835", "2017-03-31": "10,920", "2016-12-31": "11,047", "2016-09-30": "11,000", "2016-06-30": "11,059", "2016-03-31": "11,100", "2015-12-31": "11,236", "2015-09-30": "11,197", "2015-06-30": "11,238", "2015-03-31": "11,267", "2014-12-31": "10,585", "2014-09-30": "10,516", "2014-06-30": "11,265", "2014-03-31": "10,561", "2013-12-31": "11,491", "2013-09-30": "11,482", "2013-06-30": "11,525", "2013-03-31": "11,155", "2012-12-31": "10,841", "2012-09-30": "10,776", "2012-06-30": "11,556", "2012-03-31": "10,762", "2011-12-31": "10,255", "2011-09-30": "10,464", "2011-06-30": "10,095", "2011-03-31": "10,181", "2010-12-31": "9,790", "2010-09-30": "9,976", "2010-06-30": "10,030", "2010-03-31": "10,005", "2009-12-31": "7,729", "2009-09-30": "8,634", "2009-06-30": "7,270", "2009-03-31": "6,393", "2008-12-31": "4,596", "2008-09-30": "4,548", "2008-06-30": "4,444", "2008-03-31": "4,461", "2007-12-31": "4,463", "2007-09-30": "4,476", "2007-06-30": "4,477", "2007-03-31": "4,497", "2006-12-31": "4,596", "2006-09-30": "4,571", "2006-06-30": "4,601", "2006-03-31": "4,666", "2005-12-31": "4,068", "2005-09-30": "4,055", "2005-06-30": "4,065", "2005-03-31": "4,099"}}, "total-assets": {"Bank Of America Annual Total Assets (Millions of US $)": {"2019": "$2,434,079", "2018": "$2,354,507", "2017": "$2,281,234", "2016": "$2,188,067", "2015": "$2,144,287", "2014": "$2,104,534", "2013": "$2,102,273", "2012": "$2,209,974", "2011": "$2,129,046", "2010": "$2,264,909", "2009": "$2,230,232", "2008": "$1,817,943", "2007": "$1,715,746", "2006": "$1,459,737", "2005": "$1,291,803"}, "Bank Of America Quarterly Total Assets (Millions of US $)": {"2020-09-30": "$2,738,452", "2020-06-30": "$2,741,688", "2020-03-31": "$2,619,954", "2019-12-31": "$2,434,079", "2019-09-30": "$2,426,330", "2019-06-30": "$2,395,892", "2019-03-31": "$2,377,164", "2018-12-31": "$2,354,507", "2018-09-30": "$2,338,833", "2018-06-30": "$2,291,670", "2018-03-31": "$2,328,478", "2017-12-31": "$2,281,234", "2017-09-30": "$2,283,896", "2017-06-30": "$2,254,529", "2017-03-31": "$2,247,701", "2016-12-31": "$2,188,067", "2016-09-30": "$2,195,314", "2016-06-30": "$2,186,609", "2016-03-31": "$2,185,498", "2015-12-31": "$2,144,287", "2015-09-30": "$2,153,006", "2015-06-30": "$2,149,034", "2015-03-31": "$2,143,545", "2014-12-31": "$2,104,534", "2014-09-30": "$2,123,613", "2014-06-30": "$2,170,557", "2014-03-31": "$2,149,851", "2013-12-31": "$2,102,273", "2013-09-30": "$2,126,653", "2013-06-30": "$2,123,320", "2013-03-31": "$2,174,819", "2012-12-31": "$2,209,974", "2012-09-30": "$2,166,162", "2012-06-30": "$2,160,854", "2012-03-31": "$2,181,449", "2011-12-31": "$2,129,046", "2011-09-30": "$2,219,628", "2011-06-30": "$2,261,319", "2011-03-31": "$2,274,532", "2010-12-31": "$2,264,909", "2010-09-30": "$2,339,660", "2010-06-30": "$2,363,878", "2010-03-31": "$2,338,700", "2009-12-31": "$2,230,232", "2009-09-30": "$2,251,043", "2009-06-30": "$2,254,394", "2009-03-31": "$2,321,963", "2008-12-31": "$1,817,943", "2008-09-30": "$1,831,177", "2008-06-30": "$1,716,875", "2008-03-31": "$1,736,502", "2007-12-31": "$1,715,746", "2007-09-30": "$1,578,763", "2007-06-30": "$1,534,359", "2007-03-31": "$1,502,157", "2006-12-31": "$1,459,737", "2006-09-30": "$1,449,211", "2006-06-30": "$1,445,193", "2006-03-31": "$1,375,080", "2005-12-31": "$1,291,803", "2005-09-30": "$1,252,259", "2005-06-30": "$1,246,330", "2005-03-31": "$1,212,239"}}, "cash-on-hand": {"Bank Of America Annual Cash on Hand (Millions of US $)": {"2019": "$673,090", "2018": "$660,377", "2017": "$590,692", "2016": "$536,032", "2015": "$536,106", "2014": "$529,707", "2013": "$534,183", "2012": "$577,145", "2011": "$526,608", "2010": "$539,147", "2009": "$517,680", "2008": "$259,220", "2007": "$345,920", "2006": "$338,911", "2005": "$331,291"}, "Bank Of America Quarterly Cash on Hand (Millions of US $)": {"2020-09-30": "$888,339", "2020-06-30": "$973,061", "2020-03-31": "$757,965", "2019-12-31": "$673,090", "2019-09-30": "$699,930", "2019-06-30": "$680,150", "2019-03-31": "$687,182", "2018-12-31": "$660,377", "2018-09-30": "$660,078", "2018-06-30": "$609,317", "2018-03-31": "$655,417", "2017-12-31": "$590,692", "2017-09-30": "$609,407", "2017-06-30": "$602,426", "2017-03-31": "$599,769", "2016-12-31": "$536,032", "2016-09-30": "$558,599", "2016-06-30": "$567,867", "2016-03-31": "$585,617", "2015-12-31": "$536,106", "2015-09-30": "$563,610", "2015-06-30": "$560,519", "2015-03-31": "$563,529", "2014-12-31": "$529,707", "2014-09-30": "$548,317", "2014-06-30": "$587,946", "2014-03-31": "$575,686", "2013-12-31": "$534,183", "2013-09-30": "$548,895", "2013-06-30": "$527,146", "2013-03-31": "$557,371", "2012-12-31": "$577,145", "2012-09-30": "$567,489", "2012-06-30": "$576,908", "2012-03-31": "$584,830", "2011-12-31": "$526,608", "2011-09-30": "$527,591", "2011-06-30": "$571,938", "2011-03-31": "$564,066", "2010-12-31": "$539,147", "2010-09-30": "$629,575", "2010-06-30": "$616,795", "2010-03-31": "$568,106", "2009-12-31": "$517,680", "2009-09-30": "$568,003", "2009-06-30": "$550,232", "2009-03-31": "$553,768", "2008-12-31": "$259,220", "2008-09-30": "$312,947", "2008-06-30": "$321,683", "2008-03-31": "$335,301", "2007-12-31": "$345,920", "2007-09-30": "$358,300", "2007-06-30": "$362,712", "2007-03-31": "$356,450", "2006-12-31": "$338,911", "2006-09-30": "$320,051", "2006-06-30": "$320,550", "2006-03-31": "$297,994", "2005-12-31": "$331,291", "2005-09-30": "$300,672", "2005-06-30": "$319,562", "2005-03-31": "$304,277"}}, "long-term-debt": {"Bank Of America Annual Long Term Debt (Millions of US $)": {"2019": "$240,856", "2018": "$229,392", "2017": "$227,402", "2016": "$216,823", "2015": "$236,764", "2014": "$243,139", "2013": "$249,674", "2012": "$275,585", "2011": "$372,265", "2010": "$448,431", "2009": "$438,521", "2008": "$268,292", "2007": "$197,508", "2006": "$146,000", "2005": "$100,848"}, "Bank Of America Quarterly Long Term Debt (Millions of US $)": {"2020-09-30": "$255,723", "2020-06-30": "$261,638", "2020-03-31": "$256,712", "2019-12-31": "$240,856", "2019-09-30": "$243,405", "2019-06-30": "$238,011", "2019-03-31": "$233,929", "2018-12-31": "$229,392", "2018-09-30": "$234,100", "2018-06-30": "$226,595", "2018-03-31": "$232,256", "2017-12-31": "$227,402", "2017-09-30": "$228,666", "2017-06-30": "$223,923", "2017-03-31": "$221,385", "2016-12-31": "$216,823", "2016-09-30": "$225,136", "2016-06-30": "$229,617", "2016-03-31": "$232,849", "2015-12-31": "$236,764", "2015-09-30": "$237,288", "2015-06-30": "$243,414", "2015-03-31": "$237,858", "2014-12-31": "$243,139", "2014-09-30": "$250,115", "2014-06-30": "$257,071", "2014-03-31": "$254,785", "2013-12-31": "$249,674", "2013-09-30": "$255,331", "2013-06-30": "$262,480", "2013-03-31": "$279,641", "2012-12-31": "$275,585", "2012-09-30": "$286,534", "2012-06-30": "$301,848", "2012-03-31": "$354,912", "2011-12-31": "$372,265", "2011-09-30": "$398,965", "2011-06-30": "$426,659", "2011-03-31": "$434,436", "2010-12-31": "$448,431", "2010-09-30": "$478,858", "2010-06-30": "$490,083", "2010-03-31": "$511,653", "2009-12-31": "$438,521", "2009-09-30": "$456,288", "2009-06-30": "$447,187", "2009-03-31": "$440,751", "2008-12-31": "$268,292", "2008-09-30": "$257,710", "2008-06-30": "$206,605", "2008-03-31": "$202,800", "2007-12-31": "$197,508", "2007-09-30": "$185,484", "2007-06-30": "$169,317", "2007-03-31": "$152,562", "2006-12-31": "$146,000", "2006-09-30": "$137,739", "2006-06-30": "$129,056", "2006-03-31": "$123,178", "2005-12-31": "$100,848", "2005-09-30": "$99,885", "2005-06-30": "$96,894", "2005-03-31": "$98,763"}}, "total-liabilities": {"Bank Of America Annual Total Liabilities (Millions of US $)": {"2019": "$2,169,269", "2018": "$2,089,182", "2017": "$2,014,088", "2016": "$1,921,872", "2015": "$1,888,111", "2014": "$1,861,063", "2013": "$1,869,588", "2012": "$1,973,018", "2011": "$1,898,945", "2010": "$2,036,661", "2009": "$1,998,788", "2008": "$1,640,891", "2007": "$1,568,943", "2006": "$1,324,465", "2005": "$1,190,270"}, "Bank Of America Quarterly Total Liabilities (Millions of US $)": {"2020-09-30": "$2,469,602", "2020-06-30": "$2,476,051", "2020-03-31": "$2,355,036", "2019-12-31": "$2,169,269", "2019-09-30": "$2,157,943", "2019-06-30": "$2,124,484", "2019-03-31": "$2,110,154", "2018-12-31": "$2,089,182", "2018-09-30": "$2,076,675", "2018-06-30": "$2,027,454", "2018-03-31": "$2,062,254", "2017-12-31": "$2,014,088", "2017-09-30": "$2,011,437", "2017-06-30": "$1,983,542", "2017-03-31": "$1,979,548", "2016-12-31": "$1,921,872", "2016-09-30": "$1,925,231", "2016-06-30": "$1,919,540", "2016-03-31": "$1,922,722", "2015-12-31": "$1,888,111", "2015-09-30": "$1,897,101", "2015-06-30": "$1,897,375", "2015-03-31": "$1,893,357", "2014-12-31": "$1,861,063", "2014-09-30": "$1,884,932", "2014-06-30": "$1,933,146", "2014-03-31": "$1,917,963", "2013-12-31": "$1,869,588", "2013-09-30": "$1,894,371", "2013-06-30": "$1,892,288", "2013-03-31": "$1,937,526", "2012-12-31": "$1,973,018", "2012-09-30": "$1,927,556", "2012-06-30": "$1,924,879", "2012-03-31": "$1,948,950", "2011-12-31": "$1,898,945", "2011-09-30": "$1,989,376", "2011-06-30": "$2,039,143", "2011-03-31": "$2,043,656", "2010-12-31": "$2,036,661", "2010-09-30": "$2,109,165", "2010-06-30": "$2,130,704", "2010-03-31": "$2,108,877", "2009-12-31": "$1,998,788", "2009-09-30": "$1,993,360", "2009-06-30": "$1,999,242", "2009-03-31": "$2,082,414", "2008-12-31": "$1,640,891", "2008-09-30": "$1,670,138", "2008-06-30": "$1,554,184", "2008-03-31": "$1,580,193", "2007-12-31": "$1,568,943", "2007-09-30": "$1,440,253", "2007-06-30": "$1,398,608", "2007-03-31": "$1,367,301", "2006-12-31": "$1,324,465", "2006-09-30": "$1,315,614", "2006-06-30": "$1,317,352", "2006-03-31": "$1,245,654", "2005-12-31": "$1,190,270", "2005-09-30": "$1,151,001", "2005-06-30": "$1,145,790", "2005-03-31": "$1,113,720"}}, "total-share-holder-equity": {"Bank Of America Annual Share Holder Equity (Millions of US $)": {"2019": "$264,810", "2018": "$265,325", "2017": "$267,146", "2016": "$266,195", "2015": "$256,176", "2014": "$243,471", "2013": "$232,685", "2012": "$236,956", "2011": "$230,101", "2010": "$228,248", "2009": "$231,444", "2008": "$177,052", "2007": "$146,803", "2006": "$135,272", "2005": "$101,533"}, "Bank Of America Quarterly Share Holder Equity (Millions of US $)": {"2020-09-30": "$268,850", "2020-06-30": "$265,637", "2020-03-31": "$264,918", "2019-12-31": "$264,810", "2019-09-30": "$268,387", "2019-06-30": "$271,408", "2019-03-31": "$267,010", "2018-12-31": "$265,325", "2018-09-30": "$262,158", "2018-06-30": "$264,216", "2018-03-31": "$266,224", "2017-12-31": "$267,146", "2017-09-30": "$272,459", "2017-06-30": "$270,987", "2017-03-31": "$268,153", "2016-12-31": "$266,195", "2016-09-30": "$270,083", "2016-06-30": "$267,069", "2016-03-31": "$262,776", "2015-12-31": "$256,176", "2015-09-30": "$255,905", "2015-06-30": "$251,659", "2015-03-31": "$250,188", "2014-12-31": "$243,471", "2014-09-30": "$238,681", "2014-06-30": "$237,411", "2014-03-31": "$231,888", "2013-12-31": "$232,685", "2013-09-30": "$232,282", "2013-06-30": "$231,032", "2013-03-31": "$237,293", "2012-12-31": "$236,956", "2012-09-30": "$238,606", "2012-06-30": "$235,975", "2012-03-31": "$232,499", "2011-12-31": "$230,101", "2011-09-30": "$230,252", "2011-06-30": "$222,176", "2011-03-31": "$230,876", "2010-12-31": "$228,248", "2010-09-30": "$230,495", "2010-06-30": "$233,174", "2010-03-31": "$229,823", "2009-12-31": "$231,444", "2009-09-30": "$257,683", "2009-06-30": "$255,152", "2009-03-31": "$239,549", "2008-12-31": "$177,052", "2008-09-30": "$161,039", "2008-06-30": "$162,691", "2008-03-31": "$156,309", "2007-12-31": "$146,803", "2007-09-30": "$138,510", "2007-06-30": "$135,751", "2007-03-31": "$134,856", "2006-12-31": "$135,272", "2006-09-30": "$133,597", "2006-06-30": "$127,841", "2006-03-31": "$129,426", "2005-12-31": "$101,533", "2005-09-30": "$101,258", "2005-06-30": "$100,540", "2005-03-31": "$98,519"}}, "profit-margins": {"current": "19.09%"}, "gross margin": {"2020-12-31": "91.23%", "2020-09-30": "88.15%", "2020-06-30": "84.80%", "2020-03-31": "81.60%", "2019-12-31": "80.33%", "2019-09-30": "80.00%", "2019-06-30": "80.57%", "2019-03-31": "81.55%", "2018-12-31": "83.03%", "2018-09-30": "84.45%", "2018-06-30": "85.47%", "2018-03-31": "86.68%", "2017-12-31": "87.59%", "2017-09-30": "87.97%", "2017-06-30": "88.93%", "2017-03-31": "89.41%", "2016-12-31": "89.36%", "2016-09-30": "88.95%", "2016-06-30": "88.79%", "2016-03-31": "88.69%", "2015-12-31": "88.72%", "2015-09-30": "89.23%", "2015-06-30": "89.12%", "2015-03-31": "88.83%", "2014-12-31": "88.71%", "2014-09-30": "88.47%", "2014-06-30": "88.08%", "2014-03-31": "87.89%", "2013-12-31": "87.46%", "2013-09-30": "86.47%", "2013-06-30": "85.52%", "2013-03-31": "84.41%", "2012-12-31": "83.27%", "2012-09-30": "83.41%", "2012-06-30": "83.61%", "2012-03-31": "81.26%", "2011-12-31": "81.21%", "2011-09-30": "79.99%", "2011-06-30": "79.38%", "2011-03-31": "81.68%", "2010-12-31": "82.13%", "2010-09-30": "82.34%", "2010-06-30": "81.47%", "2010-03-31": "80.94%", "2009-12-31": "79.52%", "2009-09-30": "76.85%", "2009-06-30": "73.90%", "2009-03-31": "70.59%", "2008-12-31": "64.35%", "2008-09-30": "60.29%", "2008-06-30": "57.59%", "2008-03-31": "55.63%", "2007-12-31": "55.84%", "2007-09-30": "58.99%", "2007-06-30": "60.32%", "2007-03-31": "60.94%", "2006-12-31": "62.33%", "2006-09-30": "62.80%", "2006-06-30": "64.22%", "2006-03-31": "65.75%", "2005-12-31": "67.21%"}, "operating margin": {"2020-12-31": "20.26%", "2020-09-30": "21.13%", "2020-06-30": "21.95%", "2020-03-31": "25.57%", "2019-12-31": "28.84%", "2019-09-30": "29.08%", "2019-06-30": "31.19%", "2019-03-31": "31.34%", "2018-12-31": "31.55%", "2018-09-30": "30.56%", "2018-06-30": "29.90%", "2018-03-31": "29.85%", "2017-12-31": "29.37%", "2017-09-30": "28.77%", "2017-06-30": "28.84%", "2017-03-31": "28.15%", "2016-12-31": "26.12%", "2016-09-30": "24.56%", "2016-06-30": "23.57%", "2016-03-31": "23.78%", "2015-12-31": "23.05%", "2015-09-30": "24.58%", "2015-06-30": "18.35%", "2015-03-31": "13.67%", "2014-12-31": "8.22%", "2014-09-30": "6.50%", "2014-06-30": "10.90%", "2014-03-31": "13.44%", "2013-12-31": "15.90%", "2013-09-30": "10.47%", "2013-06-30": "6.73%", "2013-03-31": "4.34%", "2012-12-31": "3.07%", "2012-09-30": "6.99%", "2012-06-30": "12.00%", "2012-03-31": "-1.70%", "2011-12-31": "0.35%", "2011-09-30": "-4.70%", "2011-06-30": "-16.42%", "2011-03-31": "-1.11%", "2010-12-31": "0.37%", "2010-09-30": "2.07%", "2010-06-30": "5.04%", "2010-03-31": "4.09%", "2009-12-31": "4.71%", "2009-09-30": "3.12%", "2009-06-30": "5.42%", "2009-03-31": "7.36%", "2008-12-31": "4.74%", "2008-09-30": "6.96%", "2008-06-30": "10.18%", "2008-03-31": "13.00%", "2007-12-31": "17.82%", "2007-09-30": "24.53%", "2007-06-30": "26.80%", "2007-03-31": "27.56%", "2006-12-31": "28.07%", "2006-09-30": "27.65%", "2006-06-30": "27.47%", "2006-03-31": "27.98%", "2005-12-31": "29.26%"}, "ebitda margin": {"2020-09-30": "0.00%", "2020-06-30": "0.00%", "2020-03-31": "0.00%", "2019-12-31": "0.00%", "2019-09-30": "0.00%", "2019-06-30": "0.00%", "2019-03-31": "0.00%", "2018-12-31": "0.00%", "2018-09-30": "0.00%", "2018-06-30": "0.00%", "2018-03-31": "0.00%", "2017-12-31": "0.00%", "2017-09-30": "0.00%", "2017-06-30": "0.00%", "2017-03-31": "0.00%", "2016-12-31": "0.00%", "2016-09-30": "0.00%", "2016-06-30": "0.00%", "2016-03-31": "0.00%", "2015-12-31": "0.00%", "2015-09-30": "0.00%", "2015-06-30": "0.00%", "2015-03-31": "0.00%", "2014-12-31": "0.00%", "2014-09-30": "0.00%", "2014-06-30": "0.00%", "2014-03-31": "0.00%", "2013-12-31": "0.00%", "2013-09-30": "0.00%", "2013-06-30": "0.00%", "2013-03-31": "0.00%", "2012-12-31": "0.00%", "2012-09-30": "0.00%", "2012-06-30": "0.00%", "2012-03-31": "0.00%", "2011-12-31": "0.00%", "2011-09-30": "0.00%", "2011-06-30": "0.00%", "2011-03-31": "0.00%", "2010-12-31": "0.00%", "2010-09-30": "0.00%", "2010-06-30": "0.00%", "2010-03-31": "0.00%", "2009-12-31": "0.00%", "2009-09-30": "0.00%", "2009-06-30": "0.00%", "2009-03-31": "0.00%", "2008-12-31": "0.00%", "2008-09-30": "0.00%", "2008-06-30": "0.00%", "2008-03-31": "0.00%", "2007-12-31": "0.00%", "2007-09-30": "0.00%", "2007-06-30": "0.00%", "2007-03-31": "0.00%", "2006-12-31": "0.00%", "2006-09-30": "0.00%", "2006-06-30": "0.00%", "2006-03-31": "0.00%", "2005-12-31": "0.00%"}, "pre tax profit margin": {"2020-12-31": "20.26%", "2020-09-30": "21.13%", "2020-06-30": "21.95%", "2020-03-31": "25.57%", "2019-12-31": "28.84%", "2019-09-30": "29.08%", "2019-06-30": "31.19%", "2019-03-31": "31.34%", "2018-12-31": "31.55%", "2018-09-30": "30.56%", "2018-06-30": "29.90%", "2018-03-31": "29.85%", "2017-12-31": "29.37%", "2017-09-30": "29.33%", "2017-06-30": "29.40%", "2017-03-31": "28.73%", "2016-12-31": "26.71%", "2016-09-30": "25.24%", "2016-06-30": "24.25%", "2016-03-31": "24.46%", "2015-12-31": "23.73%", "2015-09-30": "24.58%", "2015-06-30": "18.35%", "2015-03-31": "13.67%", "2014-12-31": "8.22%", "2014-09-30": "6.50%", "2014-06-30": "10.90%", "2014-03-31": "13.44%", "2013-12-31": "15.90%", "2013-09-30": "10.47%", "2013-06-30": "6.73%", "2013-03-31": "4.34%", "2012-12-31": "3.07%", "2012-09-30": "6.90%", "2012-06-30": "11.76%", "2012-03-31": "-2.10%", "2011-12-31": "-0.20%", "2011-09-30": "-5.50%", "2011-06-30": "-17.44%", "2011-03-31": "-2.28%", "2010-12-31": "-0.99%", "2010-09-30": "0.62%", "2010-06-30": "3.48%", "2010-03-31": "2.36%", "2009-12-31": "2.90%", "2009-09-30": "1.38%", "2009-06-30": "3.89%", "2009-03-31": "6.18%", "2008-12-31": "3.91%", "2008-09-30": "6.30%", "2008-06-30": "9.66%", "2008-03-31": "12.61%", "2007-12-31": "17.48%", "2007-09-30": "24.12%", "2007-06-30": "26.23%", "2007-03-31": "26.88%", "2006-12-31": "27.38%", "2006-09-30": "27.08%", "2006-06-30": "26.99%", "2006-03-31": "27.54%", "2005-12-31": "28.78%"}, "net profit margin": {"2020-12-31": "17.57%", "2020-09-30": "18.09%", "2020-06-30": "17.71%", "2020-03-31": "20.33%", "2019-12-31": "22.89%", "2019-09-30": "22.97%", "2019-06-30": "24.41%", "2019-03-31": "24.28%", "2018-12-31": "24.35%", "2018-09-30": "20.73%", "2018-06-30": "19.49%", "2018-03-31": "18.01%", "2017-12-31": "16.71%", "2017-09-30": "19.02%", "2017-06-30": "18.75%", "2017-03-31": "18.86%", "2016-12-31": "17.23%", "2016-09-30": "15.70%", "2016-06-30": "15.50%", "2016-03-31": "15.77%", "2015-12-31": "15.43%", "2015-09-30": "16.02%", "2015-06-30": "11.05%", "2015-03-31": "8.12%", "2014-12-31": "4.62%", "2014-09-30": "4.30%", "2014-06-30": "6.98%", "2014-03-31": "8.42%", "2013-12-31": "9.91%", "2013-09-30": "7.30%", "2013-06-30": "5.05%", "2013-03-31": "3.55%", "2012-12-31": "2.76%", "2012-09-30": "3.74%", "2012-06-30": "8.49%", "2012-03-31": "-1.20%", "2011-12-31": "0.07%", "2011-09-30": "-2.70%", "2011-06-30": "-14.75%", "2011-03-31": "-3.66%", "2010-12-31": "-2.68%", "2010-09-30": "-5.30%", "2010-06-30": "-1.35%", "2010-03-31": "-1.53%", "2009-12-31": "-1.46%", "2009-09-30": "0.37%", "2009-06-30": "2.47%", "2009-03-31": "3.30%", "2008-12-31": "2.20%", "2008-09-30": "4.35%", "2008-06-30": "6.93%", "2008-03-31": "8.89%", "2007-12-31": "12.27%", "2007-09-30": "16.12%", "2007-06-30": "17.44%", "2007-03-31": "17.76%", "2006-12-31": "18.08%", "2006-09-30": "17.96%", "2006-06-30": "17.93%", "2006-03-31": "18.47%", "2005-12-31": "19.33%"}, "pe ratio": {"current": "17.31", "2021-02-05": "25.29", "2020-12-31": "23.68", "2020-09-30": "11.85", "2020-06-30": "11.32", "2020-03-31": "8.53", "2019-12-31": "12.52", "2019-09-30": "10.46", "2019-06-30": "9.97", "2019-03-31": "9.82", "2018-12-31": "8.99", "2018-09-30": "13.22", "2018-06-30": "13.76", "2018-03-31": "15.99", "2017-12-31": "17.80", "2017-09-30": "13.48", "2017-06-30": "13.38", "2017-03-31": "13.78", "2016-12-31": "14.74", "2016-09-30": "11.39", "2016-06-30": "9.93", "2016-03-31": "9.39", "2015-12-31": "11.14", "2015-09-30": "10.51", "2015-06-30": "15.98", "2015-03-31": "19.75", "2014-12-31": "42.16", "2014-09-30": "36.25", "2014-06-30": "21.72", "2014-03-31": "20.13", "2013-12-31": "13.71", "2013-09-30": "16.35", "2013-06-30": "20.76", "2013-03-31": "25.73", "2012-12-31": "41.17", "2012-09-30": "21.14", "2012-06-30": "7.62", "2012-03-31": "0.00", "2011-12-31": "0.00", "2011-09-30": "0.00", "2011-06-30": "0.00", "2011-03-31": "0.00", "2010-12-31": "0.00", "2010-09-30": "0.00", "2010-06-30": "0.00", "2010-03-31": "0.00", "2009-12-31": "0.00", "2009-09-30": "493.51", "2009-06-30": "26.23", "2009-03-31": "7.18", "2008-12-31": "19.79", "2008-09-30": "25.96", "2008-06-30": "10.98", "2008-03-31": "13.07", "2007-12-31": "10.06", "2007-09-30": "9.05", "2007-06-30": "8.03", "2007-03-31": "8.45", "2006-12-31": "8.92"}, "price sales": {"2021-02-05": "3.04", "2020-12-31": "2.85", "2020-09-30": "2.16", "2020-06-30": "2.01", "2020-03-31": "1.74", "2019-12-31": "2.88", "2019-09-30": "2.40", "2019-06-30": "2.44", "2019-03-31": "2.40", "2018-12-31": "2.20", "2018-09-30": "2.77", "2018-06-30": "2.74", "2018-03-31": "2.97", "2017-12-31": "3.00", "2017-09-30": "2.60", "2017-06-30": "2.52", "2017-03-31": "2.52", "2016-12-31": "2.40", "2016-09-30": "1.71", "2016-06-30": "1.46", "2016-03-31": "1.47", "2015-12-31": "1.83", "2015-09-30": "1.65", "2015-06-30": "1.76", "2015-03-31": "1.59", "2014-12-31": "1.77", "2014-09-30": "1.69", "2014-06-30": "1.54", "2014-03-31": "1.71", "2013-12-31": "1.55", "2013-09-30": "1.39", "2013-06-30": "1.27", "2013-03-31": "1.20", "2012-12-31": "1.13", "2012-09-30": "0.79", "2012-06-30": "0.66", "2012-03-31": "0.80", "2011-12-31": "0.44", "2011-09-30": "0.48", "2011-06-30": "0.86", "2011-03-31": "0.91", "2010-12-31": "0.87", "2010-09-30": "0.79", "2010-06-30": "0.83", "2010-03-31": "0.90", "2009-12-31": "0.64", "2009-09-30": "0.68", "2009-06-30": "0.47", "2009-03-31": "0.23", "2008-12-31": "0.49", "2008-09-30": "1.15", "2008-06-30": "0.77", "2008-03-31": "1.18", "2007-12-31": "1.25", "2007-09-30": "1.47", "2007-06-30": "1.41", "2007-03-31": "1.51", "2006-12-31": "1.62"}, "price book": {"current": "1.13", "2021-02-05": "1.04", "2020-09-30": "0.77", "2020-06-30": "0.76", "2020-03-31": "0.68", "2019-12-31": "1.14", "2019-09-30": "0.96", "2019-06-30": "0.96", "2019-03-31": "0.95", "2018-12-31": "0.86", "2018-09-30": "1.05", "2018-06-30": "1.01", "2018-03-31": "1.08", "2017-12-31": "1.06", "2017-09-30": "0.91", "2017-06-30": "0.82", "2017-03-31": "0.81", "2016-12-31": "0.77", "2016-09-30": "0.54", "2016-06-30": "0.46", "2016-03-31": "0.48", "2015-12-31": "0.62", "2015-09-30": "0.57", "2015-06-30": "0.64", "2015-03-31": "0.58", "2014-12-31": "0.69", "2014-09-30": "0.67", "2014-06-30": "0.61", "2014-03-31": "0.69", "2013-12-31": "0.63", "2013-09-30": "0.56", "2013-06-30": "0.53", "2013-03-31": "0.49", "2012-12-31": "0.47", "2012-09-30": "0.35", "2012-06-30": "0.33", "2012-03-31": "0.39", "2011-12-31": "0.22", "2011-09-30": "0.24", "2011-06-30": "0.44", "2011-03-31": "0.51", "2010-12-31": "0.52", "2010-09-30": "0.50", "2010-06-30": "0.54", "2010-03-31": "0.68", "2009-12-31": "0.49", "2009-09-30": "0.50", "2009-06-30": "0.39", "2009-03-31": "0.16", "2008-12-31": "0.35", "2008-09-30": "0.85", "2008-06-30": "0.55", "2008-03-31": "0.89", "2007-12-31": "1.01", "2007-09-30": "1.28", "2007-06-30": "1.26", "2007-03-31": "1.30", "2006-12-31": "1.35", "2006-09-30": "1.37", "2006-06-30": "1.28", "2006-03-31": "1.20"}, "price fcf": {"2021-02-05": "", "2020-09-30": "$4.37", "2020-06-30": "$7.50", "2020-03-31": "$7.15", "2019-12-31": "$6.54", "2019-09-30": "$-1.11", "2019-06-30": "$1.45", "2019-03-31": "$1.55", "2018-12-31": "$3.86", "2018-09-30": "$4.59", "2018-06-30": "$4.51", "2018-03-31": "$5.96", "2017-12-31": "$0.92", "2017-09-30": "$0.71", "2017-06-30": "$-1.11", "2017-03-31": "$-0.61", "2016-12-31": "$1.56", "2016-09-30": "$2.93", "2016-06-30": "$5.17", "2016-03-31": "$3.49", "2015-12-31": "$2.53", "2015-09-30": "$2.11", "2015-06-30": "$0.23", "2015-03-31": "$0.80", "2014-12-31": "$2.91", "2014-09-30": "$3.90", "2014-06-30": "$4.19", "2014-03-31": "$7.83", "2013-12-31": "$8.08", "2013-09-30": "$4.61", "2013-06-30": "$4.69", "2013-03-31": "$2.34", "2012-12-31": "$-1.48", "2012-09-30": "$3.34", "2012-06-30": "$1.25", "2012-03-31": "$4.80", "2011-12-31": "$6.16", "2011-09-30": "$4.36", "2011-06-30": "$9.45", "2011-03-31": "$5.87", "2010-12-31": "$8.33", "2010-09-30": "$13.07", "2010-06-30": "$10.29", "2010-03-31": "$10.37", "2009-12-31": "$16.50", "2009-09-30": "$5.02", "2009-06-30": "$8.27", "2009-03-31": "$9.86", "2008-12-31": "$0.42", "2008-09-30": "$9.10", "2008-06-30": "$5.06", "2008-03-31": "$5.48", "2007-12-31": "$1.99", "2007-09-30": "$1.90", "2007-06-30": "$0.06", "2007-03-31": "$-3.30", "2006-12-31": "$2.99"}, "net worth": {"value": "$280.03B"}, "current ratio": {"2020-12-31": "0.84", "2020-09-30": "0.87", "2020-06-30": "0.93", "2020-03-31": "0.92", "2019-12-31": "0.91", "2019-09-30": "0.92", "2019-06-30": "0.92", "2019-03-31": "0.92", "2018-12-31": "0.92", "2018-09-30": "0.91", "2018-06-30": "0.91", "2018-03-31": "0.92", "2017-12-31": "0.91", "2017-09-30": "0.91", "2017-06-30": "0.91", "2017-03-31": "0.91", "2016-12-31": "0.90", "2016-09-30": "0.92", "2016-06-30": "0.93", "2016-03-31": "0.93", "2015-12-31": "0.92", "2015-09-30": "0.94", "2015-06-30": "0.94", "2015-03-31": "0.94", "2014-12-31": "0.94", "2014-09-30": "0.94", "2014-06-30": "0.95", "2014-03-31": "0.95", "2013-12-31": "0.96", "2013-09-30": "0.97", "2013-06-30": "0.96", "2013-03-31": "0.95", "2012-12-31": "0.94", "2012-09-30": "0.95", "2012-06-30": "0.97", "2012-03-31": "1.00", "2011-12-31": "1.02", "2011-09-30": "1.00", "2011-06-30": "1.02", "2011-03-31": "1.02", "2010-12-31": "1.02", "2010-09-30": "1.04", "2010-06-30": "1.05", "2010-03-31": "1.04", "2009-12-31": "1.00", "2009-09-30": "1.00", "2009-06-30": "1.01", "2009-03-31": "0.99", "2008-12-31": "0.92", "2008-09-30": "0.91", "2008-06-30": "0.89", "2008-03-31": "0.89", "2007-12-31": "0.92", "2007-09-30": "0.92", "2007-06-30": "0.92", "2007-03-31": "0.90", "2006-12-31": "0.89", "2006-09-30": "0.84", "2006-06-30": "0.84", "2006-03-31": "0.82", "2005-12-31": "0.84", "2005-09-30": "0.82", "2005-06-30": "0.81", "2005-03-31": "0.83"}, "quick ratio": {"2020-12-31": "0.00", "2020-09-30": "0.00", "2020-06-30": "0.00", "2020-03-31": "0.00", "2019-12-31": "0.00", "2019-09-30": "0.00", "2019-06-30": "0.00", "2019-03-31": "0.00", "2018-12-31": "0.00", "2018-09-30": "0.00", "2018-06-30": "0.00", "2018-03-31": "0.00", "2017-12-31": "0.00", "2017-09-30": "0.00", "2017-06-30": "0.00", "2017-03-31": "0.00", "2016-12-31": "0.00", "2016-09-30": "0.00", "2016-06-30": "0.00", "2016-03-31": "0.00", "2015-12-31": "0.00", "2015-09-30": "0.00", "2015-06-30": "0.00", "2015-03-31": "0.00", "2014-12-31": "0.00", "2014-09-30": "0.00", "2014-06-30": "0.00", "2014-03-31": "0.00", "2013-12-31": "0.00", "2013-09-30": "0.00", "2013-06-30": "0.00", "2013-03-31": "0.00", "2012-12-31": "0.00", "2012-09-30": "0.00", "2012-06-30": "0.00", "2012-03-31": "0.00", "2011-12-31": "0.00", "2011-09-30": "0.00", "2011-06-30": "0.00", "2011-03-31": "0.00", "2010-12-31": "0.00", "2010-09-30": "0.00", "2010-06-30": "0.00", "2010-03-31": "0.00", "2009-12-31": "0.00", "2009-09-30": "0.00", "2009-06-30": "0.00", "2009-03-31": "0.00", "2008-12-31": "0.00", "2008-09-30": "0.00", "2008-06-30": "0.00", "2008-03-31": "0.00", "2007-12-31": "0.00", "2007-09-30": "0.00", "2007-06-30": "0.00", "2007-03-31": "0.00", "2006-12-31": "0.00", "2006-09-30": "0.00", "2006-06-30": "0.00", "2006-03-31": "0.00", "2005-12-31": "0.00", "2005-09-30": "0.00", "2005-06-30": "0.00", "2005-03-31": "0.00"}, "debt equity ratio": {"current": "1.06", "2020-12-31": "9.33", "2020-09-30": "9.19", "2020-06-30": "9.32", "2020-03-31": "8.89", "2019-12-31": "8.19", "2019-09-30": "8.04", "2019-06-30": "7.83", "2019-03-31": "7.90", "2018-12-31": "7.87", "2018-09-30": "7.92", "2018-06-30": "7.67", "2018-03-31": "7.75", "2017-12-31": "7.54", "2017-09-30": "7.38", "2017-06-30": "7.32", "2017-03-31": "7.38", "2016-12-31": "7.22", "2016-09-30": "7.13", "2016-06-30": "7.19", "2016-03-31": "7.32", "2015-12-31": "7.37", "2015-09-30": "7.41", "2015-06-30": "7.54", "2015-03-31": "7.57", "2014-12-31": "7.64", "2014-09-30": "7.90", "2014-06-30": "8.14", "2014-03-31": "8.27", "2013-12-31": "8.04", "2013-09-30": "8.16", "2013-06-30": "8.19", "2013-03-31": "8.17", "2012-12-31": "8.33", "2012-09-30": "8.08", "2012-06-30": "8.16", "2012-03-31": "8.38", "2011-12-31": "8.25", "2011-09-30": "8.64", "2011-06-30": "9.18", "2011-03-31": "8.85", "2010-12-31": "8.92", "2010-09-30": "9.15", "2010-06-30": "9.14", "2010-03-31": "9.18", "2009-12-31": "8.64", "2009-09-30": "7.74", "2009-06-30": "7.84", "2009-03-31": "8.69", "2008-12-31": "9.27", "2008-09-30": "10.37", "2008-06-30": "9.55", "2008-03-31": "10.11", "2007-12-31": "10.69", "2007-09-30": "10.40", "2007-06-30": "10.30", "2007-03-31": "10.14", "2006-12-31": "9.79", "2006-09-30": "9.85", "2006-06-30": "10.31", "2006-03-31": "9.62", "2005-12-31": "11.72", "2005-09-30": "11.37", "2005-06-30": "11.40", "2005-03-31": "11.31"}, "return on equity": {"2020-12-31": "6.14%", "2020-09-30": "6.77%", "2020-06-30": "7.09%", "2020-03-31": "8.48%", "2019-12-31": "9.70%", "2019-09-30": "9.81%", "2019-06-30": "10.40%", "2019-03-31": "10.23%", "2018-12-31": "10.09%", "2018-09-30": "8.20%", "2018-06-30": "7.47%", "2018-03-31": "6.79%", "2017-12-31": "6.16%", "2017-09-30": "6.97%", "2017-06-30": "6.80%", "2017-03-31": "6.70%", "2016-12-31": "6.06%", "2016-09-30": "5.54%", "2016-06-30": "5.51%", "2016-03-31": "5.74%", "2015-12-31": "5.69%", "2015-09-30": "6.04%", "2015-06-30": "4.26%", "2015-03-31": "3.18%", "2014-12-31": "1.88%", "2014-09-30": "1.80%", "2014-06-30": "2.96%", "2014-03-31": "3.65%", "2013-12-31": "4.32%", "2013-09-30": "3.10%", "2013-06-30": "2.13%", "2013-03-31": "1.49%", "2012-12-31": "1.17%", "2012-09-30": "1.72%", "2012-06-30": "4.27%", "2012-03-31": "-0.57%", "2011-12-31": "0.04%", "2011-09-30": "-1.35%", "2011-06-30": "-7.27%", "2011-03-31": "-2.04%", "2010-12-31": "-1.56%", "2010-09-30": "-3.14%", "2010-06-30": "-0.78%", "2010-03-31": "-0.90%", "2009-12-31": "-0.90%", "2009-09-30": "0.23%", "2009-06-30": "1.67%", "2009-03-31": "2.31%", "2008-12-31": "1.51%", "2008-09-30": "3.23%", "2008-06-30": "5.30%", "2008-03-31": "7.28%", "2007-12-31": "10.57%", "2007-09-30": "14.57%", "2007-06-30": "16.01%", "2007-03-31": "16.06%", "2006-12-31": "16.05%", "2006-09-30": "15.79%", "2006-06-30": "15.53%", "2006-03-31": "15.75%", "2005-12-31": "16.37%"}, "return on assets": {"2020-12-31": "0.60%", "2020-09-30": "0.68%", "2020-06-30": "0.74%", "2020-03-31": "0.92%", "2019-12-31": "1.08%", "2019-09-30": "1.10%", "2019-06-30": "1.17%", "2019-03-31": "1.16%", "2018-12-31": "1.15%", "2018-09-30": "0.94%", "2018-06-30": "0.87%", "2018-03-31": "0.80%", "2017-12-31": "0.73%", "2017-09-30": "0.84%", "2017-06-30": "0.82%", "2017-03-31": "0.81%", "2016-12-31": "0.74%", "2016-09-30": "0.67%", "2016-06-30": "0.66%", "2016-03-31": "0.68%", "2015-12-31": "0.67%", "2015-09-30": "0.71%", "2015-06-30": "0.49%", "2015-03-31": "0.36%", "2014-12-31": "0.21%", "2014-09-30": "0.20%", "2014-06-30": "0.32%", "2014-03-31": "0.40%", "2013-12-31": "0.47%", "2013-09-30": "0.34%", "2013-06-30": "0.23%", "2013-03-31": "0.16%", "2012-12-31": "0.13%", "2012-09-30": "0.19%", "2012-06-30": "0.46%", "2012-03-31": "-0.06%", "2011-12-31": "0.00%", "2011-09-30": "-0.14%", "2011-06-30": "-0.73%", "2011-03-31": "-0.20%", "2010-12-31": "-0.15%", "2010-09-30": "-0.31%", "2010-06-30": "-0.08%", "2010-03-31": "-0.10%", "2009-12-31": "-0.10%", "2009-09-30": "0.02%", "2009-06-30": "0.17%", "2009-03-31": "0.22%", "2008-12-31": "0.14%", "2008-09-30": "0.29%", "2008-06-30": "0.47%", "2008-03-31": "0.64%", "2007-12-31": "0.93%", "2007-09-30": "1.31%", "2007-06-30": "1.45%", "2007-03-31": "1.46%", "2006-12-31": "1.47%", "2006-09-30": "1.40%", "2006-06-30": "1.33%", "2006-03-31": "1.32%", "2005-12-31": "1.32%"}, "return on investments": {"2020-12-31": "3.60%", "2020-09-30": "4.05%", "2020-06-30": "4.52%", "2020-03-31": "5.57%", "2019-12-31": "6.46%", "2019-09-30": "6.60%", "2019-06-30": "7.08%", "2019-03-31": "7.05%", "2018-12-31": "6.99%", "2018-09-30": "6.47%", "2018-06-30": "6.18%", "2018-03-31": "6.09%", "2017-12-31": "5.90%", "2017-09-30": "5.77%", "2017-06-30": "5.73%", "2017-03-31": "5.46%", "2016-12-31": "4.97%", "2016-09-30": "4.62%", "2016-06-30": "4.41%", "2016-03-31": "4.49%", "2015-12-31": "4.38%", "2015-09-30": "4.73%", "2015-06-30": "3.55%", "2015-03-31": "2.65%", "2014-12-31": "1.63%", "2014-09-30": "1.31%", "2014-06-30": "2.21%", "2014-03-31": "2.77%", "2013-12-31": "3.27%", "2013-09-30": "2.07%", "2013-06-30": "1.31%", "2013-03-31": "0.83%", "2012-12-31": "0.57%", "2012-09-30": "1.33%", "2012-06-30": "2.38%", "2012-03-31": "-0.30%", "2011-12-31": "0.06%", "2011-09-30": "-0.82%", "2011-06-30": "-2.73%", "2011-03-31": "-0.21%", "2010-12-31": "0.07%", "2010-09-30": "0.40%", "2010-06-30": "0.98%", "2010-03-31": "0.83%", "2009-12-31": "1.02%", "2009-09-30": "0.70%", "2009-06-30": "1.36%", "2009-03-31": "1.99%", "2008-12-31": "1.35%", "2008-09-30": "2.17%", "2008-06-30": "3.37%", "2008-03-31": "4.61%", "2007-12-31": "6.77%", "2007-09-30": "10.08%", "2007-06-30": "11.58%", "2007-03-31": "12.08%", "2006-12-31": "12.34%", "2006-09-30": "12.18%", "2006-06-30": "11.99%", "2006-03-31": "12.10%", "2005-12-31": "12.47%"}, "return on tangible equity": {"2020-09-30": "9.14%", "2020-06-30": "9.57%", "2020-03-31": "11.42%", "2019-12-31": "13.07%", "2019-09-30": "13.21%", "2019-06-30": "14.03%", "2019-03-31": "13.83%", "2018-12-31": "13.65%", "2018-09-30": "11.09%", "2018-06-30": "10.13%", "2018-03-31": "9.24%", "2017-12-31": "8.44%", "2017-09-30": "9.59%", "2017-06-30": "9.38%", "2017-03-31": "9.27%", "2016-12-31": "8.41%", "2016-09-30": "7.77%", "2016-06-30": "7.78%", "2016-03-31": "8.19%", "2015-12-31": "8.18%", "2015-09-30": "8.75%", "2015-06-30": "6.23%", "2015-03-31": "4.70%", "2014-12-31": "2.82%", "2014-09-30": "2.72%", "2014-06-30": "4.51%", "2014-03-31": "5.59%", "2013-12-31": "6.63%", "2013-09-30": "4.76%", "2013-06-30": "3.26%", "2013-03-31": "2.29%", "2012-12-31": "1.81%", "2012-09-30": "2.68%", "2012-06-30": "6.75%", "2012-03-31": "-0.93%", "2011-12-31": "0.06%", "2011-09-30": "-2.30%", "2011-06-30": "-12.69%", "2011-03-31": "-3.66%", "2010-12-31": "-2.90%", "2010-09-30": "-6.06%", "2010-06-30": "-1.52%", "2010-03-31": "-1.73%", "2009-12-31": "-1.71%", "2009-09-30": "0.45%", "2009-06-30": "3.62%", "2009-03-31": "5.39%", "2008-12-31": "3.85%", "2008-09-30": "8.41%", "2008-06-30": "12.83%", "2008-03-31": "17.77%", "2007-12-31": "25.76%", "2007-09-30": "34.54%", "2007-06-30": "38.12%", "2007-03-31": "39.33%", "2006-12-31": "40.28%", "2006-09-30": "38.36%", "2006-06-30": "36.15%", "2006-03-31": "34.30%", "2005-12-31": "33.54%"}, "dividend yield history": {"last payout": "$0.72", "last yield": "2.22%"}}