{"ticker": "BOH", "price": {"title": "Bank Of Hawaii Historical Annual Stock Price Data", "value": 81.61, "historical": {"2021": {"Average Stock Price": "81.4617", "Year Open": "77.3600", "Year High": "84.5100", "Year Low": "77.0600", "Year Close": "81.6100", "Annual % Change": "6.51%"}, "2020": {"Average Stock Price": "66.5007", "Year Open": "94.3700", "Year High": "94.3700", "Year Low": "47.3700", "Year Close": "76.6200", "Annual % Change": "-19.48%"}, "2019": {"Average Stock Price": "82.7916", "Year Open": "68.4100", "Year High": "95.2800", "Year Low": "68.4100", "Year Close": "95.1600", "Annual % Change": "41.35%"}, "2018": {"Average Stock Price": "82.1126", "Year Open": "85.8200", "Year High": "88.6200", "Year Low": "63.9200", "Year Close": "67.3200", "Annual % Change": "-21.45%"}, "2017": {"Average Stock Price": "82.4947", "Year Open": "88.6900", "Year High": "90.3600", "Year Low": "75.0000", "Year Close": "85.7000", "Annual % Change": "-3.37%"}, "2016": {"Average Stock Price": "70.7917", "Year Open": "61.8100", "Year High": "89.3100", "Year Low": "55.2600", "Year Close": "88.6900", "Annual % Change": "41.00%"}, "2015": {"Average Stock Price": "63.2369", "Year Open": "58.5400", "Year High": "69.2200", "Year Low": "54.5300", "Year Close": "62.9000", "Annual % Change": "6.05%"}, "2014": {"Average Stock Price": "57.7241", "Year Open": "58.0100", "Year High": "61.5200", "Year Low": "53.5300", "Year Close": "59.3100", "Annual % Change": "0.29%"}, "2013": {"Average Stock Price": "52.3343", "Year Open": "45.6600", "Year High": "59.6700", "Year Low": "45.6600", "Year Close": "59.1400", "Annual % Change": "34.26%"}, "2012": {"Average Stock Price": "46.1578", "Year Open": "45.0800", "Year High": "49.6000", "Year Low": "42.0400", "Year Close": "44.0500", "Annual % Change": "-0.99%"}, "2011": {"Average Stock Price": "44.2325", "Year Open": "47.8400", "Year High": "49.1100", "Year Low": "35.0300", "Year Close": "44.4900", "Annual % Change": "-5.76%"}, "2010": {"Average Stock Price": "46.8268", "Year Open": "47.0600", "Year High": "53.5300", "Year Low": "42.2100", "Year Close": "47.2100", "Annual % Change": "0.32%"}, "2009": {"Average Stock Price": "38.7097", "Year Open": "44.7900", "Year High": "47.9200", "Year Low": "25.7000", "Year Close": "47.0600", "Annual % Change": "4.18%"}, "2008": {"Average Stock Price": "49.4279", "Year Open": "49.8900", "Year High": "65.7660", "Year Low": "37.3600", "Year Close": "45.1700", "Annual % Change": "-11.67%"}, "2007": {"Average Stock Price": "52.0085", "Year Open": "54.3100", "Year High": "54.8500", "Year Low": "46.7800", "Year Close": "51.1400", "Annual % Change": "-5.21%"}, "2006": {"Average Stock Price": "51.3375", "Year Open": "52.4000", "Year High": "54.8700", "Year Low": "47.3300", "Year Close": "53.9500", "Annual % Change": "4.68%"}, "2005": {"Average Stock Price": "49.2832", "Year Open": "50.1000", "Year High": "54.1400", "Year Low": "44.0500", "Year Close": "51.5400", "Annual % Change": "1.58%"}, "2004": {"Average Stock Price": "45.9651", "Year Open": "42.3200", "Year High": "50.9500", "Year Low": "41.7000", "Year Close": "50.7400", "Annual % Change": "20.24%"}, "2003": {"Average Stock Price": "34.3123", "Year Open": "30.7800", "Year High": "42.7200", "Year Low": "29.4300", "Year Close": "42.2000", "Annual % Change": "38.86%"}, "2002": {"Average Stock Price": "27.9093", "Year Open": "25.5600", "Year High": "30.7500", "Year Low": "23.8800", "Year Close": "30.3900", "Annual % Change": "17.38%"}, "2001": {"Average Stock Price": "22.9764", "Year Open": "16.9400", "Year High": "27.8800", "Year Low": "16.9400", "Year Close": "25.8900", "Annual % Change": "46.35%"}, "2000": {"Average Stock Price": "16.6703", "Year Open": "17.8100", "Year High": "22.9400", "Year Low": "11.2500", "Year Close": "17.6900", "Annual % Change": "-5.35%"}, "1999": {"Average Stock Price": "20.9360", "Year Open": "23.9400", "Year High": "24.6900", "Year Low": "17.3800", "Year Close": "18.6900", "Annual % Change": "-23.34%"}, "1998": {"Average Stock Price": "21.6748", "Year Open": "24.9400", "Year High": "25.4400", "Year Low": "14.7500", "Year Close": "24.3800", "Annual % Change": "-1.49%"}, "1997": {"Average Stock Price": "23.7917", "Year Open": "20.7500", "Year High": "28.0000", "Year Low": "20.3750", "Year Close": "24.7500", "Annual % Change": "17.86%"}, "1996": {"Average Stock Price": "18.5709", "Year Open": "17.8100", "Year High": "21.8750", "Year Low": "16.6250", "Year Close": "21.0000", "Annual % Change": "17.06%"}, "1995": {"Average Stock Price": "15.4835", "Year Open": "12.6900", "Year High": "18.5650", "Year Low": "12.5650", "Year Close": "17.9400", "Annual % Change": "41.37%"}, "1994": {"Average Stock Price": "15.1191", "Year Open": "13.5833", "Year High": "17.2500", "Year Low": "12.3150", "Year Close": "12.6900", "Annual % Change": "-7.15%"}, "1993": {"Average Stock Price": "15.0199", "Year Open": "14.6667", "Year High": "17.8333", "Year Low": "13.3733", "Year Close": "13.6667", "Annual % Change": "-6.82%"}, "1992": {"Average Stock Price": "15.2543", "Year Open": "15.3333", "Year High": "17.2500", "Year Low": "13.5833", "Year Close": "14.6667", "Annual % Change": "-2.22%"}, "1991": {"Average Stock Price": "13.4110", "Year Open": "9.5556", "Year High": "15.7500", "Year Low": "9.5556", "Year Close": "15.0000", "Annual % Change": "56.07%"}, "1990": {"Average Stock Price": "10.2100", "Year Open": "12.1667", "Year High": "13.1111", "Year Low": "7.2778", "Year Close": "9.6111", "Annual % Change": "-20.28%"}, "1989": {"Average Stock Price": "11.4214", "Year Open": "8.6667", "Year High": "13.8889", "Year Low": "8.6111", "Year Close": "12.0556", "Annual % Change": "40.00%"}, "1988": {"Average Stock Price": "8.1369", "Year Open": "6.9630", "Year High": "9.3511", "Year Low": "6.9630", "Year Close": "8.6111", "Annual % Change": "24.33%"}, "1987": {"Average Stock Price": "7.9807", "Year Open": "7.5733", "Year High": "8.8148", "Year Low": "6.2222", "Year Close": "6.9259", "Annual % Change": "-6.50%"}, "1986": {"Average Stock Price": "7.0264", "Year Open": "5.2593", "Year High": "8.2400", "Year Low": "5.2593", "Year Close": "7.4074", "Annual % Change": "40.84%"}, "1985": {"Average Stock Price": "4.6748", "Year Open": "3.9630", "Year High": "5.6104", "Year Low": "3.8148", "Year Close": "5.2593", "Annual % Change": "35.24%"}}}, "market cap": {"value": "$3.27B"}, "income statement": {"Revenue": {"2020-12-31": "730.83300", "2019-12-31": "770.73500", "2018-12-31": "719.09590", "2017-12-31": "689.21100", "2016-12-31": "655.24300", "2015-12-31": "618.32900", "2014-12-31": "597.65000", "2013-12-31": "584.72800", "2012-12-31": "620.77500", "2011-12-31": "637.34800", "2010-12-31": "720.50900", "2009-12-31": "765.60210", "2008-12-31": "808.21400", "2007-12-31": "842.36200", "2006-12-31": "788.84800", "2005-12-31": "715.75600"}, "Cost Of Goods Sold": {"2020-12-31": "50.10200", "2019-12-31": "89.68200", "2018-12-31": "63.82100", "2017-12-31": "46.55600", "2016-12-31": "40.32100", "2015-12-31": "38.02300", "2014-12-31": "37.97700", "2013-12-31": "39.59800", "2012-12-31": "43.21800", "2011-12-31": "49.48500", "2010-12-31": "58.77100", "2009-12-31": "85.46000", "2008-12-31": "131.32400", "2007-12-31": "206.85700", "2006-12-31": "170.05900", "2005-12-31": "99.32900"}, "Gross Profit": {"2020-12-31": "680.73100", "2019-12-31": "681.05300", "2018-12-31": "655.27500", "2017-12-31": "642.65500", "2016-12-31": "614.92200", "2015-12-31": "580.30600", "2014-12-31": "559.67300", "2013-12-31": "545.13000", "2012-12-31": "577.55700", "2011-12-31": "587.86300", "2010-12-31": "661.73800", "2009-12-31": "680.14200", "2008-12-31": "676.89000", "2007-12-31": "635.50500", "2006-12-31": "618.78900", "2005-12-31": "616.42700"}, "Research And Development Expenses": {"2020-12-31": "", "2019-12-31": "", "2018-12-31": "", "2017-12-31": "", "2016-12-31": "", "2015-12-31": "", "2014-12-31": "", "2013-12-31": "", "2012-12-31": "", "2011-12-31": "", "2010-12-31": "", "2009-12-31": "", "2008-12-31": "", "2007-12-31": "", "2006-12-31": "", "2005-12-31": ""}, "SG&A Expenses": {"2020-12-31": "491.60700", "2019-12-31": "395.22700", "2018-12-31": "385.04900", "2017-12-31": "374.59100", "2016-12-31": "355.32800", "2015-12-31": "349.10400", "2014-12-31": "322.03500", "2013-12-31": "330.96900", "2012-12-31": "335.26700", "2011-12-31": "360.88300", "2010-12-31": "401.52300", "2009-12-31": "457.90200", "2008-12-31": "407.28900", "2007-12-31": "350.91400", "2006-12-31": "331.72000", "2005-12-31": "332.23000"}, "Other Operating Income Or Expenses": {"2020-12-31": "", "2019-12-31": "", "2018-12-31": "", "2017-12-31": "", "2016-12-31": "", "2015-12-31": "", "2014-12-31": "", "2013-12-31": "", "2012-12-31": "", "2011-12-31": "", "2010-12-31": "", "2009-12-31": "", "2008-12-31": "", "2007-12-31": "", "2006-12-31": "", "2005-12-31": ""}, "Operating Expenses": {"2020-12-31": "541.70900", "2019-12-31": "484.90900", "2018-12-31": "448.87000", "2017-12-31": "421.14700", "2016-12-31": "395.64900", "2015-12-31": "387.12700", "2014-12-31": "360.01200", "2013-12-31": "370.56700", "2012-12-31": "378.48500", "2011-12-31": "410.36800", "2010-12-31": "460.29400", "2009-12-31": "543.36200", "2008-12-31": "538.61300", "2007-12-31": "557.77100", "2006-12-31": "501.77900", "2005-12-31": "431.55900"}, "Operating Income": {"2020-12-31": "189.12400", "2019-12-31": "285.82600", "2018-12-31": "270.22600", "2017-12-31": "268.06400", "2016-12-31": "259.59400", "2015-12-31": "231.20200", "2014-12-31": "237.63800", "2013-12-31": "214.16100", "2012-12-31": "242.29000", "2011-12-31": "226.98000", "2010-12-31": "260.21500", "2009-12-31": "222.24010", "2008-12-31": "269.60100", "2007-12-31": "284.59100", "2006-12-31": "287.06900", "2005-12-31": "284.19700"}, "Total Non-Operating Income/Expense": {"2020-12-31": "", "2019-12-31": "", "2018-12-31": "", "2017-12-31": "", "2016-12-31": "", "2015-12-31": "", "2014-12-31": "", "2013-12-31": "", "2012-12-31": "", "2011-12-31": "", "2010-12-31": "", "2009-12-31": "", "2008-12-31": "", "2007-12-31": "", "2006-12-31": "", "2005-12-31": ""}, "Pre-Tax Income": {"2020-12-31": "189.12400", "2019-12-31": "285.82600", "2018-12-31": "270.22600", "2017-12-31": "268.06400", "2016-12-31": "259.59400", "2015-12-31": "231.20200", "2014-12-31": "237.63800", "2013-12-31": "214.16100", "2012-12-31": "242.29000", "2011-12-31": "226.98000", "2010-12-31": "260.21500", "2009-12-31": "222.24000", "2008-12-31": "269.60100", "2007-12-31": "284.59100", "2006-12-31": "287.06900", "2005-12-31": "284.19700"}, "Income Taxes": {"2020-12-31": "35.32000", "2019-12-31": "59.91300", "2018-12-31": "50.62400", "2017-12-31": "83.39200", "2016-12-31": "78.13300", "2015-12-31": "70.49800", "2014-12-31": "74.59600", "2013-12-31": "63.65900", "2012-12-31": "76.21400", "2011-12-31": "66.93700", "2010-12-31": "76.27300", "2009-12-31": "78.20700", "2008-12-31": "77.38800", "2007-12-31": "100.88800", "2006-12-31": "106.71000", "2005-12-31": "102.63600"}, "Income After Taxes": {"2020-12-31": "153.80400", "2019-12-31": "225.91300", "2018-12-31": "219.60200", "2017-12-31": "184.67200", "2016-12-31": "181.46100", "2015-12-31": "160.70400", "2014-12-31": "163.04200", "2013-12-31": "150.50200", "2012-12-31": "166.07600", "2011-12-31": "160.04300", "2010-12-31": "183.94200", "2009-12-31": "144.03300", "2008-12-31": "192.21300", "2007-12-31": "183.70300", "2006-12-31": "180.35900", "2005-12-31": "181.56100"}, "Other Income": {"2020-12-31": "", "2019-12-31": "", "2018-12-31": "", "2017-12-31": "", "2016-12-31": "", "2015-12-31": "", "2014-12-31": "", "2013-12-31": "", "2012-12-31": "", "2011-12-31": "", "2010-12-31": "", "2009-12-31": "", "2008-12-31": "", "2007-12-31": "", "2006-12-31": "", "2005-12-31": ""}, "Income From Continuous Operations": {"2020-12-31": "153.80400", "2019-12-31": "225.91300", "2018-12-31": "219.60200", "2017-12-31": "184.67200", "2016-12-31": "181.46100", "2015-12-31": "160.70400", "2014-12-31": "163.04200", "2013-12-31": "150.50200", "2012-12-31": "166.07600", "2011-12-31": "160.04300", "2010-12-31": "183.94200", "2009-12-31": "144.03300", "2008-12-31": "192.21300", "2007-12-31": "183.70300", "2006-12-31": "180.35900", "2005-12-31": "181.56100"}, "Income From Discontinued Operations": {"2020-12-31": "", "2019-12-31": "", "2018-12-31": "", "2017-12-31": "", "2016-12-31": "", "2015-12-31": "", "2014-12-31": "", "2013-12-31": "", "2012-12-31": "", "2011-12-31": "", "2010-12-31": "", "2009-12-31": "", "2008-12-31": "", "2007-12-31": "", "2006-12-31": "", "2005-12-31": ""}, "Net Income": {"2020-12-31": "153.80400", "2019-12-31": "225.91300", "2018-12-31": "219.60200", "2017-12-31": "184.67200", "2016-12-31": "181.46100", "2015-12-31": "160.70400", "2014-12-31": "163.04200", "2013-12-31": "150.50200", "2012-12-31": "166.07600", "2011-12-31": "160.04300", "2010-12-31": "183.94200", "2009-12-31": "144.03300", "2008-12-31": "192.21300", "2007-12-31": "183.70300", "2006-12-31": "180.35900", "2005-12-31": "181.56100"}, "EBITDA": {"2020-12-31": "", "2019-12-31": "", "2018-12-31": "", "2017-12-31": "", "2016-12-31": "", "2015-12-31": "", "2014-12-31": "", "2013-12-31": "", "2012-12-31": "", "2011-12-31": "", "2010-12-31": "", "2009-12-31": "", "2008-12-31": "", "2007-12-31": "", "2006-12-31": "", "2005-12-31": ""}, "EBIT": {"2020-12-31": "", "2019-12-31": "", "2018-12-31": "", "2017-12-31": "", "2016-12-31": "", "2015-12-31": "", "2014-12-31": "", "2013-12-31": "", "2012-12-31": "", "2011-12-31": "", "2010-12-31": "", "2009-12-31": "", "2008-12-31": "", "2007-12-31": "", "2006-12-31": "", "2005-12-31": ""}, "Basic Shares Outstanding": {"2020-12-31": "39.72620", "2019-12-31": "40.38400", "2018-12-31": "41.71500", "2017-12-31": "42.28100", "2016-12-31": "42.64410", "2015-12-31": "43.21780", "2014-12-31": "43.89920", "2013-12-31": "44.38100", "2012-12-31": "45.11540", "2011-12-31": "47.06490", "2010-12-31": "48.05500", "2009-12-31": "47.70250", "2008-12-31": "47.67400", "2007-12-31": "49.03320", "2006-12-31": "50.17670", "2005-12-31": "51.84900"}, "Shares Outstanding": {"2020-12-31": "39.89210", "2019-12-31": "40.65000", "2018-12-31": "41.99900", "2017-12-31": "42.60700", "2016-12-31": "42.87980", "2015-12-31": "43.45490", "2014-12-31": "44.12550", "2013-12-31": "44.57270", "2012-12-31": "45.24930", "2011-12-31": "47.22500", "2010-12-31": "48.35600", "2009-12-31": "48.00930", "2008-12-31": "48.20070", "2007-12-31": "49.83360", "2006-12-31": "51.17890", "2005-12-31": "53.31100"}, "Basic EPS": {"2020-12-31": "3.87000", "2019-12-31": "5.59000", "2018-12-31": "5.26000", "2017-12-31": "4.37000", "2016-12-31": "4.26000", "2015-12-31": "3.72000", "2014-12-31": "3.71000", "2013-12-31": "3.39000", "2012-12-31": "3.68000", "2011-12-31": "3.40000", "2010-12-31": "3.83000", "2009-12-31": "3.02000", "2008-12-31": "4.03000", "2007-12-31": "3.75000", "2006-12-31": "3.59000", "2005-12-31": "3.50000"}, "EPS - Earnings Per Share": {"2020-12-31": "3.86000", "2019-12-31": "5.56000", "2018-12-31": "5.23000", "2017-12-31": "4.33000", "2016-12-31": "4.23000", "2015-12-31": "3.70000", "2014-12-31": "3.69000", "2013-12-31": "3.38000", "2012-12-31": "3.67000", "2011-12-31": "3.39000", "2010-12-31": "3.80000", "2009-12-31": "3.00000", "2008-12-31": "3.99000", "2007-12-31": "3.69000", "2006-12-31": "3.52000", "2005-12-31": "3.41000"}}, "income statement, quarterly": {"Revenue": {"2020-12-31": "173.57400", "2020-09-30": "175.75100", "2020-06-30": "190.41300", "2020-03-31": "191.09500", "2019-12-31": "192.80300", "2019-09-30": "194.59000", "2019-06-30": "194.02100", "2019-03-31": "189.32100", "2018-12-31": "185.12590", "2018-09-30": "180.90600", "2018-06-30": "176.88300", "2018-03-31": "176.18100", "2017-12-31": "173.46800", "2017-09-30": "171.17100", "2017-06-30": "168.80400", "2017-03-31": "175.76800", "2016-12-31": "163.57000", "2016-09-30": "162.09300", "2016-06-30": "160.30400", "2016-03-31": "169.27600", "2015-12-31": "156.13600", "2015-09-30": "150.58100", "2015-06-30": "153.17500", "2015-03-31": "158.43700", "2014-12-31": "151.98700", "2014-09-30": "149.87300", "2014-06-30": "148.40500", "2014-03-31": "147.38500", "2013-12-31": "146.98700", "2013-09-30": "145.70000", "2013-06-30": "145.39200", "2013-03-31": "146.64900", "2012-12-31": "153.67700", "2012-09-30": "156.58700", "2012-06-30": "153.20100", "2012-03-31": "157.31000", "2011-12-31": "151.28400", "2011-09-30": "160.09300", "2011-06-30": "159.62600", "2011-03-31": "166.34500", "2010-12-31": "160.77200", "2010-09-30": "176.14500", "2010-06-30": "188.23600", "2010-03-31": "195.35600", "2009-12-31": "202.28700", "2009-09-30": "185.52800", "2009-06-30": "184.50500", "2009-03-31": "193.28200", "2008-12-31": "188.64900", "2008-09-30": "189.59000", "2008-06-30": "199.17400", "2008-03-31": "230.80100", "2007-12-31": "210.43190", "2007-09-30": "214.79800", "2007-06-30": "207.79400", "2007-03-31": "209.33800", "2006-12-31": "203.05600", "2006-09-30": "203.84700", "2006-06-30": "193.97000", "2006-03-31": "187.97500", "2005-12-31": "183.75400", "2005-09-30": "184.75000", "2005-06-30": "174.77900", "2005-03-31": "172.47300"}, "Cost Of Goods Sold": {"2020-12-31": "8.81700", "2020-09-30": "9.85100", "2020-06-30": "12.45400", "2020-03-31": "18.98000", "2019-12-31": "21.21600", "2019-09-30": "23.18700", "2019-06-30": "24.47400", "2019-03-31": "20.80500", "2018-12-31": "19.04500", "2018-09-30": "16.49700", "2018-06-30": "15.08900", "2018-03-31": "13.19000", "2017-12-31": "12.84300", "2017-09-30": "12.44400", "2017-06-30": "11.28900", "2017-03-31": "9.98000", "2016-12-31": "9.97400", "2016-09-30": "10.06700", "2016-06-30": "10.23500", "2016-03-31": "10.04500", "2015-12-31": "9.72600", "2015-09-30": "9.46900", "2015-06-30": "9.46800", "2015-03-31": "9.36000", "2014-12-31": "9.53700", "2014-09-30": "9.54400", "2014-06-30": "9.51200", "2014-03-31": "9.38400", "2013-12-31": "9.58900", "2013-09-30": "9.68700", "2013-06-30": "10.01100", "2013-03-31": "10.31100", "2012-12-31": "10.38500", "2012-09-30": "10.58100", "2012-06-30": "10.97200", "2012-03-31": "11.28000", "2011-12-31": "11.63100", "2011-09-30": "12.46400", "2011-06-30": "12.66400", "2011-03-31": "12.72600", "2010-12-31": "13.02200", "2010-09-30": "14.39400", "2010-06-30": "15.43400", "2010-03-31": "15.92100", "2009-12-31": "17.94200", "2009-09-30": "19.84100", "2009-06-30": "21.82200", "2009-03-31": "25.85500", "2008-12-31": "28.33200", "2008-09-30": "29.02900", "2008-06-30": "31.46700", "2008-03-31": "42.49600", "2007-12-31": "50.72800", "2007-09-30": "55.00000", "2007-06-30": "50.88800", "2007-03-31": "50.24100", "2006-12-31": "49.33500", "2006-09-30": "46.61000", "2006-06-30": "40.91300", "2006-03-31": "33.20100", "2005-12-31": "29.48900", "2005-09-30": "27.27400", "2005-06-30": "23.06600", "2005-03-31": "19.50000"}, "Gross Profit": {"2020-12-31": "164.75700", "2020-09-30": "165.90000", "2020-06-30": "177.95900", "2020-03-31": "172.11500", "2019-12-31": "171.58700", "2019-09-30": "171.40300", "2019-06-30": "169.54700", "2019-03-31": "168.51600", "2018-12-31": "166.08090", "2018-09-30": "164.40900", "2018-06-30": "161.79400", "2018-03-31": "162.99100", "2017-12-31": "160.62500", "2017-09-30": "158.72700", "2017-06-30": "157.51500", "2017-03-31": "165.78800", "2016-12-31": "153.59600", "2016-09-30": "152.02600", "2016-06-30": "150.06900", "2016-03-31": "159.23100", "2015-12-31": "146.41000", "2015-09-30": "141.11200", "2015-06-30": "143.70700", "2015-03-31": "149.07700", "2014-12-31": "142.45000", "2014-09-30": "140.32900", "2014-06-30": "138.89300", "2014-03-31": "138.00100", "2013-12-31": "137.39800", "2013-09-30": "136.01300", "2013-06-30": "135.38100", "2013-03-31": "136.33800", "2012-12-31": "143.29200", "2012-09-30": "146.00600", "2012-06-30": "142.22900", "2012-03-31": "146.03000", "2011-12-31": "139.65300", "2011-09-30": "147.62900", "2011-06-30": "146.96200", "2011-03-31": "153.61900", "2010-12-31": "147.75000", "2010-09-30": "161.75100", "2010-06-30": "172.80200", "2010-03-31": "179.43500", "2009-12-31": "184.34500", "2009-09-30": "165.68700", "2009-06-30": "162.68300", "2009-03-31": "167.42700", "2008-12-31": "160.31700", "2008-09-30": "160.56100", "2008-06-30": "167.70700", "2008-03-31": "188.30500", "2007-12-31": "159.70390", "2007-09-30": "159.79800", "2007-06-30": "156.90600", "2007-03-31": "159.09700", "2006-12-31": "153.72100", "2006-09-30": "157.23700", "2006-06-30": "153.05700", "2006-03-31": "154.77400", "2005-12-31": "154.26500", "2005-09-30": "157.47600", "2005-06-30": "151.71300", "2005-03-31": "152.97300"}, "Research And Development Expenses": {"2020-12-31": "", "2020-09-30": "", "2020-06-30": "", "2020-03-31": "", "2019-12-31": "", "2019-09-30": "", "2019-06-30": "", "2019-03-31": "", "2018-12-31": "", "2018-09-30": "", "2018-06-30": "", "2018-03-31": "", "2017-12-31": "", "2017-09-30": "", "2017-06-30": "", "2017-03-31": "", "2016-12-31": "", "2016-09-30": "", "2016-06-30": "", "2016-03-31": "", "2015-12-31": "", "2015-09-30": "", "2015-06-30": "", "2015-03-31": "", "2014-12-31": "", "2014-09-30": "", "2014-06-30": "", "2014-03-31": "", "2013-12-31": "", "2013-09-30": "", "2013-06-30": "", "2013-03-31": "", "2012-12-31": "", "2012-09-30": "", "2012-06-30": "", "2012-03-31": "", "2011-12-31": "", "2011-09-30": "", "2011-06-30": "", "2011-03-31": "", "2010-12-31": "", "2010-09-30": "", "2010-06-30": "", "2010-03-31": "", "2009-12-31": "", "2009-09-30": "", "2009-06-30": "", "2009-03-31": "", "2008-12-31": "", "2008-09-30": "", "2008-06-30": "", "2008-03-31": "", "2007-12-31": "", "2007-09-30": "", "2007-06-30": "", "2007-03-31": "", "2006-12-31": "", "2006-09-30": "", "2006-06-30": "", "2006-03-31": "", "2005-12-31": "", "2005-09-30": "", "2005-06-30": "", "2005-03-31": ""}, "SG&A Expenses": {"2020-12-31": "113.85400", "2020-09-30": "118.54900", "2020-06-30": "129.29200", "2020-03-31": "129.91200", "2019-12-31": "97.84600", "2019-09-30": "104.59900", "2019-06-30": "96.72500", "2019-03-31": "96.05700", "2018-12-31": "97.91100", "2018-09-30": "94.33800", "2018-06-30": "94.29100", "2018-03-31": "98.50900", "2017-12-31": "96.58600", "2017-09-30": "92.59800", "2017-06-30": "92.43900", "2017-03-31": "92.96800", "2016-12-31": "92.83900", "2016-09-30": "90.03200", "2016-06-30": "87.07100", "2016-03-31": "85.38600", "2015-12-31": "85.72700", "2015-09-30": "91.88800", "2015-06-30": "83.57400", "2015-03-31": "86.91500", "2014-12-31": "81.24000", "2014-09-30": "78.36500", "2014-06-30": "78.88300", "2014-03-31": "83.54700", "2013-12-31": "82.42400", "2013-09-30": "82.97700", "2013-06-30": "81.18100", "2013-03-31": "84.38700", "2012-12-31": "83.45600", "2012-09-30": "84.87800", "2012-06-30": "81.37500", "2012-03-31": "85.55800", "2011-12-31": "86.60100", "2011-09-30": "86.13500", "2011-06-30": "97.37400", "2011-03-31": "90.77300", "2010-12-31": "94.00000", "2010-09-30": "103.24900", "2010-06-30": "101.85700", "2010-03-31": "102.41700", "2009-12-31": "115.32100", "2009-09-30": "111.48700", "2009-06-30": "118.27400", "2009-03-31": "112.82000", "2008-12-31": "101.24800", "2008-09-30": "107.14800", "2008-06-30": "91.03400", "2008-03-31": "107.85900", "2007-12-31": "96.42700", "2007-09-30": "85.52000", "2007-06-30": "83.19500", "2007-03-31": "84.75400", "2006-12-31": "84.74000", "2006-09-30": "82.59000", "2006-06-30": "80.81100", "2006-03-31": "83.57900", "2005-12-31": "84.76700", "2005-09-30": "87.59600", "2005-06-30": "79.00400", "2005-03-31": "80.86300"}, "Other Operating Income Or Expenses": {"2020-12-31": "", "2020-09-30": "", "2020-06-30": "", "2020-03-31": "", "2019-12-31": "", "2019-09-30": "", "2019-06-30": "", "2019-03-31": "", "2018-12-31": "", "2018-09-30": "", "2018-06-30": "", "2018-03-31": "", "2017-12-31": "", "2017-09-30": "", "2017-06-30": "", "2017-03-31": "", "2016-12-31": "", "2016-09-30": "", "2016-06-30": "", "2016-03-31": "", "2015-12-31": "", "2015-09-30": "", "2015-06-30": "", "2015-03-31": "", "2014-12-31": "", "2014-09-30": "", "2014-06-30": "", "2014-03-31": "", "2013-12-31": "", "2013-09-30": "", "2013-06-30": "", "2013-03-31": "", "2012-12-31": "", "2012-09-30": "", "2012-06-30": "", "2012-03-31": "", "2011-12-31": "", "2011-09-30": "", "2011-06-30": "", "2011-03-31": "", "2010-12-31": "", "2010-09-30": "", "2010-06-30": "", "2010-03-31": "", "2009-12-31": "", "2009-09-30": "", "2009-06-30": "", "2009-03-31": "", "2008-12-31": "", "2008-09-30": "", "2008-06-30": "", "2008-03-31": "", "2007-12-31": "", "2007-09-30": "", "2007-06-30": "", "2007-03-31": "", "2006-12-31": "", "2006-09-30": "", "2006-06-30": "", "2006-03-31": "", "2005-12-31": "", "2005-09-30": "", "2005-06-30": "", "2005-03-31": ""}, "Operating Expenses": {"2020-12-31": "122.67100", "2020-09-30": "128.40000", "2020-06-30": "141.74600", "2020-03-31": "148.89200", "2019-12-31": "119.06200", "2019-09-30": "127.78600", "2019-06-30": "121.19900", "2019-03-31": "116.86200", "2018-12-31": "116.95600", "2018-09-30": "110.83500", "2018-06-30": "109.38000", "2018-03-31": "111.69900", "2017-12-31": "109.42900", "2017-09-30": "105.04200", "2017-06-30": "103.72800", "2017-03-31": "102.94800", "2016-12-31": "102.81300", "2016-09-30": "100.09900", "2016-06-30": "97.30600", "2016-03-31": "95.43100", "2015-12-31": "95.45300", "2015-09-30": "101.35700", "2015-06-30": "93.04200", "2015-03-31": "96.27500", "2014-12-31": "90.77700", "2014-09-30": "87.90900", "2014-06-30": "88.39500", "2014-03-31": "92.93100", "2013-12-31": "92.01300", "2013-09-30": "92.66400", "2013-06-30": "91.19200", "2013-03-31": "94.69800", "2012-12-31": "93.84100", "2012-09-30": "95.45900", "2012-06-30": "92.34700", "2012-03-31": "96.83800", "2011-12-31": "98.23200", "2011-09-30": "98.59900", "2011-06-30": "110.03800", "2011-03-31": "103.49900", "2010-12-31": "107.02200", "2010-09-30": "117.64300", "2010-06-30": "117.29100", "2010-03-31": "118.33800", "2009-12-31": "133.26300", "2009-09-30": "131.32800", "2009-06-30": "140.09600", "2009-03-31": "138.67500", "2008-12-31": "129.58000", "2008-09-30": "136.17700", "2008-06-30": "122.50100", "2008-03-31": "150.35500", "2007-12-31": "147.15500", "2007-09-30": "140.52000", "2007-06-30": "134.08300", "2007-03-31": "134.99500", "2006-12-31": "134.07500", "2006-09-30": "129.20000", "2006-06-30": "121.72400", "2006-03-31": "116.78000", "2005-12-31": "114.25600", "2005-09-30": "114.87000", "2005-06-30": "102.07000", "2005-03-31": "100.36300"}, "Operating Income": {"2020-12-31": "50.90300", "2020-09-30": "47.35100", "2020-06-30": "48.66700", "2020-03-31": "42.20300", "2019-12-31": "73.74100", "2019-09-30": "66.80400", "2019-06-30": "72.82200", "2019-03-31": "72.45900", "2018-12-31": "68.17000", "2018-09-30": "70.07100", "2018-06-30": "67.50300", "2018-03-31": "64.48200", "2017-12-31": "64.03900", "2017-09-30": "66.12900", "2017-06-30": "65.07600", "2017-03-31": "72.82000", "2016-12-31": "60.75700", "2016-09-30": "61.99400", "2016-06-30": "62.99800", "2016-03-31": "73.84500", "2015-12-31": "60.68300", "2015-09-30": "49.22400", "2015-06-30": "60.13300", "2015-03-31": "62.16200", "2014-12-31": "61.21010", "2014-09-30": "61.96400", "2014-06-30": "60.01000", "2014-03-31": "54.45400", "2013-12-31": "54.97400", "2013-09-30": "53.03600", "2013-06-30": "54.20000", "2013-03-31": "51.95100", "2012-12-31": "59.83600", "2012-09-30": "61.12800", "2012-06-30": "60.85400", "2012-03-31": "60.47200", "2011-12-31": "53.05200", "2011-09-30": "61.49400", "2011-06-30": "49.58800", "2011-03-31": "62.84600", "2010-12-31": "53.75010", "2010-09-30": "58.50200", "2010-06-30": "70.94500", "2010-03-31": "77.01800", "2009-12-31": "69.02410", "2009-09-30": "54.20000", "2009-06-30": "44.40900", "2009-03-31": "54.60700", "2008-12-31": "59.06900", "2008-09-30": "53.41300", "2008-06-30": "76.67300", "2008-03-31": "80.44600", "2007-12-31": "63.27700", "2007-09-30": "74.27800", "2007-06-30": "73.71100", "2007-03-31": "74.34300", "2006-12-31": "68.98100", "2006-09-30": "74.64700", "2006-06-30": "72.24600", "2006-03-31": "71.19500", "2005-12-31": "69.49800", "2005-09-30": "69.88000", "2005-06-30": "72.70900", "2005-03-31": "72.11000"}, "Total Non-Operating Income/Expense": {"2020-12-31": "", "2020-09-30": "", "2020-06-30": "", "2020-03-31": "", "2019-12-31": "", "2019-09-30": "", "2019-06-30": "", "2019-03-31": "", "2018-12-31": "", "2018-09-30": "", "2018-06-30": "", "2018-03-31": "", "2017-12-31": "", "2017-09-30": "", "2017-06-30": "", "2017-03-31": "", "2016-12-31": "", "2016-09-30": "", "2016-06-30": "", "2016-03-31": "", "2015-12-31": "", "2015-09-30": "", "2015-06-30": "", "2015-03-31": "", "2014-12-31": "", "2014-09-30": "", "2014-06-30": "", "2014-03-31": "", "2013-12-31": "", "2013-09-30": "", "2013-06-30": "", "2013-03-31": "", "2012-12-31": "", "2012-09-30": "", "2012-06-30": "", "2012-03-31": "", "2011-12-31": "", "2011-09-30": "", "2011-06-30": "", "2011-03-31": "", "2010-12-31": "", "2010-09-30": "", "2010-06-30": "", "2010-03-31": "", "2009-12-31": "", "2009-09-30": "", "2009-06-30": "", "2009-03-31": "", "2008-12-31": "", "2008-09-30": "", "2008-06-30": "", "2008-03-31": "", "2007-12-31": "", "2007-09-30": "", "2007-06-30": "", "2007-03-31": "", "2006-12-31": "", "2006-09-30": "", "2006-06-30": "", "2006-03-31": "", "2005-12-31": "", "2005-09-30": "", "2005-06-30": "", "2005-03-31": ""}, "Pre-Tax Income": {"2020-12-31": "50.90300", "2020-09-30": "47.35100", "2020-06-30": "48.66700", "2020-03-31": "42.20300", "2019-12-31": "73.74100", "2019-09-30": "66.80400", "2019-06-30": "72.82200", "2019-03-31": "72.45900", "2018-12-31": "68.17000", "2018-09-30": "70.07100", "2018-06-30": "67.50300", "2018-03-31": "64.48200", "2017-12-31": "64.03900", "2017-09-30": "66.12900", "2017-06-30": "65.07600", "2017-03-31": "72.82000", "2016-12-31": "60.75700", "2016-09-30": "61.99400", "2016-06-30": "62.99800", "2016-03-31": "73.84500", "2015-12-31": "59.68300", "2015-09-30": "49.22400", "2015-06-30": "60.13300", "2015-03-31": "62.16200", "2014-12-31": "61.21000", "2014-09-30": "61.96400", "2014-06-30": "60.01000", "2014-03-31": "54.45400", "2013-12-31": "54.97400", "2013-09-30": "53.03600", "2013-06-30": "54.20000", "2013-03-31": "51.95100", "2012-12-31": "59.83600", "2012-09-30": "61.12800", "2012-06-30": "60.85400", "2012-03-31": "60.47200", "2011-12-31": "53.05200", "2011-09-30": "61.49400", "2011-06-30": "49.58800", "2011-03-31": "62.84600", "2010-12-31": "53.75000", "2010-09-30": "58.50200", "2010-06-30": "70.94500", "2010-03-31": "77.01800", "2009-12-31": "69.02400", "2009-09-30": "54.20000", "2009-06-30": "44.40900", "2009-03-31": "54.60700", "2008-12-31": "59.06900", "2008-09-30": "53.41300", "2008-06-30": "76.67300", "2008-03-31": "80.44600", "2007-12-31": "62.25900", "2007-09-30": "74.27800", "2007-06-30": "73.71100", "2007-03-31": "74.34300", "2006-12-31": "68.98100", "2006-09-30": "74.64700", "2006-06-30": "72.24600", "2006-03-31": "71.19500", "2005-12-31": "69.49800", "2005-09-30": "69.88000", "2005-06-30": "72.70900", "2005-03-31": "72.11000"}, "Income Taxes": {"2020-12-31": "8.58900", "2020-09-30": "9.51100", "2020-06-30": "9.75900", "2020-03-31": "7.46100", "2019-12-31": "15.59800", "2019-09-30": "14.75200", "2019-06-30": "15.90300", "2019-03-31": "13.66000", "2018-12-31": "14.25900", "2018-09-30": "13.13800", "2018-06-30": "12.78500", "2018-03-31": "10.44200", "2017-12-31": "21.08600", "2017-09-30": "20.24800", "2017-06-30": "20.41400", "2017-03-31": "21.64400", "2016-12-31": "17.24400", "2016-09-30": "18.50100", "2016-06-30": "18.75300", "2016-03-31": "23.63500", "2015-12-31": "16.85100", "2015-09-30": "14.94800", "2015-06-30": "18.97900", "2015-03-31": "19.72000", "2014-12-31": "20.01900", "2014-09-30": "20.19500", "2014-06-30": "18.52000", "2014-03-31": "15.86200", "2013-12-31": "15.91900", "2013-09-30": "15.33200", "2013-06-30": "16.43700", "2013-03-31": "15.97100", "2012-12-31": "19.54900", "2012-09-30": "19.89600", "2012-06-30": "20.10700", "2012-03-31": "16.66200", "2011-12-31": "13.82300", "2011-09-30": "18.18800", "2011-06-30": "14.44000", "2011-03-31": "20.48600", "2010-12-31": "13.17200", "2010-09-30": "14.43800", "2010-06-30": "24.38100", "2010-03-31": "24.28200", "2009-12-31": "28.50800", "2009-09-30": "17.72900", "2009-06-30": "13.40300", "2009-03-31": "18.56700", "2008-12-31": "19.76200", "2008-09-30": "6.00400", "2008-06-30": "28.39100", "2008-03-31": "23.23100", "2007-12-31": "21.39900", "2007-09-30": "26.49900", "2007-06-30": "25.98200", "2007-03-31": "27.00800", "2006-12-31": "18.06800", "2006-09-30": "27.72700", "2006-06-30": "35.07000", "2006-03-31": "25.84500", "2005-12-31": "24.71700", "2005-09-30": "25.05100", "2005-06-30": "26.28000", "2005-03-31": "26.58800"}, "Income After Taxes": {"2020-12-31": "42.31400", "2020-09-30": "37.84000", "2020-06-30": "38.90800", "2020-03-31": "34.74200", "2019-12-31": "58.14300", "2019-09-30": "52.05200", "2019-06-30": "56.91900", "2019-03-31": "58.79900", "2018-12-31": "53.91100", "2018-09-30": "56.93300", "2018-06-30": "54.71800", "2018-03-31": "54.04000", "2017-12-31": "42.95300", "2017-09-30": "45.88100", "2017-06-30": "44.66200", "2017-03-31": "51.17600", "2016-12-31": "43.51300", "2016-09-30": "43.49300", "2016-06-30": "44.24500", "2016-03-31": "50.21000", "2015-12-31": "42.83200", "2015-09-30": "34.27600", "2015-06-30": "41.15400", "2015-03-31": "42.44200", "2014-12-31": "41.19100", "2014-09-30": "41.76900", "2014-06-30": "41.49000", "2014-03-31": "38.59200", "2013-12-31": "39.05500", "2013-09-30": "37.70400", "2013-06-30": "37.76300", "2013-03-31": "35.98000", "2012-12-31": "40.28700", "2012-09-30": "41.23200", "2012-06-30": "40.74700", "2012-03-31": "43.81000", "2011-12-31": "39.22900", "2011-09-30": "43.30600", "2011-06-30": "35.14800", "2011-03-31": "42.36000", "2010-12-31": "40.57800", "2010-09-30": "44.06400", "2010-06-30": "46.56400", "2010-03-31": "52.73600", "2009-12-31": "40.51600", "2009-09-30": "36.47100", "2009-06-30": "31.00600", "2009-03-31": "36.04000", "2008-12-31": "39.30700", "2008-09-30": "47.40900", "2008-06-30": "48.28200", "2008-03-31": "57.21500", "2007-12-31": "40.86000", "2007-09-30": "47.77900", "2007-06-30": "47.72900", "2007-03-31": "47.33500", "2006-12-31": "50.91300", "2006-09-30": "46.92000", "2006-06-30": "37.17600", "2006-03-31": "45.35000", "2005-12-31": "44.78100", "2005-09-30": "44.82900", "2005-06-30": "46.42900", "2005-03-31": "45.52200"}, "Other Income": {"2020-12-31": "", "2020-09-30": "", "2020-06-30": "", "2020-03-31": "", "2019-12-31": "", "2019-09-30": "", "2019-06-30": "", "2019-03-31": "", "2018-12-31": "", "2018-09-30": "", "2018-06-30": "", "2018-03-31": "", "2017-12-31": "", "2017-09-30": "", "2017-06-30": "", "2017-03-31": "", "2016-12-31": "", "2016-09-30": "", "2016-06-30": "", "2016-03-31": "", "2015-12-31": "", "2015-09-30": "", "2015-06-30": "", "2015-03-31": "", "2014-12-31": "", "2014-09-30": "", "2014-06-30": "", "2014-03-31": "", "2013-12-31": "", "2013-09-30": "", "2013-06-30": "", "2013-03-31": "", "2012-12-31": "", "2012-09-30": "", "2012-06-30": "", "2012-03-31": "", "2011-12-31": "", "2011-09-30": "", "2011-06-30": "", "2011-03-31": "", "2010-12-31": "", "2010-09-30": "", "2010-06-30": "", "2010-03-31": "", "2009-12-31": "", "2009-09-30": "", "2009-06-30": "", "2009-03-31": "", "2008-12-31": "", "2008-09-30": "", "2008-06-30": "", "2008-03-31": "", "2007-12-31": "", "2007-09-30": "", "2007-06-30": "", "2007-03-31": "", "2006-12-31": "", "2006-09-30": "", "2006-06-30": "", "2006-03-31": "", "2005-12-31": "", "2005-09-30": "", "2005-06-30": "", "2005-03-31": ""}, "Income From Continuous Operations": {"2020-12-31": "42.31400", "2020-09-30": "37.84000", "2020-06-30": "38.90800", "2020-03-31": "34.74200", "2019-12-31": "58.14300", "2019-09-30": "52.05200", "2019-06-30": "56.91900", "2019-03-31": "58.79900", "2018-12-31": "53.91100", "2018-09-30": "56.93300", "2018-06-30": "54.71800", "2018-03-31": "54.04000", "2017-12-31": "42.95300", "2017-09-30": "45.88100", "2017-06-30": "44.66200", "2017-03-31": "51.17600", "2016-12-31": "43.51300", "2016-09-30": "43.49300", "2016-06-30": "44.24500", "2016-03-31": "50.21000", "2015-12-31": "42.83200", "2015-09-30": "34.27600", "2015-06-30": "41.15400", "2015-03-31": "42.44200", "2014-12-31": "41.19100", "2014-09-30": "41.76900", "2014-06-30": "41.49000", "2014-03-31": "38.59200", "2013-12-31": "39.05500", "2013-09-30": "37.70400", "2013-06-30": "37.76300", "2013-03-31": "35.98000", "2012-12-31": "40.28700", "2012-09-30": "41.23200", "2012-06-30": "40.74700", "2012-03-31": "43.81000", "2011-12-31": "39.22900", "2011-09-30": "43.30600", "2011-06-30": "35.14800", "2011-03-31": "42.36000", "2010-12-31": "40.57800", "2010-09-30": "44.06400", "2010-06-30": "46.56400", "2010-03-31": "52.73600", "2009-12-31": "40.51600", "2009-09-30": "36.47100", "2009-06-30": "31.00600", "2009-03-31": "36.04000", "2008-12-31": "39.30700", "2008-09-30": "47.40900", "2008-06-30": "48.28200", "2008-03-31": "57.21500", "2007-12-31": "40.86000", "2007-09-30": "47.77900", "2007-06-30": "47.72900", "2007-03-31": "47.33500", "2006-12-31": "50.91300", "2006-09-30": "46.92000", "2006-06-30": "37.17600", "2006-03-31": "45.35000", "2005-12-31": "44.78100", "2005-09-30": "44.82900", "2005-06-30": "46.42900", "2005-03-31": "45.52200"}, "Income From Discontinued Operations": {"2020-12-31": "", "2020-09-30": "", "2020-06-30": "", "2020-03-31": "", "2019-12-31": "", "2019-09-30": "", "2019-06-30": "", "2019-03-31": "", "2018-12-31": "", "2018-09-30": "", "2018-06-30": "", "2018-03-31": "", "2017-12-31": "", "2017-09-30": "", "2017-06-30": "", "2017-03-31": "", "2016-12-31": "", "2016-09-30": "", "2016-06-30": "", "2016-03-31": "", "2015-12-31": "", "2015-09-30": "", "2015-06-30": "", "2015-03-31": "", "2014-12-31": "", "2014-09-30": "", "2014-06-30": "", "2014-03-31": "", "2013-12-31": "", "2013-09-30": "", "2013-06-30": "", "2013-03-31": "", "2012-12-31": "", "2012-09-30": "", "2012-06-30": "", "2012-03-31": "", "2011-12-31": "", "2011-09-30": "", "2011-06-30": "", "2011-03-31": "", "2010-12-31": "", "2010-09-30": "", "2010-06-30": "", "2010-03-31": "", "2009-12-31": "", "2009-09-30": "", "2009-06-30": "", "2009-03-31": "", "2008-12-31": "", "2008-09-30": "", "2008-06-30": "", "2008-03-31": "", "2007-12-31": "", "2007-09-30": "", "2007-06-30": "", "2007-03-31": "", "2006-12-31": "", "2006-09-30": "", "2006-06-30": "", "2006-03-31": "", "2005-12-31": "", "2005-09-30": "", "2005-06-30": "", "2005-03-31": ""}, "Net Income": {"2020-12-31": "42.31400", "2020-09-30": "37.84000", "2020-06-30": "38.90800", "2020-03-31": "34.74200", "2019-12-31": "58.14300", "2019-09-30": "52.05200", "2019-06-30": "56.91900", "2019-03-31": "58.79900", "2018-12-31": "53.91100", "2018-09-30": "56.93300", "2018-06-30": "54.71800", "2018-03-31": "54.04000", "2017-12-31": "42.95300", "2017-09-30": "45.88100", "2017-06-30": "44.66200", "2017-03-31": "51.17600", "2016-12-31": "43.51300", "2016-09-30": "43.49300", "2016-06-30": "44.24500", "2016-03-31": "50.21000", "2015-12-31": "42.83200", "2015-09-30": "34.27600", "2015-06-30": "41.15400", "2015-03-31": "42.44200", "2014-12-31": "41.19100", "2014-09-30": "41.76900", "2014-06-30": "41.49000", "2014-03-31": "38.59200", "2013-12-31": "39.05500", "2013-09-30": "37.70400", "2013-06-30": "37.76300", "2013-03-31": "35.98000", "2012-12-31": "40.28700", "2012-09-30": "41.23200", "2012-06-30": "40.74700", "2012-03-31": "43.81000", "2011-12-31": "39.22900", "2011-09-30": "43.30600", "2011-06-30": "35.14800", "2011-03-31": "42.36000", "2010-12-31": "40.57800", "2010-09-30": "44.06400", "2010-06-30": "46.56400", "2010-03-31": "52.73600", "2009-12-31": "40.51600", "2009-09-30": "36.47100", "2009-06-30": "31.00600", "2009-03-31": "36.04000", "2008-12-31": "39.30700", "2008-09-30": "47.40900", "2008-06-30": "48.28200", "2008-03-31": "57.21500", "2007-12-31": "40.86000", "2007-09-30": "47.77900", "2007-06-30": "47.72900", "2007-03-31": "47.33500", "2006-12-31": "50.91300", "2006-09-30": "46.92000", "2006-06-30": "37.17600", "2006-03-31": "45.35000", "2005-12-31": "44.78100", "2005-09-30": "44.82900", "2005-06-30": "46.42900", "2005-03-31": "45.52200"}, "EBITDA": {"2020-12-31": "", "2020-09-30": "", "2020-06-30": "", "2020-03-31": "", "2019-12-31": "", "2019-09-30": "", "2019-06-30": "", "2019-03-31": "", "2018-12-31": "", "2018-09-30": "", "2018-06-30": "", "2018-03-31": "", "2017-12-31": "", "2017-09-30": "", "2017-06-30": "", "2017-03-31": "", "2016-12-31": "", "2016-09-30": "", "2016-06-30": "", "2016-03-31": "", "2015-12-31": "", "2015-09-30": "", "2015-06-30": "", "2015-03-31": "", "2014-12-31": "", "2014-09-30": "", "2014-06-30": "", "2014-03-31": "", "2013-12-31": "", "2013-09-30": "", "2013-06-30": "", "2013-03-31": "", "2012-12-31": "", "2012-09-30": "", "2012-06-30": "", "2012-03-31": "", "2011-12-31": "", "2011-09-30": "", "2011-06-30": "", "2011-03-31": "", "2010-12-31": "", "2010-09-30": "", "2010-06-30": "", "2010-03-31": "", "2009-12-31": "", "2009-09-30": "", "2009-06-30": "", "2009-03-31": "", "2008-12-31": "", "2008-09-30": "", "2008-06-30": "", "2008-03-31": "", "2007-12-31": "", "2007-09-30": "", "2007-06-30": "", "2007-03-31": "", "2006-12-31": "", "2006-09-30": "", "2006-06-30": "", "2006-03-31": "", "2005-12-31": "", "2005-09-30": "", "2005-06-30": "", "2005-03-31": ""}, "EBIT": {"2020-12-31": "", "2020-09-30": "", "2020-06-30": "", "2020-03-31": "", "2019-12-31": "", "2019-09-30": "", "2019-06-30": "", "2019-03-31": "", "2018-12-31": "", "2018-09-30": "", "2018-06-30": "", "2018-03-31": "", "2017-12-31": "", "2017-09-30": "", "2017-06-30": "", "2017-03-31": "", "2016-12-31": "", "2016-09-30": "", "2016-06-30": "", "2016-03-31": "", "2015-12-31": "", "2015-09-30": "", "2015-06-30": "", "2015-03-31": "", "2014-12-31": "", "2014-09-30": "", "2014-06-30": "", "2014-03-31": "", "2013-12-31": "", "2013-09-30": "", "2013-06-30": "", "2013-03-31": "", "2012-12-31": "", "2012-09-30": "", "2012-06-30": "", "2012-03-31": "", "2011-12-31": "", "2011-09-30": "", "2011-06-30": "", "2011-03-31": "", "2010-12-31": "", "2010-09-30": "", "2010-06-30": "", "2010-03-31": "", "2009-12-31": "", "2009-09-30": "", "2009-06-30": "", "2009-03-31": "", "2008-12-31": "", "2008-09-30": "", "2008-06-30": "", "2008-03-31": "", "2007-12-31": "", "2007-09-30": "", "2007-06-30": "", "2007-03-31": "", "2006-12-31": "", "2006-09-30": "", "2006-06-30": "", "2006-03-31": "", "2005-12-31": "", "2005-09-30": "", "2005-06-30": "", "2005-03-31": ""}, "Basic Shares Outstanding": {"2020-12-31": "39.77390", "2020-09-30": "39.74510", "2020-06-30": "39.70370", "2020-03-31": "39.68200", "2019-12-31": "40.38400", "2019-09-30": "40.19050", "2019-06-30": "40.54160", "2019-03-31": "40.93800", "2018-12-31": "41.71500", "2018-09-30": "41.62080", "2018-06-30": "41.88420", "2018-03-31": "42.03860", "2017-12-31": "42.28100", "2017-09-30": "42.25200", "2017-06-30": "42.35400", "2017-03-31": "42.40600", "2016-12-31": "42.64410", "2016-09-30": "42.54300", "2016-06-30": "42.72970", "2016-03-31": "42.92080", "2015-12-31": "43.21780", "2015-09-30": "43.18120", "2015-06-30": "43.30580", "2015-03-31": "43.38640", "2014-12-31": "43.89920", "2014-09-30": "43.85940", "2014-06-30": "44.05390", "2014-03-31": "44.19330", "2013-12-31": "44.38100", "2013-09-30": "44.26700", "2013-06-30": "44.49310", "2013-03-31": "44.54510", "2012-12-31": "45.11540", "2012-09-30": "44.91300", "2012-06-30": "45.22130", "2012-03-31": "45.70990", "2011-12-31": "47.06490", "2011-09-30": "46.80640", "2011-06-30": "47.42870", "2011-03-31": "47.85160", "2010-12-31": "48.05500", "2010-09-30": "48.18940", "2010-06-30": "48.08050", "2010-03-31": "47.91440", "2009-12-31": "47.70250", "2009-09-30": "47.74540", "2009-06-30": "47.68260", "2009-03-31": "47.56600", "2008-12-31": "47.67400", "2008-09-30": "47.51810", "2008-06-30": "47.73330", "2008-03-31": "47.96570", "2007-12-31": "49.03320", "2007-09-30": "48.91330", "2007-06-30": "49.27700", "2007-03-31": "49.42790", "2006-12-31": "50.17670", "2006-09-30": "49.96060", "2006-06-30": "50.45600", "2006-03-31": "50.81370", "2005-12-31": "51.84900", "2005-09-30": "51.38580", "2005-06-30": "51.87380", "2005-03-31": "53.40180"}, "Shares Outstanding": {"2020-12-31": "39.96370", "2020-09-30": "39.86910", "2020-06-30": "39.83250", "2020-03-31": "39.91700", "2019-12-31": "40.65000", "2019-09-30": "40.45070", "2019-06-30": "40.76980", "2019-03-31": "41.21300", "2018-12-31": "41.99900", "2018-09-30": "41.89940", "2018-06-30": "42.15220", "2018-03-31": "42.35840", "2017-12-31": "42.60700", "2017-09-30": "42.56500", "2017-06-30": "42.65890", "2017-03-31": "42.75000", "2016-12-31": "42.87980", "2016-09-30": "42.77800", "2016-06-30": "42.94300", "2016-03-31": "43.12650", "2015-12-31": "43.45490", "2015-09-30": "43.42770", "2015-06-30": "43.51830", "2015-03-31": "43.59750", "2014-12-31": "44.12550", "2014-09-30": "44.08860", "2014-06-30": "44.24640", "2014-03-31": "44.42040", "2013-12-31": "44.57270", "2013-09-30": "44.47900", "2013-06-30": "44.60850", "2013-03-31": "44.68660", "2012-12-31": "45.24930", "2012-09-30": "45.05100", "2012-06-30": "45.34740", "2012-03-31": "45.87520", "2011-12-31": "47.22500", "2011-09-30": "46.93410", "2011-06-30": "47.60780", "2011-03-31": "48.07470", "2010-12-31": "48.35600", "2010-09-30": "48.46220", "2010-06-30": "48.41560", "2010-03-31": "48.28940", "2009-12-31": "48.00930", "2009-09-30": "48.04590", "2009-06-30": "47.94850", "2009-03-31": "47.80230", "2008-12-31": "48.20070", "2008-09-30": "48.05800", "2008-06-30": "48.30010", "2008-03-31": "48.62840", "2007-12-31": "49.83360", "2007-09-30": "49.66310", "2007-06-30": "50.07700", "2007-03-31": "50.26340", "2006-12-31": "51.17890", "2006-09-30": "50.87990", "2006-06-30": "51.49200", "2006-03-31": "52.13540", "2005-12-31": "53.31100", "2005-09-30": "52.84500", "2005-06-30": "53.40380", "2005-03-31": "55.02010"}, "Basic EPS": {"2020-12-31": "1.06000", "2020-09-30": "0.95000", "2020-06-30": "0.98000", "2020-03-31": "0.88000", "2019-12-31": "1.45000", "2019-09-30": "1.30000", "2019-06-30": "1.40000", "2019-03-31": "1.44000", "2018-12-31": "1.29000", "2018-09-30": "1.37000", "2018-06-30": "1.31000", "2018-03-31": "1.29000", "2017-12-31": "1.02000", "2017-09-30": "1.09000", "2017-06-30": "1.05000", "2017-03-31": "1.21000", "2016-12-31": "1.03000", "2016-09-30": "1.02000", "2016-06-30": "1.04000", "2016-03-31": "1.17000", "2015-12-31": "1.00000", "2015-09-30": "0.79000", "2015-06-30": "0.95000", "2015-03-31": "0.98000", "2014-12-31": "0.95000", "2014-09-30": "0.95000", "2014-06-30": "0.94000", "2014-03-31": "0.87000", "2013-12-31": "0.88000", "2013-09-30": "0.85000", "2013-06-30": "0.85000", "2013-03-31": "0.81000", "2012-12-31": "0.90000", "2012-09-30": "0.92000", "2012-06-30": "0.90000", "2012-03-31": "0.96000", "2011-12-31": "0.84000", "2011-09-30": "0.93000", "2011-06-30": "0.74000", "2011-03-31": "0.89000", "2010-12-31": "0.85000", "2010-09-30": "0.91000", "2010-06-30": "0.97000", "2010-03-31": "1.10000", "2009-12-31": "0.85000", "2009-09-30": "0.76000", "2009-06-30": "0.65000", "2009-03-31": "0.76000", "2008-12-31": "0.83000", "2008-09-30": "1.00000", "2008-06-30": "1.01000", "2008-03-31": "1.19000", "2007-12-31": "0.84000", "2007-09-30": "0.98000", "2007-06-30": "0.97000", "2007-03-31": "0.96000", "2006-12-31": "1.02000", "2006-09-30": "0.94000", "2006-06-30": "0.74000", "2006-03-31": "0.89000", "2005-12-31": "0.88000", "2005-09-30": "0.87000", "2005-06-30": "0.90000", "2005-03-31": "0.85000"}, "EPS - Earnings Per Share": {"2020-12-31": "1.06000", "2020-09-30": "0.95000", "2020-06-30": "0.98000", "2020-03-31": "0.87000", "2019-12-31": "1.44000", "2019-09-30": "1.29000", "2019-06-30": "1.40000", "2019-03-31": "1.43000", "2018-12-31": "1.29000", "2018-09-30": "1.36000", "2018-06-30": "1.30000", "2018-03-31": "1.28000", "2017-12-31": "1.00000", "2017-09-30": "1.08000", "2017-06-30": "1.05000", "2017-03-31": "1.20000", "2016-12-31": "1.02000", "2016-09-30": "1.02000", "2016-06-30": "1.03000", "2016-03-31": "1.16000", "2015-12-31": "0.99000", "2015-09-30": "0.79000", "2015-06-30": "0.95000", "2015-03-31": "0.97000", "2014-12-31": "0.93000", "2014-09-30": "0.95000", "2014-06-30": "0.94000", "2014-03-31": "0.87000", "2013-12-31": "0.87000", "2013-09-30": "0.85000", "2013-06-30": "0.85000", "2013-03-31": "0.81000", "2012-12-31": "0.90000", "2012-09-30": "0.92000", "2012-06-30": "0.90000", "2012-03-31": "0.95000", "2011-12-31": "0.85000", "2011-09-30": "0.92000", "2011-06-30": "0.74000", "2011-03-31": "0.88000", "2010-12-31": "0.84000", "2010-09-30": "0.91000", "2010-06-30": "0.96000", "2010-03-31": "1.09000", "2009-12-31": "0.84000", "2009-09-30": "0.76000", "2009-06-30": "0.65000", "2009-03-31": "0.75000", "2008-12-31": "0.82000", "2008-09-30": "0.99000", "2008-06-30": "1.00000", "2008-03-31": "1.18000", "2007-12-31": "0.84000", "2007-09-30": "0.96000", "2007-06-30": "0.95000", "2007-03-31": "0.94000", "2006-12-31": "1.01000", "2006-09-30": "0.92000", "2006-06-30": "0.72000", "2006-03-31": "0.87000", "2005-12-31": "0.86000", "2005-09-30": "0.85000", "2005-06-30": "0.87000", "2005-03-31": "0.83000"}}, "balance sheet": {"Cash On Hand": {"2020-12-31": "614.08800", "2019-12-31": "558.65800", "2018-12-31": "525.96900", "2017-12-31": "447.85100", "2016-12-31": "879.60700", "2015-12-31": "755.72110", "2014-12-31": "535.57600", "2013-12-31": "463.74600", "2012-12-31": "352.86100", "2011-12-31": "669.90890", "2010-12-31": "607.54700", "2009-12-31": "555.06700", "2008-12-31": "887.98200", "2007-12-31": "455.55800", "2006-12-31": "453.33200", "2005-12-31": "498.71800"}, "Receivables": {"2020-12-31": "", "2019-12-31": "", "2018-12-31": "", "2017-12-31": "", "2016-12-31": "", "2015-12-31": "", "2014-12-31": "", "2013-12-31": "", "2012-12-31": "", "2011-12-31": "", "2010-12-31": "", "2009-12-31": "", "2008-12-31": "", "2007-12-31": "", "2006-12-31": "", "2005-12-31": ""}, "Inventory": {"2020-12-31": "", "2019-12-31": "", "2018-12-31": "", "2017-12-31": "", "2016-12-31": "", "2015-12-31": "", "2014-12-31": "", "2013-12-31": "", "2012-12-31": "", "2011-12-31": "", "2010-12-31": "", "2009-12-31": "", "2008-12-31": "", "2007-12-31": "", "2006-12-31": "", "2005-12-31": ""}, "Pre-Paid Expenses": {"2020-12-31": "", "2019-12-31": "", "2018-12-31": "", "2017-12-31": "", "2016-12-31": "", "2015-12-31": "", "2014-12-31": "", "2013-12-31": "", "2012-12-31": "", "2011-12-31": "", "2010-12-31": "", "2009-12-31": "", "2008-12-31": "", "2007-12-31": "", "2006-12-31": "", "2005-12-31": ""}, "Other Current Assets": {"2020-12-31": "", "2019-12-31": "", "2018-12-31": "", "2017-12-31": "", "2016-12-31": "", "2015-12-31": "", "2014-12-31": "", "2013-12-31": "", "2012-12-31": "", "2011-12-31": "", "2010-12-31": "", "2009-12-31": "", "2008-12-31": "", "2007-12-31": "", "2006-12-31": "", "2005-12-31": ""}, "Total Current Assets": {"2020-12-31": "12469.72000", "2019-12-31": "11525.06000", "2018-12-31": "10930.27000", "2017-12-31": "10207.17000", "2016-12-31": "9834.06300", "2015-12-31": "8581.35400", "2014-12-31": "7374.26700", "2013-12-31": "6494.04400", "2012-12-31": "6142.97600", "2011-12-31": "6132.55000", "2010-12-31": "5855.13300", "2009-12-31": "6234.45800", "2008-12-31": "7357.47000", "2007-12-31": "7004.13500", "2006-12-31": "7047.95700", "2005-12-31": "6638.16800"}, "Property, Plant, And Equipment": {"2020-12-31": "199.69500", "2019-12-31": "188.38800", "2018-12-31": "151.83700", "2017-12-31": "130.92600", "2016-12-31": "113.50500", "2015-12-31": "111.19900", "2014-12-31": "109.85400", "2013-12-31": "108.63600", "2012-12-31": "105.00500", "2011-12-31": "103.55000", "2010-12-31": "108.17000", "2009-12-31": "110.97600", "2008-12-31": "116.12000", "2007-12-31": "117.17700", "2006-12-31": "125.92500", "2005-12-31": "133.91300"}, "Long-Term Investments": {"2020-12-31": "7054.41600", "2019-12-31": "5661.29700", "2018-12-31": "5490.03400", "2017-12-31": "6161.14900", "2016-12-31": "6019.03800", "2015-12-31": "6239.55400", "2014-12-31": "6755.86900", "2013-12-31": "6988.21600", "2012-12-31": "6962.62200", "2011-12-31": "7109.68100", "2010-12-31": "6661.12300", "2009-12-31": "5511.85200", "2008-12-31": "2758.87400", "2007-12-31": "2855.76700", "2006-12-31": "2969.22100", "2005-12-31": "2992.45500"}, "Goodwill And Intangible Assets": {"2020-12-31": "51.16900", "2019-12-31": "56.53900", "2018-12-31": "55.82700", "2017-12-31": "56.13900", "2016-12-31": "55.18000", "2015-12-31": "54.51900", "2014-12-31": "56.21200", "2013-12-31": "59.64000", "2012-12-31": "56.75700", "2011-12-31": "55.79600", "2010-12-31": "56.89600", "2009-12-31": "57.48700", "2008-12-31": "56.01600", "2007-12-31": "62.54700", "2006-12-31": "54.39600", "2005-12-31": "52.96900"}, "Other Long-Term Assets": {"2020-12-31": "729.10500", "2019-12-31": "563.37300", "2018-12-31": "516.00900", "2017-12-31": "533.67000", "2016-12-31": "470.58200", "2015-12-31": "468.39100", "2014-12-31": "491.00600", "2013-12-31": "433.74400", "2012-12-31": "461.01200", "2011-12-31": "444.81400", "2010-12-31": "445.46500", "2009-12-31": "500.05400", "2008-12-31": "474.99500", "2007-12-31": "433.31600", "2006-12-31": "374.31600", "2005-12-31": "369.53300"}, "Total Long-Term Assets": {"2020-12-31": "8034.38500", "2019-12-31": "6469.59700", "2018-12-31": "6213.70700", "2017-12-31": "6881.88400", "2016-12-31": "6658.30500", "2015-12-31": "6873.66400", "2014-12-31": "7412.94100", "2013-12-31": "7590.23600", "2012-12-31": "7585.39600", "2011-12-31": "7713.84000", "2010-12-31": "7271.65400", "2009-12-31": "6180.36900", "2008-12-31": "3406.00500", "2007-12-31": "3468.80700", "2006-12-31": "3523.85800", "2005-12-31": "3548.87000"}, "Total Assets": {"2020-12-31": "20603.65000", "2019-12-31": "18095.50000", "2018-12-31": "17143.97000", "2017-12-31": "17089.05000", "2016-12-31": "16492.37000", "2015-12-31": "15455.02000", "2014-12-31": "14787.21000", "2013-12-31": "14084.28000", "2012-12-31": "13728.37000", "2011-12-31": "13846.39000", "2010-12-31": "13126.79000", "2009-12-31": "12414.83000", "2008-12-31": "10763.47000", "2007-12-31": "10472.94000", "2006-12-31": "10571.82000", "2005-12-31": "10187.04000"}, "Total Current Liabilities": {"2020-12-31": "18819.79000", "2019-12-31": "16412.91000", "2018-12-31": "15559.73000", "2017-12-31": "15420.22000", "2016-12-31": "14880.24000", "2015-12-31": "13910.06000", "2014-12-31": "13363.07000", "2013-12-31": "12734.47000", "2012-12-31": "12392.52000", "2011-12-31": "12631.06000", "2010-12-31": "11932.72000", "2009-12-31": "11281.73000", "2008-12-31": "9586.41100", "2007-12-31": "9357.34600", "2006-12-31": "9443.56600", "2005-12-31": "9075.46500"}, "Long Term Debt": {"2020-12-31": "60.48100", "2019-12-31": "85.56500", "2018-12-31": "135.64300", "2017-12-31": "260.71600", "2016-12-31": "267.93800", "2015-12-31": "245.78600", "2014-12-31": "173.91200", "2013-12-31": "174.70600", "2012-12-31": "128.05500", "2011-12-31": "30.69600", "2010-12-31": "32.65200", "2009-12-31": "90.31700", "2008-12-31": "203.28500", "2007-12-31": "235.37100", "2006-12-31": "260.28800", "2005-12-31": "242.70300"}, "Other Non-Current Liabilities": {"2020-12-31": "190.26300", "2019-12-31": "157.47200", "2018-12-31": "139.91100", "2017-12-31": "138.94000", "2016-12-31": "134.19900", "2015-12-31": "135.53400", "2014-12-31": "139.65900", "2013-12-31": "128.16800", "2012-12-31": "138.47900", "2011-12-31": "135.02100", "2010-12-31": "119.39900", "2009-12-31": "109.36900", "2008-12-31": "128.29900", "2007-12-31": "99.98700", "2006-12-31": "100.23200", "2005-12-31": "104.40200"}, "Total Long Term Liabilities": {"2020-12-31": "250.74400", "2019-12-31": "243.03700", "2018-12-31": "275.55400", "2017-12-31": "399.65600", "2016-12-31": "402.13700", "2015-12-31": "381.32000", "2014-12-31": "313.57100", "2013-12-31": "302.87400", "2012-12-31": "266.53400", "2011-12-31": "165.71700", "2010-12-31": "152.05100", "2009-12-31": "199.68600", "2008-12-31": "331.58400", "2007-12-31": "335.35800", "2006-12-31": "360.52000", "2005-12-31": "347.10500"}, "Total Liabilities": {"2020-12-31": "19229.14000", "2019-12-31": "16808.66000", "2018-12-31": "15875.77000", "2017-12-31": "15857.18000", "2016-12-31": "15330.83000", "2015-12-31": "14338.76000", "2014-12-31": "13732.12000", "2013-12-31": "13072.30000", "2012-12-31": "12706.71000", "2011-12-31": "12843.72000", "2010-12-31": "12115.65000", "2009-12-31": "11518.85000", "2008-12-31": "9972.77100", "2007-12-31": "9722.68700", "2006-12-31": "9852.39500", "2005-12-31": "9493.68600"}, "Common Stock Net": {"2020-12-31": "0.58000", "2019-12-31": "0.57900", "2018-12-31": "0.57700", "2017-12-31": "0.57600", "2016-12-31": "0.57600", "2015-12-31": "0.57500", "2014-12-31": "0.57400", "2013-12-31": "0.57200", "2012-12-31": "0.57100", "2011-12-31": "0.57100", "2010-12-31": "0.57000", "2009-12-31": "0.56900", "2008-12-31": "0.56800", "2007-12-31": "0.56700", "2006-12-31": "0.56600", "2005-12-31": "0.56500"}, "Retained Earnings (Accumulated Deficit)": {"2020-12-31": "1811.97900", "2019-12-31": "1761.41500", "2018-12-31": "1641.31400", "2017-12-31": "1512.21800", "2016-12-31": "1415.44000", "2015-12-31": "1316.26000", "2014-12-31": "1234.80100", "2013-12-31": "1151.75400", "2012-12-31": "1084.47700", "2011-12-31": "1003.93800", "2010-12-31": "932.62900", "2009-12-31": "843.52100", "2008-12-31": "787.92400", "2007-12-31": "688.63800", "2006-12-31": "630.66000", "2005-12-31": "546.59100"}, "Comprehensive Income": {"2020-12-31": "7.82200", "2019-12-31": "-31.11200", "2018-12-31": "-51.04300", "2017-12-31": "-34.71500", "2016-12-31": "-33.90600", "2015-12-31": "-23.55700", "2014-12-31": "-26.68600", "2013-12-31": "-31.82300", "2012-12-31": "29.20800", "2011-12-31": "35.26300", "2010-12-31": "26.96500", "2009-12-31": "6.92500", "2008-12-31": "-28.88800", "2007-12-31": "-5.09100", "2006-12-31": "-39.08400", "2005-12-31": "-47.81800"}, "Other Share Holders Equity": {"2020-12-31": "", "2019-12-31": "", "2018-12-31": "", "2017-12-31": "", "2016-12-31": "", "2015-12-31": "", "2014-12-31": "", "2013-12-31": "", "2012-12-31": "", "2011-12-31": "", "2010-12-31": "", "2009-12-31": "", "2008-12-31": "", "2007-12-31": "", "2006-12-31": "", "2005-12-31": ""}, "Share Holder Equity": {"2020-12-31": "1374.50700", "2019-12-31": "1286.83200", "2018-12-31": "1268.20000", "2017-12-31": "1231.86800", "2016-12-31": "1161.53700", "2015-12-31": "1116.26000", "2014-12-31": "1055.08600", "2013-12-31": "1011.97600", "2012-12-31": "1021.66500", "2011-12-31": "1002.66700", "2010-12-31": "1011.13300", "2009-12-31": "895.97300", "2008-12-31": "790.70400", "2007-12-31": "750.25500", "2006-12-31": "719.42000", "2005-12-31": "693.35200"}, "Total Liabilities And Share Holders Equity": {"2020-12-31": "20603.65000", "2019-12-31": "18095.50000", "2018-12-31": "17143.97000", "2017-12-31": "17089.05000", "2016-12-31": "16492.37000", "2015-12-31": "15455.02000", "2014-12-31": "14787.21000", "2013-12-31": "14084.28000", "2012-12-31": "13728.37000", "2011-12-31": "13846.39000", "2010-12-31": "13126.79000", "2009-12-31": "12414.83000", "2008-12-31": "10763.47000", "2007-12-31": "10472.94000", "2006-12-31": "10571.82000", "2005-12-31": "10187.04000"}}, "balance sheet, quarterly": {"Cash On Hand": {"2020-12-31": "614.08800", "2020-09-30": "1000.92400", "2020-06-30": "1045.59000", "2020-03-31": "556.70900", "2019-12-31": "558.65800", "2019-09-30": "370.88400", "2019-06-30": "490.36300", "2019-03-31": "541.28800", "2018-12-31": "525.96900", "2018-09-30": "334.97300", "2018-06-30": "677.76000", "2018-03-31": "565.22600", "2017-12-31": "447.85100", "2017-09-30": "761.51600", "2017-06-30": "874.22700", "2017-03-31": "743.52300", "2016-12-31": "879.60700", "2016-09-30": "638.11100", "2016-06-30": "753.05000", "2016-03-31": "794.67100", "2015-12-31": "755.72110", "2015-09-30": "487.08300", "2015-06-30": "756.89200", "2015-03-31": "775.50700", "2014-12-31": "535.57600", "2014-09-30": "553.57200", "2014-06-30": "942.77700", "2014-03-31": "545.31800", "2013-12-31": "463.74600", "2013-09-30": "389.21600", "2013-06-30": "470.94300", "2013-03-31": "283.37000", "2012-12-31": "352.86100", "2012-09-30": "409.93600", "2012-06-30": "634.24000", "2012-03-31": "370.89100", "2011-12-31": "669.90890", "2011-09-30": "452.48000", "2011-06-30": "657.16400", "2011-03-31": "647.84100", "2010-12-31": "607.54700", "2010-09-30": "444.52600", "2010-06-30": "703.46700", "2010-03-31": "629.71800", "2009-12-31": "555.06700", "2009-09-30": "698.54300", "2009-06-30": "954.55900", "2009-03-31": "1200.01900", "2008-12-31": "887.98200", "2008-09-30": "390.60000", "2008-06-30": "381.03800", "2008-03-31": "710.74500", "2007-12-31": "455.55800", "2007-09-30": "472.56900", "2007-06-30": "799.54900", "2007-03-31": "626.58000", "2006-12-31": "453.33200", "2006-09-30": "288.85900", "2006-06-30": "401.20600", "2006-03-31": "755.60700", "2005-12-31": "498.71800", "2005-09-30": "316.27100", "2005-06-30": "347.94000", "2005-03-31": "382.74900"}, "Receivables": {"2020-12-31": "", "2020-09-30": "", "2020-06-30": "", "2020-03-31": "", "2019-12-31": "", "2019-09-30": "", "2019-06-30": "", "2019-03-31": "", "2018-12-31": "", "2018-09-30": "", "2018-06-30": "", "2018-03-31": "", "2017-12-31": "", "2017-09-30": "", "2017-06-30": "", "2017-03-31": "", "2016-12-31": "", "2016-09-30": "", "2016-06-30": "", "2016-03-31": "", "2015-12-31": "", "2015-09-30": "", "2015-06-30": "", "2015-03-31": "", "2014-12-31": "", "2014-09-30": "", "2014-06-30": "", "2014-03-31": "", "2013-12-31": "", "2013-09-30": "", "2013-06-30": "", "2013-03-31": "", "2012-12-31": "", "2012-09-30": "", "2012-06-30": "", "2012-03-31": "", "2011-12-31": "", "2011-09-30": "", "2011-06-30": "", "2011-03-31": "", "2010-12-31": "", "2010-09-30": "", "2010-06-30": "", "2010-03-31": "", "2009-12-31": "", "2009-09-30": "", "2009-06-30": "", "2009-03-31": "", "2008-12-31": "", "2008-09-30": "", "2008-06-30": "", "2008-03-31": "", "2007-12-31": "", "2007-09-30": "", "2007-06-30": "", "2007-03-31": "", "2006-12-31": "", "2006-09-30": "", "2006-06-30": "", "2006-03-31": "", "2005-12-31": "", "2005-09-30": "", "2005-06-30": "", "2005-03-31": ""}, "Inventory": {"2020-12-31": "", "2020-09-30": "", "2020-06-30": "", "2020-03-31": "", "2019-12-31": "", "2019-09-30": "", "2019-06-30": "", "2019-03-31": "", "2018-12-31": "", "2018-09-30": "", "2018-06-30": "", "2018-03-31": "", "2017-12-31": "", "2017-09-30": "", "2017-06-30": "", "2017-03-31": "", "2016-12-31": "", "2016-09-30": "", "2016-06-30": "", "2016-03-31": "", "2015-12-31": "", "2015-09-30": "", "2015-06-30": "", "2015-03-31": "", "2014-12-31": "", "2014-09-30": "", "2014-06-30": "", "2014-03-31": "", "2013-12-31": "", "2013-09-30": "", "2013-06-30": "", "2013-03-31": "", "2012-12-31": "", "2012-09-30": "", "2012-06-30": "", "2012-03-31": "", "2011-12-31": "", "2011-09-30": "", "2011-06-30": "", "2011-03-31": "", "2010-12-31": "", "2010-09-30": "", "2010-06-30": "", "2010-03-31": "", "2009-12-31": "", "2009-09-30": "", "2009-06-30": "", "2009-03-31": "", "2008-12-31": "", "2008-09-30": "", "2008-06-30": "", "2008-03-31": "", "2007-12-31": "", "2007-09-30": "", "2007-06-30": "", "2007-03-31": "", "2006-12-31": "", "2006-09-30": "", "2006-06-30": "", "2006-03-31": "", "2005-12-31": "", "2005-09-30": "", "2005-06-30": "", "2005-03-31": ""}, "Pre-Paid Expenses": {"2020-12-31": "", "2020-09-30": "", "2020-06-30": "", "2020-03-31": "", "2019-12-31": "", "2019-09-30": "", "2019-06-30": "", "2019-03-31": "", "2018-12-31": "", "2018-09-30": "", "2018-06-30": "", "2018-03-31": "", "2017-12-31": "", "2017-09-30": "", "2017-06-30": "", "2017-03-31": "", "2016-12-31": "", "2016-09-30": "", "2016-06-30": "", "2016-03-31": "", "2015-12-31": "", "2015-09-30": "", "2015-06-30": "", "2015-03-31": "", "2014-12-31": "", "2014-09-30": "", "2014-06-30": "", "2014-03-31": "", "2013-12-31": "", "2013-09-30": "", "2013-06-30": "", "2013-03-31": "", "2012-12-31": "", "2012-09-30": "", "2012-06-30": "", "2012-03-31": "", "2011-12-31": "", "2011-09-30": "", "2011-06-30": "", "2011-03-31": "", "2010-12-31": "", "2010-09-30": "", "2010-06-30": "", "2010-03-31": "", "2009-12-31": "", "2009-09-30": "", "2009-06-30": "", "2009-03-31": "", "2008-12-31": "", "2008-09-30": "", "2008-06-30": "", "2008-03-31": "", "2007-12-31": "", "2007-09-30": "", "2007-06-30": "", "2007-03-31": "", "2006-12-31": "", "2006-09-30": "", "2006-06-30": "", "2006-03-31": "", "2005-12-31": "", "2005-09-30": "", "2005-06-30": "", "2005-03-31": ""}, "Other Current Assets": {"2020-12-31": "", "2020-09-30": "", "2020-06-30": "", "2020-03-31": "", "2019-12-31": "", "2019-09-30": "", "2019-06-30": "", "2019-03-31": "", "2018-12-31": "", "2018-09-30": "", "2018-06-30": "", "2018-03-31": "", "2017-12-31": "", "2017-09-30": "", "2017-06-30": "", "2017-03-31": "", "2016-12-31": "", "2016-09-30": "", "2016-06-30": "", "2016-03-31": "", "2015-12-31": "", "2015-09-30": "", "2015-06-30": "", "2015-03-31": "", "2014-12-31": "", "2014-09-30": "", "2014-06-30": "", "2014-03-31": "", "2013-12-31": "", "2013-09-30": "", "2013-06-30": "", "2013-03-31": "", "2012-12-31": "", "2012-09-30": "", "2012-06-30": "", "2012-03-31": "", "2011-12-31": "", "2011-09-30": "", "2011-06-30": "", "2011-03-31": "", "2010-12-31": "", "2010-09-30": "", "2010-06-30": "", "2010-03-31": "", "2009-12-31": "", "2009-09-30": "", "2009-06-30": "", "2009-03-31": "", "2008-12-31": "", "2008-09-30": "", "2008-06-30": "", "2008-03-31": "", "2007-12-31": "", "2007-09-30": "", "2007-06-30": "", "2007-03-31": "", "2006-12-31": "", "2006-09-30": "", "2006-06-30": "", "2006-03-31": "", "2005-12-31": "", "2005-09-30": "", "2005-06-30": "", "2005-03-31": ""}, "Total Current Assets": {"2020-12-31": "12469.73000", "2020-09-30": "12648.41000", "2020-06-30": "12748.88000", "2020-03-31": "11839.12000", "2019-12-31": "11525.06000", "2019-09-30": "11227.86000", "2019-06-30": "11214.25000", "2019-03-31": "11054.60000", "2018-12-31": "10930.27000", "2018-09-30": "10530.25000", "2018-06-30": "10689.51000", "2018-03-31": "10450.41000", "2017-12-31": "10207.17000", "2017-09-30": "10289.87000", "2017-06-30": "10222.43000", "2017-03-31": "9821.82200", "2016-12-31": "9834.06300", "2016-09-30": "9343.16700", "2016-06-30": "9132.12000", "2016-03-31": "8819.96200", "2015-12-31": "8581.35400", "2015-09-30": "8123.55100", "2015-06-30": "8142.28200", "2015-03-31": "7895.64200", "2014-12-31": "7374.26700", "2014-09-30": "7098.58300", "2014-06-30": "7303.28100", "2014-03-31": "6689.91700", "2013-12-31": "6494.04400", "2013-09-30": "6337.02000", "2013-06-30": "6274.88900", "2013-03-31": "6009.81100", "2012-12-31": "6142.97600", "2012-09-30": "6134.67400", "2012-06-30": "6232.72400", "2012-03-31": "5893.02100", "2011-12-31": "6132.55000", "2011-09-30": "5714.35500", "2011-06-30": "5918.65700", "2011-03-31": "5885.66000", "2010-12-31": "5855.13300", "2010-09-30": "5669.68000", "2010-06-30": "6052.03100", "2010-03-31": "6147.44100", "2009-12-31": "6234.45800", "2009-09-30": "6550.58600", "2009-06-30": "7053.17400", "2009-03-31": "7466.20000", "2008-12-31": "7357.47000", "2008-09-30": "6871.77400", "2008-06-30": "6852.00200", "2008-03-31": "7250.48800", "2007-12-31": "7004.13500", "2007-09-30": "7044.12100", "2007-06-30": "7339.55900", "2007-03-31": "7112.28800", "2006-12-31": "7047.95700", "2006-09-30": "6752.46900", "2006-06-30": "6813.29100", "2006-03-31": "6978.30000", "2005-12-31": "6638.16800", "2005-09-30": "6487.23700", "2005-06-30": "6455.34400", "2005-03-31": "6353.91100"}, "Property, Plant, And Equipment": {"2020-12-31": "199.69500", "2020-09-30": "199.02100", "2020-06-30": "198.58200", "2020-03-31": "196.22800", "2019-12-31": "188.38800", "2019-09-30": "179.45300", "2019-06-30": "169.67100", "2019-03-31": "159.34400", "2018-12-31": "151.83700", "2018-09-30": "142.92800", "2018-06-30": "142.79100", "2018-03-31": "137.20100", "2017-12-31": "130.92600", "2017-09-30": "125.16200", "2017-06-30": "119.56900", "2017-03-31": "114.86500", "2016-12-31": "113.50500", "2016-09-30": "110.28800", "2016-06-30": "109.83200", "2016-03-31": "111.08600", "2015-12-31": "111.19900", "2015-09-30": "108.98700", "2015-06-30": "108.43900", "2015-03-31": "109.22300", "2014-12-31": "109.85400", "2014-09-30": "107.56000", "2014-06-30": "108.11600", "2014-03-31": "107.32300", "2013-12-31": "108.63600", "2013-09-30": "105.18100", "2013-06-30": "105.75200", "2013-03-31": "104.84400", "2012-12-31": "105.00500", "2012-09-30": "107.14400", "2012-06-30": "107.42100", "2012-03-31": "106.54300", "2011-12-31": "103.55000", "2011-09-30": "104.50900", "2011-06-30": "105.78500", "2011-03-31": "106.72900", "2010-12-31": "108.17000", "2010-09-30": "108.85500", "2010-06-30": "108.39400", "2010-03-31": "110.31000", "2009-12-31": "110.97600", "2009-09-30": "110.17300", "2009-06-30": "112.68100", "2009-03-31": "114.53600", "2008-12-31": "116.12000", "2008-09-30": "118.33300", "2008-06-30": "117.32300", "2008-03-31": "116.68300", "2007-12-31": "117.17700", "2007-09-30": "120.31800", "2007-06-30": "122.92900", "2007-03-31": "123.30900", "2006-12-31": "125.92500", "2006-09-30": "127.52100", "2006-06-30": "130.43500", "2006-03-31": "143.39200", "2005-12-31": "133.91300", "2005-09-30": "135.95200", "2005-06-30": "137.90700", "2005-03-31": "141.61500"}, "Long-Term Investments": {"2020-12-31": "7054.41600", "2020-09-30": "6389.14300", "2020-06-30": "6003.30700", "2020-03-31": "5685.18800", "2019-12-31": "5661.29700", "2019-09-30": "5541.30400", "2019-06-30": "5609.56000", "2019-03-31": "5528.06700", "2018-12-31": "5490.03400", "2018-09-30": "5714.17400", "2018-06-30": "5688.76100", "2018-03-31": "5973.27900", "2017-12-31": "6161.14900", "2017-09-30": "6283.26600", "2017-06-30": "6099.43000", "2017-03-31": "6189.65800", "2016-12-31": "6019.03800", "2016-09-30": "6029.39700", "2016-06-30": "6097.83800", "2016-03-31": "6205.45400", "2015-12-31": "6239.55400", "2015-09-30": "6401.49000", "2015-06-30": "6474.48200", "2015-03-31": "6577.53900", "2014-12-31": "6755.86900", "2014-09-30": "6778.52700", "2014-06-30": "6914.31300", "2014-03-31": "6965.55800", "2013-12-31": "6988.21600", "2013-09-30": "6910.53500", "2013-06-30": "6843.23700", "2013-03-31": "6888.66000", "2012-12-31": "6962.62200", "2012-09-30": "6599.46800", "2012-06-30": "7069.13700", "2012-03-31": "7248.53200", "2011-12-31": "7109.68100", "2011-09-30": "6969.32000", "2011-06-30": "6624.62500", "2011-03-31": "6471.80600", "2010-12-31": "6661.12300", "2010-09-30": "6355.14100", "2010-06-30": "6133.94900", "2010-03-31": "5614.33800", "2009-12-31": "5511.85200", "2009-09-30": "5022.03200", "2009-06-30": "4502.71800", "2009-03-31": "3334.78500", "2008-12-31": "2758.87400", "2008-09-30": "2821.19400", "2008-06-30": "2907.09800", "2008-03-31": "2949.54200", "2007-12-31": "2855.76700", "2007-09-30": "2899.63500", "2007-06-30": "2782.78600", "2007-03-31": "2788.19500", "2006-12-31": "2969.22100", "2006-09-30": "3050.15300", "2006-06-30": "2939.07700", "2006-03-31": "2982.22500", "2005-12-31": "2992.45500", "2005-09-30": "3039.00300", "2005-06-30": "3040.91800", "2005-03-31": "3054.28100"}, "Goodwill And Intangible Assets": {"2020-12-31": "51.16900", "2020-09-30": "53.40400", "2020-06-30": "54.42100", "2020-03-31": "54.05400", "2019-12-31": "56.53900", "2019-09-30": "55.92500", "2019-06-30": "55.75000", "2019-03-31": "55.66600", "2018-12-31": "55.82700", "2018-09-30": "55.98000", "2018-06-30": "56.10000", "2018-03-31": "56.01000", "2017-12-31": "56.13900", "2017-09-30": "55.95300", "2017-06-30": "55.98800", "2017-03-31": "55.80800", "2016-12-31": "55.18000", "2016-09-30": "52.50800", "2016-06-30": "51.14800", "2016-03-31": "54.18000", "2015-12-31": "54.51900", "2015-09-30": "54.81800", "2015-06-30": "54.94300", "2015-03-31": "55.16000", "2014-12-31": "56.21200", "2014-09-30": "57.07600", "2014-06-30": "57.91400", "2014-03-31": "58.89500", "2013-12-31": "59.64000", "2013-09-30": "59.53200", "2013-06-30": "59.14800", "2013-03-31": "58.05700", "2012-12-31": "56.75700", "2012-09-30": "55.49700", "2012-06-30": "54.77100", "2012-03-31": "55.43200", "2011-12-31": "55.79600", "2011-09-30": "55.50700", "2011-06-30": "56.58900", "2011-03-31": "57.43600", "2010-12-31": "56.89600", "2010-09-30": "55.83300", "2010-06-30": "57.16300", "2010-03-31": "57.59900", "2009-12-31": "57.48700", "2009-09-30": "60.39600", "2009-06-30": "59.69000", "2009-03-31": "58.48700", "2008-12-31": "56.01600", "2008-09-30": "62.66600", "2008-06-30": "65.23100", "2008-03-31": "62.10800", "2007-12-31": "62.54700", "2007-09-30": "63.36600", "2007-06-30": "64.07100", "2007-03-31": "61.96400", "2006-12-31": "54.39600", "2006-09-30": "53.95400", "2006-06-30": "53.70900", "2006-03-31": "53.42700", "2005-12-31": "52.96900", "2005-09-30": "53.00800", "2005-06-30": "53.19800", "2005-03-31": "53.46900"}, "Other Long-Term Assets": {"2020-12-31": "729.10500", "2020-09-30": "723.31500", "2020-06-30": "667.58900", "2020-03-31": "668.94400", "2019-12-31": "563.37300", "2019-09-30": "566.59000", "2019-06-30": "536.27600", "2019-03-31": "544.56700", "2018-12-31": "516.00900", "2018-09-30": "548.40500", "2018-06-30": "546.99600", "2018-03-31": "519.13500", "2017-12-31": "533.67000", "2017-09-30": "514.05200", "2017-06-30": "483.86900", "2017-03-31": "482.06300", "2016-12-31": "470.58200", "2016-09-30": "479.28400", "2016-06-30": "469.96300", "2016-03-31": "464.01300", "2015-12-31": "468.39100", "2015-09-30": "475.27700", "2015-06-30": "467.89700", "2015-03-31": "501.61500", "2014-12-31": "491.00600", "2014-09-30": "468.42000", "2014-06-30": "460.88000", "2014-03-31": "441.42500", "2013-12-31": "433.74400", "2013-09-30": "436.60300", "2013-06-30": "450.39200", "2013-03-31": "464.29500", "2012-12-31": "461.01200", "2012-09-30": "485.64200", "2012-06-30": "451.57400", "2012-03-31": "455.88100", "2011-12-31": "444.81400", "2011-09-30": "461.06700", "2011-06-30": "455.54800", "2011-03-31": "440.67300", "2010-12-31": "445.46500", "2010-09-30": "527.09400", "2010-06-30": "504.30800", "2010-03-31": "505.98200", "2009-12-31": "500.05400", "2009-09-30": "464.83800", "2009-06-30": "466.43200", "2009-03-31": "474.12000", "2008-12-31": "474.99500", "2008-09-30": "461.08000", "2008-06-30": "429.49500", "2008-03-31": "443.98000", "2007-12-31": "433.31600", "2007-09-30": "422.15500", "2007-06-30": "413.22300", "2007-03-31": "406.20100", "2006-12-31": "374.31600", "2006-09-30": "387.11800", "2006-06-30": "388.67800", "2006-03-31": "370.70500", "2005-12-31": "369.53300", "2005-09-30": "370.03500", "2005-06-30": "372.32300", "2005-03-31": "304.75400"}, "Total Long-Term Assets": {"2020-12-31": "8034.38500", "2020-09-30": "7364.88300", "2020-06-30": "6923.89900", "2020-03-31": "6604.41400", "2019-12-31": "6469.59700", "2019-09-30": "6343.27100", "2019-06-30": "6371.25700", "2019-03-31": "6287.64400", "2018-12-31": "6213.70700", "2018-09-30": "6461.48700", "2018-06-30": "6434.64800", "2018-03-31": "6685.62500", "2017-12-31": "6881.88400", "2017-09-30": "6978.43300", "2017-06-30": "6758.85500", "2017-03-31": "6842.39500", "2016-12-31": "6658.30500", "2016-09-30": "6671.47700", "2016-06-30": "6728.78100", "2016-03-31": "6834.73300", "2015-12-31": "6873.66400", "2015-09-30": "7040.57200", "2015-06-30": "7105.76100", "2015-03-31": "7243.53800", "2014-12-31": "7412.94100", "2014-09-30": "7411.58300", "2014-06-30": "7541.22400", "2014-03-31": "7573.20100", "2013-12-31": "7590.23600", "2013-09-30": "7511.85200", "2013-06-30": "7458.52900", "2013-03-31": "7515.85600", "2012-12-31": "7585.39600", "2012-09-30": "7247.75100", "2012-06-30": "7682.90300", "2012-03-31": "7866.38800", "2011-12-31": "7713.84000", "2011-09-30": "7590.40300", "2011-06-30": "7242.54700", "2011-03-31": "7076.64400", "2010-12-31": "7271.65400", "2010-09-30": "7046.92300", "2010-06-30": "6803.81400", "2010-03-31": "6288.22900", "2009-12-31": "6180.36900", "2009-09-30": "5657.43800", "2009-06-30": "5141.52100", "2009-03-31": "3981.92800", "2008-12-31": "3406.00500", "2008-09-30": "3463.27300", "2008-06-30": "3519.14700", "2008-03-31": "3572.31300", "2007-12-31": "3468.80700", "2007-09-30": "3505.47400", "2007-06-30": "3383.00900", "2007-03-31": "3379.66900", "2006-12-31": "3523.85800", "2006-09-30": "3618.74600", "2006-06-30": "3511.89900", "2006-03-31": "3549.74900", "2005-12-31": "3548.87000", "2005-09-30": "3597.99800", "2005-06-30": "3604.34600", "2005-03-31": "3554.11900"}, "Total Assets": {"2020-12-31": "20603.65000", "2020-09-30": "20109.49000", "2020-06-30": "19769.94000", "2020-03-31": "18542.23000", "2019-12-31": "18095.50000", "2019-09-30": "17672.14000", "2019-06-30": "17688.85000", "2019-03-31": "17446.41000", "2018-12-31": "17143.97000", "2018-09-30": "16991.73000", "2018-06-30": "17124.16000", "2018-03-31": "17136.03000", "2017-12-31": "17089.05000", "2017-09-30": "17268.30000", "2017-06-30": "16981.29000", "2017-03-31": "16664.21000", "2016-12-31": "16492.37000", "2016-09-30": "16014.64000", "2016-06-30": "15860.90000", "2016-03-31": "15654.70000", "2015-12-31": "15455.02000", "2015-09-30": "15164.12000", "2015-06-30": "15248.04000", "2015-03-31": "15139.18000", "2014-12-31": "14787.21000", "2014-09-30": "14510.17000", "2014-06-30": "14844.50000", "2014-03-31": "14263.12000", "2013-12-31": "14084.28000", "2013-09-30": "13848.87000", "2013-06-30": "13733.42000", "2013-03-31": "13525.67000", "2012-12-31": "13728.37000", "2012-09-30": "13382.42000", "2012-06-30": "13915.63000", "2012-03-31": "13759.41000", "2011-12-31": "13846.39000", "2011-09-30": "13304.76000", "2011-06-30": "13161.20000", "2011-03-31": "12962.30000", "2010-12-31": "13126.79000", "2010-09-30": "12716.60000", "2010-06-30": "12855.84000", "2010-03-31": "12435.67000", "2009-12-31": "12414.83000", "2009-09-30": "12208.03000", "2009-06-30": "12194.70000", "2009-03-31": "11448.13000", "2008-12-31": "10763.47000", "2008-09-30": "10335.05000", "2008-06-30": "10371.15000", "2008-03-31": "10822.80000", "2007-12-31": "10472.94000", "2007-09-30": "10549.59000", "2007-06-30": "10722.57000", "2007-03-31": "10491.96000", "2006-12-31": "10571.82000", "2006-09-30": "10371.21000", "2006-06-30": "10325.19000", "2006-03-31": "10528.05000", "2005-12-31": "10187.04000", "2005-09-30": "10085.24000", "2005-06-30": "10059.69000", "2005-03-31": "9908.03000"}, "Total Current Liabilities": {"2020-12-31": "18819.79000", "2020-09-30": "18359.72000", "2020-06-30": "18072.43000", "2020-03-31": "16849.29000", "2019-12-31": "16412.91000", "2019-09-30": "15974.58000", "2019-06-30": "16023.91000", "2019-03-31": "15810.02000", "2018-12-31": "15559.73000", "2018-09-30": "15371.50000", "2018-06-30": "15470.41000", "2018-03-31": "15500.21000", "2017-12-31": "15420.22000", "2017-09-30": "15591.53000", "2017-06-30": "15326.49000", "2017-03-31": "15034.90000", "2016-12-31": "14880.24000", "2016-09-30": "14400.70000", "2016-06-30": "14264.44000", "2016-03-31": "14132.21000", "2015-12-31": "13910.06000", "2015-09-30": "13608.72000", "2015-06-30": "13802.96000", "2015-03-31": "13713.23000", "2014-12-31": "13363.07000", "2014-09-30": "13118.66000", "2014-06-30": "13471.36000", "2014-03-31": "12903.60000", "2013-12-31": "12734.47000", "2013-09-30": "12511.76000", "2013-06-30": "12378.88000", "2013-03-31": "12166.70000", "2012-12-31": "12392.52000", "2012-09-30": "12150.18000", "2012-06-30": "12718.79000", "2012-03-31": "12568.53000", "2011-12-31": "12631.06000", "2011-09-30": "12076.90000", "2011-06-30": "11981.58000", "2011-03-31": "11806.01000", "2010-12-31": "11932.72000", "2010-09-30": "11462.74000", "2010-06-30": "11657.04000", "2010-03-31": "11271.89000", "2009-12-31": "11281.73000", "2009-09-30": "11055.79000", "2009-06-30": "11074.91000", "2009-03-31": "10346.08000", "2008-12-31": "9586.41100", "2008-09-30": "9222.98300", "2008-06-30": "9277.65700", "2008-03-31": "9687.84500", "2007-12-31": "9357.34600", "2007-09-30": "9456.90800", "2007-06-30": "9629.04200", "2007-03-31": "9391.25000", "2006-12-31": "9443.56600", "2006-09-30": "9258.21600", "2006-06-30": "9255.21100", "2006-03-31": "9447.92100", "2005-12-31": "9075.46500", "2005-09-30": "8981.06900", "2005-06-30": "8954.74700", "2005-03-31": "8792.23100"}, "Long Term Debt": {"2020-12-31": "60.48100", "2020-09-30": "60.50200", "2020-06-30": "60.52400", "2020-03-31": "60.54500", "2019-12-31": "85.56500", "2019-09-30": "110.58500", "2019-06-30": "110.60500", "2019-03-31": "110.62400", "2018-12-31": "135.64300", "2018-09-30": "185.66200", "2018-06-30": "235.68100", "2018-03-31": "235.69900", "2017-12-31": "260.71600", "2017-09-30": "267.88700", "2017-06-30": "267.90400", "2017-03-31": "267.92100", "2016-12-31": "267.93800", "2016-09-30": "267.95400", "2016-06-30": "267.97000", "2016-03-31": "220.77100", "2015-12-31": "245.78600", "2015-09-30": "270.80100", "2015-06-30": "170.81600", "2015-03-31": "173.89800", "2014-12-31": "173.91200", "2014-09-30": "173.92600", "2014-06-30": "173.67100", "2014-03-31": "174.69500", "2013-12-31": "174.70600", "2013-09-30": "174.71700", "2013-06-30": "174.72700", "2013-03-31": "177.42700", "2012-12-31": "128.05500", "2012-09-30": "28.06500", "2012-06-30": "28.07500", "2012-03-31": "30.68700", "2011-12-31": "30.69600", "2011-09-30": "30.70500", "2011-06-30": "30.71400", "2011-03-31": "32.64300", "2010-12-31": "32.65200", "2010-09-30": "40.29200", "2010-06-30": "40.30000", "2010-03-31": "90.30900", "2009-12-31": "90.31700", "2009-09-30": "91.42400", "2009-06-30": "91.43200", "2009-03-31": "59.00300", "2008-12-31": "203.28500", "2008-09-30": "204.61600", "2008-06-30": "205.35100", "2008-03-31": "239.38900", "2007-12-31": "235.37100", "2007-09-30": "235.35000", "2007-06-30": "260.32900", "2007-03-31": "260.30800", "2006-12-31": "260.28800", "2006-09-30": "265.26800", "2006-06-30": "242.74900", "2006-03-31": "242.73000", "2005-12-31": "242.70300", "2005-09-30": "242.69200", "2005-06-30": "242.67400", "2005-03-31": "242.65600"}, "Other Non-Current Liabilities": {"2020-12-31": "190.26300", "2020-09-30": "180.14800", "2020-06-30": "136.32900", "2020-03-31": "154.16300", "2019-12-31": "157.47200", "2019-09-30": "147.54400", "2019-06-30": "117.85100", "2019-03-31": "104.50800", "2018-12-31": "139.91100", "2018-09-30": "144.96200", "2018-06-30": "133.62200", "2018-03-31": "121.88000", "2017-12-31": "138.94000", "2017-09-30": "142.68400", "2017-06-30": "124.79500", "2017-03-31": "119.82400", "2016-12-31": "134.19900", "2016-09-30": "134.60700", "2016-06-30": "123.83800", "2016-03-31": "115.55000", "2015-12-31": "135.53400", "2015-09-30": "131.26800", "2015-06-30": "136.14500", "2015-03-31": "121.60600", "2014-12-31": "139.65900", "2014-09-30": "125.01800", "2014-06-30": "113.65900", "2014-03-31": "120.81100", "2013-12-31": "128.16800", "2013-09-30": "122.37000", "2013-06-30": "146.12700", "2013-03-31": "108.00900", "2012-12-31": "138.47900", "2012-09-30": "137.74900", "2012-06-30": "123.12700", "2012-03-31": "122.42900", "2011-12-31": "135.02100", "2011-09-30": "148.67100", "2011-06-30": "114.86700", "2011-03-31": "96.71900", "2010-12-31": "119.39900", "2010-09-30": "138.54800", "2010-06-30": "109.83100", "2010-03-31": "97.20300", "2009-12-31": "109.36900", "2009-09-30": "114.09400", "2009-06-30": "128.18200", "2009-03-31": "154.66400", "2008-12-31": "128.29900", "2008-09-30": "104.99000", "2008-06-30": "91.10500", "2008-03-31": "99.06500", "2007-12-31": "99.98700", "2007-09-30": "84.51500", "2007-06-30": "80.49900", "2007-03-31": "81.00500", "2006-12-31": "100.23200", "2006-09-30": "91.60800", "2006-06-30": "88.31000", "2006-03-31": "84.61200", "2005-12-31": "104.40200", "2005-09-30": "98.02600", "2005-06-30": "83.46200", "2005-03-31": "90.25400"}, "Total Long Term Liabilities": {"2020-12-31": "250.74400", "2020-09-30": "240.65000", "2020-06-30": "196.85300", "2020-03-31": "214.70800", "2019-12-31": "243.03700", "2019-09-30": "258.12900", "2019-06-30": "228.45600", "2019-03-31": "215.13200", "2018-12-31": "275.55400", "2018-09-30": "330.62400", "2018-06-30": "369.30300", "2018-03-31": "357.57900", "2017-12-31": "399.65600", "2017-09-30": "410.57100", "2017-06-30": "392.69900", "2017-03-31": "387.74500", "2016-12-31": "402.13700", "2016-09-30": "402.56100", "2016-06-30": "391.80800", "2016-03-31": "336.32100", "2015-12-31": "381.32000", "2015-09-30": "402.06900", "2015-06-30": "306.96100", "2015-03-31": "295.50400", "2014-12-31": "313.57100", "2014-09-30": "298.94400", "2014-06-30": "287.33000", "2014-03-31": "295.50600", "2013-12-31": "302.87400", "2013-09-30": "297.08700", "2013-06-30": "320.85400", "2013-03-31": "285.43600", "2012-12-31": "266.53400", "2012-09-30": "165.81400", "2012-06-30": "151.20200", "2012-03-31": "153.11600", "2011-12-31": "165.71700", "2011-09-30": "179.37600", "2011-06-30": "145.58100", "2011-03-31": "129.36200", "2010-12-31": "152.05100", "2010-09-30": "178.84000", "2010-06-30": "150.13100", "2010-03-31": "187.51200", "2009-12-31": "199.68600", "2009-09-30": "205.51800", "2009-06-30": "219.61400", "2009-03-31": "213.66700", "2008-12-31": "331.58400", "2008-09-30": "309.60600", "2008-06-30": "296.45600", "2008-03-31": "338.45400", "2007-12-31": "335.35800", "2007-09-30": "319.86500", "2007-06-30": "340.82800", "2007-03-31": "341.31300", "2006-12-31": "360.52000", "2006-09-30": "356.87600", "2006-06-30": "331.05900", "2006-03-31": "327.34200", "2005-12-31": "347.10500", "2005-09-30": "340.71800", "2005-06-30": "326.13600", "2005-03-31": "332.91000"}, "Total Liabilities": {"2020-12-31": "19229.14000", "2020-09-30": "18747.75000", "2020-06-30": "18417.86000", "2020-03-31": "17214.30000", "2019-12-31": "16808.66000", "2019-09-30": "16380.65000", "2019-06-30": "16402.90000", "2019-03-31": "16176.72000", "2018-12-31": "15875.77000", "2018-09-30": "15738.41000", "2018-06-30": "15876.45000", "2018-03-31": "15894.84000", "2017-12-31": "15857.18000", "2017-09-30": "16040.41000", "2017-06-30": "15767.54000", "2017-03-31": "15471.08000", "2016-12-31": "15330.83000", "2016-09-30": "14850.78000", "2016-06-30": "14703.68000", "2016-03-31": "14515.94000", "2015-12-31": "14338.76000", "2015-09-30": "14065.77000", "2015-06-30": "14165.10000", "2015-03-31": "14063.93000", "2014-12-31": "13732.12000", "2014-09-30": "13452.75000", "2014-06-30": "13793.70000", "2014-03-31": "13234.21000", "2013-12-31": "13072.30000", "2013-09-30": "12856.18000", "2013-06-30": "12747.05000", "2013-03-31": "12499.56000", "2012-12-31": "12706.71000", "2012-09-30": "12357.86000", "2012-06-30": "12911.80000", "2012-03-31": "12763.51000", "2011-12-31": "12843.72000", "2011-09-30": "12286.98000", "2011-06-30": "12157.75000", "2011-03-31": "11966.08000", "2010-12-31": "12115.65000", "2010-09-30": "11677.04000", "2010-06-30": "11842.83000", "2010-03-31": "11496.30000", "2009-12-31": "11518.85000", "2009-09-30": "11305.23000", "2009-06-30": "11348.81000", "2009-03-31": "10614.19000", "2008-12-31": "9972.77100", "2008-09-30": "9555.02700", "2008-06-30": "9603.59100", "2008-03-31": "10056.05000", "2007-12-31": "9722.68700", "2007-09-30": "9817.89800", "2007-06-30": "10013.76000", "2007-03-31": "9780.92600", "2006-12-31": "9852.39500", "2006-09-30": "9687.74300", "2006-06-30": "9658.46200", "2006-03-31": "9846.97100", "2005-12-31": "9493.68600", "2005-09-30": "9388.92400", "2005-06-30": "9347.52100", "2005-03-31": "9191.37400"}, "Common Stock Net": {"2020-12-31": "0.58000", "2020-09-30": "0.58000", "2020-06-30": "0.58000", "2020-03-31": "0.57900", "2019-12-31": "0.57900", "2019-09-30": "0.57900", "2019-06-30": "0.57900", "2019-03-31": "0.57800", "2018-12-31": "0.57700", "2018-09-30": "0.57700", "2018-06-30": "0.57700", "2018-03-31": "0.57700", "2017-12-31": "0.57600", "2017-09-30": "0.57600", "2017-06-30": "0.57600", "2017-03-31": "0.57600", "2016-12-31": "0.57600", "2016-09-30": "0.57600", "2016-06-30": "0.57600", "2016-03-31": "0.57600", "2015-12-31": "0.57500", "2015-09-30": "0.57500", "2015-06-30": "0.57500", "2015-03-31": "0.57500", "2014-12-31": "0.57400", "2014-09-30": "0.57300", "2014-06-30": "0.57300", "2014-03-31": "0.57300", "2013-12-31": "0.57200", "2013-09-30": "0.57200", "2013-06-30": "0.57200", "2013-03-31": "0.57200", "2012-12-31": "0.57100", "2012-09-30": "0.57100", "2012-06-30": "0.57100", "2012-03-31": "0.57100", "2011-12-31": "0.57100", "2011-09-30": "0.57100", "2011-06-30": "0.57100", "2011-03-31": "0.57000", "2010-12-31": "0.57000", "2010-09-30": "0.57000", "2010-06-30": "0.57000", "2010-03-31": "0.57000", "2009-12-31": "0.56900", "2009-09-30": "0.56900", "2009-06-30": "0.56900", "2009-03-31": "0.56900", "2008-12-31": "0.56800", "2008-09-30": "0.56800", "2008-06-30": "0.56800", "2008-03-31": "0.56800", "2007-12-31": "0.56700", "2007-09-30": "0.56700", "2007-06-30": "0.56600", "2007-03-31": "0.56600", "2006-12-31": "0.56600", "2006-09-30": "0.56600", "2006-06-30": "0.56600", "2006-03-31": "0.56600", "2005-12-31": "0.56500", "2005-09-30": "0.81500", "2005-06-30": "0.81500", "2005-03-31": "0.81500"}, "Retained Earnings (Accumulated Deficit)": {"2020-12-31": "1811.97900", "2020-09-30": "1797.76300", "2020-06-30": "1786.35100", "2020-03-31": "1773.60700", "2019-12-31": "1761.41500", "2019-09-30": "1730.43700", "2019-06-30": "1704.99300", "2019-03-31": "1674.26400", "2018-12-31": "1641.31400", "2018-09-30": "1612.99800", "2018-06-30": "1581.16800", "2018-03-31": "1551.90000", "2017-12-31": "1512.21800", "2017-09-30": "1491.83000", "2017-06-30": "1468.32800", "2017-03-31": "1444.49500", "2016-12-31": "1415.44000", "2016-09-30": "1393.23100", "2016-06-30": "1370.30800", "2016-03-31": "1347.37400", "2015-12-31": "1316.26000", "2015-09-30": "1293.41600", "2015-06-30": "1278.67200", "2015-03-31": "1257.34100", "2014-12-31": "1234.80100", "2014-09-30": "1213.33900", "2014-06-30": "1191.51200", "2014-03-31": "1170.06800", "2013-12-31": "1151.75400", "2013-09-30": "1132.99600", "2013-06-30": "1115.59400", "2013-03-31": "1098.67400", "2012-12-31": "1084.47700", "2012-09-30": "1065.24500", "2012-06-30": "1044.58800", "2012-03-31": "1024.73600", "2011-12-31": "1003.93800", "2011-09-30": "986.20200", "2011-06-30": "964.42000", "2011-03-31": "951.81700", "2010-12-31": "932.62900", "2010-09-30": "914.90100", "2010-06-30": "895.56500", "2010-03-31": "874.30500", "2009-12-31": "843.52100", "2009-09-30": "825.70900", "2009-06-30": "811.12100", "2009-03-31": "802.19500", "2008-12-31": "787.92400", "2008-09-30": "770.37300", "2008-06-30": "745.24400", "2008-03-31": "720.54000", "2007-12-31": "688.63800", "2007-09-30": "671.45100", "2007-06-30": "645.14900", "2007-03-31": "620.03400", "2006-12-31": "630.66000", "2006-09-30": "605.97600", "2006-06-30": "581.40600", "2006-03-31": "565.70200", "2005-12-31": "546.59100", "2005-09-30": "1366.05800", "2005-06-30": "1339.11900", "2005-03-31": "1310.07000"}, "Comprehensive Income": {"2020-12-31": "7.82200", "2020-09-30": "14.39900", "2020-06-30": "18.92500", "2020-03-31": "10.82100", "2019-12-31": "-31.11200", "2019-09-30": "-21.77400", "2019-06-30": "-27.42400", "2019-03-31": "-43.87800", "2018-12-31": "-51.04300", "2018-09-30": "-59.23800", "2018-06-30": "-53.85500", "2018-03-31": "-51.09700", "2017-12-31": "-34.71500", "2017-09-30": "-25.02300", "2017-06-30": "-25.61300", "2017-03-31": "-28.86600", "2016-12-31": "-33.90600", "2016-09-30": "-14.81200", "2016-06-30": "-9.42400", "2016-03-31": "-14.72200", "2015-12-31": "-23.55700", "2015-09-30": "-21.29200", "2015-06-30": "-28.56200", "2015-03-31": "-21.17200", "2014-12-31": "-26.68600", "2014-09-30": "-16.06300", "2014-06-30": "-16.62300", "2014-03-31": "-25.39600", "2013-12-31": "-31.82300", "2013-09-30": "-33.51000", "2013-06-30": "-26.72600", "2013-03-31": "19.64500", "2012-12-31": "29.20800", "2012-09-30": "42.42400", "2012-06-30": "32.50200", "2012-03-31": "28.96200", "2011-12-31": "35.26300", "2011-09-30": "46.75400", "2011-06-30": "27.77800", "2011-03-31": "7.93600", "2010-12-31": "26.96500", "2010-09-30": "66.95300", "2010-06-30": "61.22000", "2010-03-31": "18.06300", "2009-12-31": "6.92500", "2009-09-30": "37.30700", "2009-06-30": "-1.87000", "2009-03-31": "-1.31900", "2008-12-31": "-28.88800", "2008-09-30": "-18.64300", "2008-06-30": "-15.81300", "2008-03-31": "5.55300", "2007-12-31": "-5.09100", "2007-09-30": "-28.35900", "2007-06-30": "-45.70500", "2007-03-31": "-27.35600", "2006-12-31": "-39.08400", "2006-09-30": "-49.42200", "2006-06-30": "-76.20400", "2006-03-31": "-65.66800", "2005-12-31": "-47.81800", "2005-09-30": "-34.69700", "2005-06-30": "-18.47100", "2005-03-31": "-33.46900"}, "Other Share Holders Equity": {"2020-12-31": "", "2020-09-30": "", "2020-06-30": "", "2020-03-31": "", "2019-12-31": "", "2019-09-30": "", "2019-06-30": "", "2019-03-31": "", "2018-12-31": "", "2018-09-30": "", "2018-06-30": "", "2018-03-31": "", "2017-12-31": "", "2017-09-30": "", "2017-06-30": "", "2017-03-31": "", "2016-12-31": "", "2016-09-30": "", "2016-06-30": "", "2016-03-31": "", "2015-12-31": "", "2015-09-30": "", "2015-06-30": "", "2015-03-31": "", "2014-12-31": "", "2014-09-30": "", "2014-06-30": "", "2014-03-31": "", "2013-12-31": "", "2013-09-30": "", "2013-06-30": "", "2013-03-31": "", "2012-12-31": "", "2012-09-30": "", "2012-06-30": "", "2012-03-31": "", "2011-12-31": "", "2011-09-30": "", "2011-06-30": "", "2011-03-31": "", "2010-12-31": "", "2010-09-30": "", "2010-06-30": "", "2010-03-31": "", "2009-12-31": "", "2009-09-30": "", "2009-06-30": "", "2009-03-31": "", "2008-12-31": "", "2008-09-30": "", "2008-06-30": "", "2008-03-31": "", "2007-12-31": "", "2007-09-30": "", "2007-06-30": "", "2007-03-31": "", "2006-12-31": "", "2006-09-30": "", "2006-06-30": "", "2006-03-31": "", "2005-12-31": "", "2005-09-30": "", "2005-06-30": "", "2005-03-31": ""}, "Share Holder Equity": {"2020-12-31": "1374.50700", "2020-09-30": "1361.73900", "2020-06-30": "1352.08200", "2020-03-31": "1327.92900", "2019-12-31": "1286.83200", "2019-09-30": "1291.49000", "2019-06-30": "1285.94800", "2019-03-31": "1269.69000", "2018-12-31": "1268.20000", "2018-09-30": "1253.32700", "2018-06-30": "1247.71700", "2018-03-31": "1241.19300", "2017-12-31": "1231.86800", "2017-09-30": "1227.89300", "2017-06-30": "1213.75700", "2017-03-31": "1193.13700", "2016-12-31": "1161.53700", "2016-09-30": "1163.85900", "2016-06-30": "1157.21900", "2016-03-31": "1138.75300", "2015-12-31": "1116.26000", "2015-09-30": "1098.35400", "2015-06-30": "1082.93900", "2015-03-31": "1075.25100", "2014-12-31": "1055.08600", "2014-09-30": "1057.41300", "2014-06-30": "1050.80100", "2014-03-31": "1028.90400", "2013-12-31": "1011.97600", "2013-09-30": "992.68600", "2013-06-30": "986.36800", "2013-03-31": "1026.10400", "2012-12-31": "1021.66500", "2012-09-30": "1024.56200", "2012-06-30": "1003.82500", "2012-03-31": "995.89700", "2011-12-31": "1002.66700", "2011-09-30": "1017.77500", "2011-06-30": "1003.45000", "2011-03-31": "996.22500", "2010-12-31": "1011.13300", "2010-09-30": "1039.56100", "2010-06-30": "1013.01100", "2010-03-31": "939.37200", "2009-12-31": "895.97300", "2009-09-30": "902.79900", "2009-06-30": "845.88500", "2009-03-31": "833.93500", "2008-12-31": "790.70400", "2008-09-30": "780.02000", "2008-06-30": "767.55800", "2008-03-31": "766.74700", "2007-12-31": "750.25500", "2007-09-30": "731.69700", "2007-06-30": "708.80600", "2007-03-31": "711.03100", "2006-12-31": "719.42000", "2006-09-30": "683.47200", "2006-06-30": "666.72800", "2006-03-31": "681.07800", "2005-12-31": "693.35200", "2005-09-30": "696.31100", "2005-06-30": "712.16900", "2005-03-31": "716.65600"}, "Total Liabilities And Share Holders Equity": {"2020-12-31": "20603.65000", "2020-09-30": "20109.49000", "2020-06-30": "19769.94000", "2020-03-31": "18542.23000", "2019-12-31": "18095.50000", "2019-09-30": "17672.14000", "2019-06-30": "17688.85000", "2019-03-31": "17446.41000", "2018-12-31": "17143.97000", "2018-09-30": "16991.73000", "2018-06-30": "17124.16000", "2018-03-31": "17136.03000", "2017-12-31": "17089.05000", "2017-09-30": "17268.30000", "2017-06-30": "16981.29000", "2017-03-31": "16664.21000", "2016-12-31": "16492.37000", "2016-09-30": "16014.64000", "2016-06-30": "15860.90000", "2016-03-31": "15654.70000", "2015-12-31": "15455.02000", "2015-09-30": "15164.12000", "2015-06-30": "15248.04000", "2015-03-31": "15139.18000", "2014-12-31": "14787.21000", "2014-09-30": "14510.17000", "2014-06-30": "14844.50000", "2014-03-31": "14263.12000", "2013-12-31": "14084.28000", "2013-09-30": "13848.87000", "2013-06-30": "13733.42000", "2013-03-31": "13525.67000", "2012-12-31": "13728.37000", "2012-09-30": "13382.42000", "2012-06-30": "13915.63000", "2012-03-31": "13759.41000", "2011-12-31": "13846.39000", "2011-09-30": "13304.76000", "2011-06-30": "13161.20000", "2011-03-31": "12962.30000", "2010-12-31": "13126.79000", "2010-09-30": "12716.60000", "2010-06-30": "12855.84000", "2010-03-31": "12435.67000", "2009-12-31": "12414.83000", "2009-09-30": "12208.03000", "2009-06-30": "12194.70000", "2009-03-31": "11448.13000", "2008-12-31": "10763.47000", "2008-09-30": "10335.05000", "2008-06-30": "10371.15000", "2008-03-31": "10822.80000", "2007-12-31": "10472.94000", "2007-09-30": "10549.59000", "2007-06-30": "10722.57000", "2007-03-31": "10491.96000", "2006-12-31": "10571.82000", "2006-09-30": "10371.21000", "2006-06-30": "10325.19000", "2006-03-31": "10528.05000", "2005-12-31": "10187.04000", "2005-09-30": "10085.24000", "2005-06-30": "10059.69000", "2005-03-31": "9908.03000"}}, "cash flow statement": {"Net Income/Loss": {"2020-12-31": "0.00000", "2019-12-31": "225.91300", "2018-12-31": "219.60200", "2017-12-31": "184.67200", "2016-12-31": "181.46100", "2015-12-31": "160.70400", "2014-12-31": "163.04200", "2013-12-31": "150.50200", "2012-12-31": "166.07600", "2011-12-31": "160.04300", "2010-12-31": "183.94200", "2009-12-31": "144.03300", "2008-12-31": "192.21300", "2007-12-31": "183.70300", "2006-12-31": "180.35900", "2005-12-31": "181.56100"}, "Total Depreciation And Amortization - Cash Flow": {"2020-12-31": "", "2019-12-31": "51.04300", "2018-12-31": "46.98300", "2017-12-31": "51.20300", "2016-12-31": "55.13200", "2015-12-31": "60.58700", "2014-12-31": "60.65800", "2013-12-31": "67.42800", "2012-12-31": "68.86500", "2011-12-31": "61.64300", "2010-12-31": "60.46200", "2009-12-31": "29.05500", "2008-12-31": "13.99100", "2007-12-31": "15.56900", "2006-12-31": "17.27600", "2005-12-31": "27.30100"}, "Other Non-Cash Items": {"2020-12-31": "", "2019-12-31": "11.15100", "2018-12-31": "18.47900", "2017-12-31": "9.08300", "2016-12-31": "6.08300", "2015-12-31": "-1.58500", "2014-12-31": "-12.49900", "2013-12-31": "3.87200", "2012-12-31": "-15.26100", "2011-12-31": "8.63700", "2010-12-31": "-12.27800", "2009-12-31": "28.82500", "2008-12-31": "18.15700", "2007-12-31": "21.00700", "2006-12-31": "29.08300", "2005-12-31": "20.30100"}, "Total Non-Cash Items": {"2020-12-31": "", "2019-12-31": "62.19400", "2018-12-31": "65.46200", "2017-12-31": "60.28600", "2016-12-31": "61.21500", "2015-12-31": "59.00200", "2014-12-31": "48.15900", "2013-12-31": "71.30000", "2012-12-31": "53.60400", "2011-12-31": "70.28000", "2010-12-31": "48.18400", "2009-12-31": "57.88000", "2008-12-31": "32.14800", "2007-12-31": "36.57600", "2006-12-31": "46.35900", "2005-12-31": "47.60200"}, "Change In Accounts Receivable": {"2020-12-31": "", "2019-12-31": "-33.83000", "2018-12-31": "5.04300", "2017-12-31": "-9.19100", "2016-12-31": "-17.90700", "2015-12-31": "0.97500", "2014-12-31": "1.19400", "2013-12-31": "10.99900", "2012-12-31": "-5.75100", "2011-12-31": "6.14100", "2010-12-31": "6.56600", "2009-12-31": "30.71400", "2008-12-31": "-21.40700", "2007-12-31": "-0.39900", "2006-12-31": "5.97300", "2005-12-31": "-0.27300"}, "Change In Inventories": {"2020-12-31": "", "2019-12-31": "", "2018-12-31": "", "2017-12-31": "", "2016-12-31": "", "2015-12-31": "", "2014-12-31": "", "2013-12-31": "", "2012-12-31": "", "2011-12-31": "", "2010-12-31": "", "2009-12-31": "91.50000", "2008-12-31": "-24.21400", "2007-12-31": "96.89300", "2006-12-31": "", "2005-12-31": ""}, "Change In Accounts Payable": {"2020-12-31": "", "2019-12-31": "", "2018-12-31": "", "2017-12-31": "", "2016-12-31": "", "2015-12-31": "", "2014-12-31": "", "2013-12-31": "", "2012-12-31": "", "2011-12-31": "", "2010-12-31": "", "2009-12-31": "", "2008-12-31": "", "2007-12-31": "", "2006-12-31": "", "2005-12-31": ""}, "Change In Assets/Liabilities": {"2020-12-31": "", "2019-12-31": "-20.03900", "2018-12-31": "27.81500", "2017-12-31": "-60.62200", "2016-12-31": "1.76000", "2015-12-31": "13.33100", "2014-12-31": "-2.91500", "2013-12-31": "9.16200", "2012-12-31": "8.55900", "2011-12-31": "-6.74100", "2010-12-31": "-32.48600", "2009-12-31": "-35.25200", "2008-12-31": "-6.02500", "2007-12-31": "-82.89000", "2006-12-31": "-23.84700", "2005-12-31": "1.45900"}, "Total Change In Assets/Liabilities": {"2020-12-31": "", "2019-12-31": "-53.86900", "2018-12-31": "32.85800", "2017-12-31": "-69.81300", "2016-12-31": "-16.14700", "2015-12-31": "14.30600", "2014-12-31": "-1.72100", "2013-12-31": "20.16100", "2012-12-31": "2.80800", "2011-12-31": "-0.60000", "2010-12-31": "-25.92000", "2009-12-31": "86.96200", "2008-12-31": "-51.64600", "2007-12-31": "13.60400", "2006-12-31": "-17.87400", "2005-12-31": "1.18600"}, "Cash Flow From Operating Activities": {"2020-12-31": "", "2019-12-31": "234.23800", "2018-12-31": "317.92200", "2017-12-31": "175.14500", "2016-12-31": "226.52900", "2015-12-31": "234.01200", "2014-12-31": "209.48000", "2013-12-31": "241.96300", "2012-12-31": "222.48800", "2011-12-31": "229.72300", "2010-12-31": "206.20600", "2009-12-31": "288.87500", "2008-12-31": "172.71500", "2007-12-31": "233.88300", "2006-12-31": "208.84400", "2005-12-31": "230.34900"}, "Net Change In Property, Plant, And Equipment": {"2020-12-31": "", "2019-12-31": "-53.26100", "2018-12-31": "-35.30000", "2017-12-31": "-30.47000", "2016-12-31": "-15.17700", "2015-12-31": "-14.13000", "2014-12-31": "-13.66000", "2013-12-31": "-15.75900", "2012-12-31": "-15.28100", "2011-12-31": "-10.00400", "2010-12-31": "-10.62600", "2009-12-31": "-8.40100", "2008-12-31": "-13.38000", "2007-12-31": "-5.81200", "2006-12-31": "-8.10000", "2005-12-31": "-6.15200"}, "Net Change In Intangible Assets": {"2020-12-31": "", "2019-12-31": "", "2018-12-31": "", "2017-12-31": "", "2016-12-31": "", "2015-12-31": "", "2014-12-31": "", "2013-12-31": "", "2012-12-31": "", "2011-12-31": "", "2010-12-31": "", "2009-12-31": "", "2008-12-31": "", "2007-12-31": "", "2006-12-31": "", "2005-12-31": ""}, "Net Acquisitions/Divestitures": {"2020-12-31": "", "2019-12-31": "", "2018-12-31": "", "2017-12-31": "", "2016-12-31": "", "2015-12-31": "", "2014-12-31": "", "2013-12-31": "", "2012-12-31": "", "2011-12-31": "", "2010-12-31": "0.90400", "2009-12-31": "6.76900", "2008-12-31": "", "2007-12-31": "", "2006-12-31": "", "2005-12-31": ""}, "Net Change In Short-term Investments": {"2020-12-31": "", "2019-12-31": "", "2018-12-31": "", "2017-12-31": "", "2016-12-31": "", "2015-12-31": "", "2014-12-31": "", "2013-12-31": "", "2012-12-31": "", "2011-12-31": "1.95600", "2010-12-31": "4.42400", "2009-12-31": "0.00000", "2008-12-31": "", "2007-12-31": "", "2006-12-31": "", "2005-12-31": ""}, "Net Change In Long-Term Investments": {"2020-12-31": "", "2019-12-31": "-169.47410", "2018-12-31": "625.32400", "2017-12-31": "-174.14990", "2016-12-31": "170.17590", "2015-12-31": "473.34200", "2014-12-31": "182.97100", "2013-12-31": "-198.37720", "2012-12-31": "83.32300", "2011-12-31": "-464.86210", "2010-12-31": "-1120.61100", "2009-12-31": "-2697.36400", "2008-12-31": "91.30400", "2007-12-31": "-11.26200", "2006-12-31": "18.92690", "2005-12-31": "22.03890"}, "Net Change In Investments - Total": {"2020-12-31": "", "2019-12-31": "-169.47410", "2018-12-31": "625.32400", "2017-12-31": "-174.14990", "2016-12-31": "170.17590", "2015-12-31": "473.34200", "2014-12-31": "182.97100", "2013-12-31": "-198.37720", "2012-12-31": "83.32300", "2011-12-31": "-462.90610", "2010-12-31": "-1116.18700", "2009-12-31": "-2697.36400", "2008-12-31": "91.30400", "2007-12-31": "-11.26200", "2006-12-31": "18.92690", "2005-12-31": "22.03890"}, "Investing Activities - Other": {"2020-12-31": "", "2019-12-31": "-550.53300", "2018-12-31": "-664.69200", "2017-12-31": "-817.26700", "2016-12-31": "-1115.85100", "2015-12-31": "-990.31510", "2014-12-31": "-809.38200", "2013-12-31": "-257.15800", "2012-12-31": "-329.43600", "2011-12-31": "-235.21500", "2010-12-31": "353.01100", "2009-12-31": "688.79300", "2008-12-31": "36.87700", "2007-12-31": "-14.12200", "2006-12-31": "-462.62100", "2005-12-31": "-199.27600"}, "Cash Flow From Investing Activities": {"2020-12-31": "", "2019-12-31": "-773.26800", "2018-12-31": "-74.66800", "2017-12-31": "-1021.88700", "2016-12-31": "-960.85200", "2015-12-31": "-531.10300", "2014-12-31": "-640.07100", "2013-12-31": "-471.29400", "2012-12-31": "-261.39400", "2011-12-31": "-708.12500", "2010-12-31": "-772.89800", "2009-12-31": "-2010.20300", "2008-12-31": "114.80100", "2007-12-31": "-31.19600", "2006-12-31": "-451.79400", "2005-12-31": "-183.38900"}, "Net Long-Term Debt": {"2020-12-31": "", "2019-12-31": "-50.07800", "2018-12-31": "-125.00000", "2017-12-31": "", "2016-12-31": "25.00000", "2015-12-31": "75.00000", "2014-12-31": "", "2013-12-31": "50.00000", "2012-12-31": "100.00000", "2011-12-31": "", "2010-12-31": "-50.00000", "2009-12-31": "-145.07000", "2008-12-31": "-32.42500", "2007-12-31": "-25.00000", "2006-12-31": "17.50000", "2005-12-31": "-10.00000"}, "Net Current Debt": {"2020-12-31": "", "2019-12-31": "99.81100", "2018-12-31": "-0.79800", "2017-12-31": "-27.70100", "2016-12-31": "-103.19600", "2015-12-31": "-60.87000", "2014-12-31": "-82.97100", "2013-12-31": "9.78800", "2012-12-31": "-1166.54600", "2011-12-31": "20.02700", "2010-12-31": "282.25700", "2009-12-31": "585.03600", "2008-12-31": "-65.69800", "2007-12-31": "-3.85500", "2006-12-31": "232.08500", "2005-12-31": "153.32100"}, "Debt Issuance/Retirement Net - Total": {"2020-12-31": "", "2019-12-31": "49.73300", "2018-12-31": "-125.79800", "2017-12-31": "-27.70100", "2016-12-31": "-78.19600", "2015-12-31": "14.13000", "2014-12-31": "-82.97100", "2013-12-31": "59.78800", "2012-12-31": "-1066.54600", "2011-12-31": "20.02700", "2010-12-31": "232.25700", "2009-12-31": "439.96600", "2008-12-31": "-98.12300", "2007-12-31": "-28.85500", "2006-12-31": "249.58500", "2005-12-31": "143.32100"}, "Net Common Equity Issued/Repurchased": {"2020-12-31": "", "2019-12-31": "-129.77700", "2018-12-31": "-84.11500", "2017-12-31": "-33.97500", "2016-12-31": "-52.72800", "2015-12-31": "-37.61700", "2014-12-31": "-54.05100", "2013-12-31": "-25.16000", "2012-12-31": "-67.71400", "2011-12-31": "-98.88400", "2010-12-31": "-8.56400", "2009-12-31": "8.32700", "2008-12-31": "-47.87900", "2007-12-31": "-79.02300", "2006-12-31": "-98.83400", "2005-12-31": "-214.48200"}, "Net Total Equity Issued/Repurchased": {"2020-12-31": "", "2019-12-31": "-129.77700", "2018-12-31": "-84.11500", "2017-12-31": "-33.97500", "2016-12-31": "-52.72800", "2015-12-31": "-37.61700", "2014-12-31": "-54.05100", "2013-12-31": "-25.16000", "2012-12-31": "-67.71400", "2011-12-31": "-98.88400", "2010-12-31": "-8.56400", "2009-12-31": "8.32700", "2008-12-31": "-47.87900", "2007-12-31": "-79.02300", "2006-12-31": "-98.83400", "2005-12-31": "-214.48200"}, "Total Common And Preferred Stock Dividends Paid": {"2020-12-31": "", "2019-12-31": "-105.47800", "2018-12-31": "-98.49600", "2017-12-31": "-87.06600", "2016-12-31": "-81.15700", "2015-12-31": "-78.36700", "2014-12-31": "-79.66000", "2013-12-31": "-80.53400", "2012-12-31": "-81.64500", "2011-12-31": "-84.89100", "2010-12-31": "-86.82300", "2009-12-31": "-86.23600", "2008-12-31": "-84.85500", "2007-12-31": "-82.37100", "2006-12-31": "-76.74700", "2005-12-31": "-70.83300"}, "Financial Activities - Other": {"2020-12-31": "", "2019-12-31": "757.24100", "2018-12-31": "143.27300", "2017-12-31": "563.72800", "2016-12-31": "1070.29000", "2015-12-31": "619.09000", "2014-12-31": "719.10300", "2013-12-31": "386.12200", "2012-12-31": "937.76300", "2011-12-31": "704.51200", "2010-12-31": "482.30200", "2009-12-31": "1117.85600", "2008-12-31": "351.55100", "2007-12-31": "-77.49800", "2006-12-31": "123.56000", "2005-12-31": "342.80100"}, "Cash Flow From Financial Activities": {"2020-12-31": "", "2019-12-31": "571.71900", "2018-12-31": "-165.13600", "2017-12-31": "414.98600", "2016-12-31": "858.20900", "2015-12-31": "517.23600", "2014-12-31": "502.42100", "2013-12-31": "340.21600", "2012-12-31": "-278.14200", "2011-12-31": "540.76400", "2010-12-31": "619.17200", "2009-12-31": "1479.91300", "2008-12-31": "120.69400", "2007-12-31": "-267.74700", "2006-12-31": "197.56400", "2005-12-31": "200.80700"}, "Net Cash Flow": {"2020-12-31": "", "2019-12-31": "32.68900", "2018-12-31": "78.11800", "2017-12-31": "-431.75600", "2016-12-31": "123.88600", "2015-12-31": "220.14500", "2014-12-31": "71.83000", "2013-12-31": "110.88500", "2012-12-31": "-317.04800", "2011-12-31": "62.36200", "2010-12-31": "52.48000", "2009-12-31": "-241.41500", "2008-12-31": "408.21000", "2007-12-31": "-65.06000", "2006-12-31": "-45.38600", "2005-12-31": "247.76700"}, "Stock-Based Compensation": {"2020-12-31": "", "2019-12-31": "8.33700", "2018-12-31": "8.14600", "2017-12-31": "7.36900", "2016-12-31": "6.78600", "2015-12-31": "7.68900", "2014-12-31": "7.87000", "2013-12-31": "5.54600", "2012-12-31": "7.53700", "2011-12-31": "6.21600", "2010-12-31": "3.84100", "2009-12-31": "3.55200", "2008-12-31": "5.80800", "2007-12-31": "5.72400", "2006-12-31": "4.95600", "2005-12-31": "4.56400"}, "Common Stock Dividends Paid": {"2020-12-31": "", "2019-12-31": "-105.47800", "2018-12-31": "-98.49600", "2017-12-31": "-87.06600", "2016-12-31": "-81.15700", "2015-12-31": "-78.36700", "2014-12-31": "-79.66000", "2013-12-31": "-80.53400", "2012-12-31": "-81.64500", "2011-12-31": "-84.89100", "2010-12-31": "-86.82300", "2009-12-31": "-86.23600", "2008-12-31": "-84.85500", "2007-12-31": "-82.37100", "2006-12-31": "-76.74700", "2005-12-31": "-70.83300"}}, "cash flow statement, quarterly": {"Net Income/Loss": {"2020-12-31": -111.49, "2020-09-30": 37.84, "2020-06-30": 38.908, "2020-03-31": "34.74200", "2019-12-31": 58.143, "2019-09-30": 52.052, "2019-06-30": 56.919, "2019-03-31": "58.79900", "2018-12-31": 53.911, "2018-09-30": 56.933, "2018-06-30": 54.718, "2018-03-31": "54.04000", "2017-12-31": 42.953, "2017-09-30": 45.881, "2017-06-30": 44.662, "2017-03-31": "51.17600", "2016-12-31": 43.513, "2016-09-30": 43.493, "2016-06-30": 44.245, "2016-03-31": "50.21000", "2015-12-31": 42.832, "2015-09-30": 34.276, "2015-06-30": 41.154, "2015-03-31": "42.44200", "2014-12-31": 41.191, "2014-09-30": 41.769, "2014-06-30": 41.49, "2014-03-31": "38.59200", "2013-12-31": 39.055, "2013-09-30": 37.704, "2013-06-30": 37.763, "2013-03-31": "35.98000", "2012-12-31": 40.287, "2012-09-30": 41.232, "2012-06-30": 40.747, "2012-03-31": "43.81000", "2011-12-31": 39.229, "2011-09-30": 43.306, "2011-06-30": 35.148, "2011-03-31": "42.36000", "2010-12-31": 40.578, "2010-09-30": 44.064, "2010-06-30": 46.564, "2010-03-31": "52.73600", "2009-12-31": 40.516, "2009-09-30": 36.471, "2009-06-30": 31.006, "2009-03-31": "36.04000", "2008-12-31": 39.307, "2008-09-30": 47.409, "2008-06-30": 48.282, "2008-03-31": "57.21500", "2007-12-31": 40.86, "2007-09-30": 47.779, "2007-06-30": 47.729, "2007-03-31": "47.33500", "2006-12-31": 50.913, "2006-09-30": 46.92, "2006-06-30": 37.176, "2006-03-31": "45.35000", "2005-12-31": 44.781, "2005-09-30": 44.829, "2005-06-30": 46.429, "2005-03-31": "45.52200"}, "Total Depreciation And Amortization - Cash Flow": {"2020-12-31": -41.524, "2020-09-30": 14.831, "2020-06-30": 13.186, "2020-03-31": "13.50700", "2019-12-31": 13.846, "2019-09-30": 13.142, "2019-06-30": 11.965, "2019-03-31": "12.09000", "2018-12-31": 11.168, "2018-09-30": 11.687, "2018-06-30": 11.974, "2018-03-31": "12.15400", "2017-12-31": 12.43, "2017-09-30": 12.716, "2017-06-30": 13.074, "2017-03-31": "12.98300", "2016-12-31": 13.253, "2016-09-30": 13.779, "2016-06-30": 13.952, "2016-03-31": "14.14800", "2015-12-31": 13.575, "2015-09-30": 16.388, "2015-06-30": 15.056, "2015-03-31": "15.56800", "2014-12-31": 15.127, "2014-09-30": 15.411, "2014-06-30": 15.36, "2014-03-31": "14.76000", "2013-12-31": 15.507, "2013-09-30": 15.626, "2013-06-30": 18.093, "2013-03-31": "18.20200", "2012-12-31": 18.386, "2012-09-30": 16.997, "2012-06-30": 17.262, "2012-03-31": "16.22000", "2011-12-31": 16.812, "2011-09-30": 15.718, "2011-06-30": 13.213, "2011-03-31": "15.90000", "2010-12-31": 20.999, "2010-09-30": 15.944, "2010-06-30": 10.011, "2010-03-31": "13.50800", "2009-12-31": 15.759, "2009-09-30": 5.995, "2009-06-30": 3.316, "2009-03-31": "3.98500", "2008-12-31": 3.559, "2008-09-30": 3.702, "2008-06-30": 3.096, "2008-03-31": "3.63400", "2007-12-31": 3.667, "2007-09-30": 3.834, "2007-06-30": 3.951, "2007-03-31": "4.11700", "2006-12-31": 4.248, "2006-09-30": 4.244, "2006-06-30": 4.359, "2006-03-31": "4.42500", "2005-12-31": 5.345, "2005-09-30": 6.716, "2005-06-30": 6.831, "2005-03-31": "8.40900"}, "Other Non-Cash Items": {"2020-12-31": -62.645, "2020-09-30": 16.349, "2020-06-30": 17.05, "2020-03-31": "29.24600", "2019-12-31": -2.699, "2019-09-30": 4.32, "2019-06-30": 6.184, "2019-03-31": "3.34600", "2018-12-31": 4.673, "2018-09-30": 2.103, "2018-06-30": 4.791, "2018-03-31": "6.91200", "2017-12-31": 6.86, "2017-09-30": -3.511, "2017-06-30": 1.005, "2017-03-31": "4.72900", "2016-12-31": 5.483, "2016-09-30": 16.047, "2016-06-30": -2.101, "2016-03-31": "-13.34600", "2015-12-31": 6.039, "2015-09-30": 5.193, "2015-06-30": -4.728, "2015-03-31": "-8.08900", "2014-12-31": 2.817, "2014-09-30": -11.179, "2014-06-30": -7.588, "2014-03-31": "3.45100", "2013-12-31": 9.949, "2013-09-30": -2.991, "2013-06-30": -3.704, "2013-03-31": "0.61800", "2012-12-31": 1.389, "2012-09-30": -3.887, "2012-06-30": -1.93, "2012-03-31": "-10.83300", "2011-12-31": 14.143, "2011-09-30": 4.666, "2011-06-30": -9.271, "2011-03-31": "-0.90100", "2010-12-31": 2.092, "2010-09-30": -8.849, "2010-06-30": -0.448, "2010-03-31": "-5.07300", "2009-12-31": -19.488, "2009-09-30": 12.204, "2009-06-30": 15.292, "2009-03-31": "20.81700", "2008-12-31": 14.941, "2008-09-30": -2.963, "2008-06-30": 8.694, "2008-03-31": "-2.51500", "2007-12-31": 100.878, "2007-09-30": -45.176, "2007-06-30": -2.543, "2007-03-31": "-32.15200", "2006-12-31": 4.685, "2006-09-30": 9.252, "2006-06-30": 11.603, "2006-03-31": "3.54300", "2005-12-31": 4.843, "2005-09-30": 7.315, "2005-06-30": 2.846, "2005-03-31": "5.29700"}, "Total Non-Cash Items": {"2020-12-31": -104.169, "2020-09-30": 31.18, "2020-06-30": 30.236, "2020-03-31": "42.75300", "2019-12-31": 11.147, "2019-09-30": 17.462, "2019-06-30": 18.149, "2019-03-31": "15.43600", "2018-12-31": 15.841, "2018-09-30": 13.79, "2018-06-30": 16.765, "2018-03-31": "19.06600", "2017-12-31": 19.29, "2017-09-30": 9.205, "2017-06-30": 14.079, "2017-03-31": "17.71200", "2016-12-31": 18.736, "2016-09-30": 29.826, "2016-06-30": 11.851, "2016-03-31": "0.80200", "2015-12-31": 19.614, "2015-09-30": 21.581, "2015-06-30": 10.328, "2015-03-31": "7.47900", "2014-12-31": 17.944, "2014-09-30": 4.232, "2014-06-30": 7.772, "2014-03-31": "18.21100", "2013-12-31": 25.456, "2013-09-30": 12.635, "2013-06-30": 14.389, "2013-03-31": "18.82000", "2012-12-31": 19.775, "2012-09-30": 13.11, "2012-06-30": 15.332, "2012-03-31": "5.38700", "2011-12-31": 30.955, "2011-09-30": 20.384, "2011-06-30": 3.942, "2011-03-31": "14.99900", "2010-12-31": 23.091, "2010-09-30": 7.095, "2010-06-30": 9.563, "2010-03-31": "8.43500", "2009-12-31": -3.729, "2009-09-30": 18.199, "2009-06-30": 18.608, "2009-03-31": "24.80200", "2008-12-31": 18.5, "2008-09-30": 0.739, "2008-06-30": 11.79, "2008-03-31": "1.11900", "2007-12-31": 104.545, "2007-09-30": -41.342, "2007-06-30": 1.408, "2007-03-31": "-28.03500", "2006-12-31": 8.933, "2006-09-30": 13.496, "2006-06-30": 15.962, "2006-03-31": "7.96800", "2005-12-31": 10.188, "2005-09-30": 14.031, "2005-06-30": 9.677, "2005-03-31": "13.70600"}, "Change In Accounts Receivable": {"2020-12-31": -7.788, "2020-09-30": 14.868, "2020-06-30": -24.622, "2020-03-31": "17.54200", "2019-12-31": -6.466, "2019-09-30": -14.507, "2019-06-30": -5.231, "2019-03-31": "-7.62600", "2018-12-31": 5.835, "2018-09-30": -3.213, "2018-06-30": 7.281, "2018-03-31": "-4.86000", "2017-12-31": -10.249, "2017-09-30": 8.965, "2017-06-30": -0.64, "2017-03-31": "-7.26700", "2016-12-31": 25.086, "2016-09-30": -22.221, "2016-06-30": -6.553, "2016-03-31": "-14.21900", "2015-12-31": -1.613, "2015-09-30": 16.073, "2015-06-30": -16.3, "2015-03-31": "2.81500", "2014-12-31": -2.618, "2014-09-30": 0.998, "2014-06-30": -1.181, "2014-03-31": "3.99500", "2013-12-31": 10.923, "2013-09-30": 7.432, "2013-06-30": -3.471, "2013-03-31": "-3.88500", "2012-12-31": 4.378, "2012-09-30": -11.565, "2012-06-30": -4.123, "2012-03-31": "5.55900", "2011-12-31": -6.438, "2011-09-30": 0.219, "2011-06-30": 3.529, "2011-03-31": "8.83100", "2010-12-31": 0.366, "2010-09-30": -4.263, "2010-06-30": 5.353, "2010-03-31": "5.11000", "2009-12-31": 5.726, "2009-09-30": 41.013, "2009-06-30": -13.444, "2009-03-31": "-2.58100", "2008-12-31": -18.845, "2008-09-30": -3.72, "2008-06-30": 1.913, "2008-03-31": "-0.75500", "2007-12-31": -4.325, "2007-09-30": 5.511, "2007-06-30": 5.711, "2007-03-31": "-7.29600", "2006-12-31": 3.394, "2006-09-30": 0.17, "2006-06-30": 7.248, "2006-03-31": "-4.83900", "2005-12-31": 0.18, "2005-09-30": -0.66, "2005-06-30": 3.462, "2005-03-31": "-3.25500"}, "Change In Inventories": {"2020-12-31": 0, "2020-09-30": 0, "2020-06-30": 0, "2020-03-31": "", "2019-12-31": 0, "2019-09-30": 0, "2019-06-30": 0, "2019-03-31": "", "2018-12-31": 0, "2018-09-30": 0, "2018-06-30": 0, "2018-03-31": "", "2017-12-31": 0, "2017-09-30": 0, "2017-06-30": 0, "2017-03-31": "", "2016-12-31": 0, "2016-09-30": 0, "2016-06-30": 0, "2016-03-31": "", "2015-12-31": 0, "2015-09-30": 0, "2015-06-30": 0, "2015-03-31": "", "2014-12-31": 0, "2014-09-30": 0, "2014-06-30": 0, "2014-03-31": "", "2013-12-31": 0, "2013-09-30": 0, "2013-06-30": 0, "2013-03-31": "", "2012-12-31": 0, "2012-09-30": 0, "2012-06-30": 0, "2012-03-31": "", "2011-12-31": 0, "2011-09-30": 0, "2011-06-30": 0, "2011-03-31": "", "2010-12-31": 0, "2010-09-30": 0, "2010-06-30": 0, "2010-03-31": "", "2009-12-31": 0, "2009-09-30": 0, "2009-06-30": 0, "2009-03-31": "91.50000", "2008-12-31": -0.507, "2008-09-30": 3.354, "2008-06-30": 5.619, "2008-03-31": "-32.68000", "2007-12-31": 25.544, "2007-09-30": 30.76, "2007-06-30": 34.878, "2007-03-31": "5.71100", "2006-12-31": 0, "2006-09-30": 0, "2006-06-30": 0, "2006-03-31": "", "2005-12-31": 0, "2005-09-30": 0, "2005-06-30": 0, "2005-03-31": ""}, "Change In Accounts Payable": {"2020-12-31": 0, "2020-09-30": 0, "2020-06-30": 0, "2020-03-31": "", "2019-12-31": 0, "2019-09-30": 0, "2019-06-30": 0, "2019-03-31": "", "2018-12-31": 0, "2018-09-30": 0, "2018-06-30": 0, "2018-03-31": "", "2017-12-31": 0, "2017-09-30": 0, "2017-06-30": 0, "2017-03-31": "", "2016-12-31": 0, "2016-09-30": 0, "2016-06-30": 0, "2016-03-31": "", "2015-12-31": 0, "2015-09-30": 0, "2015-06-30": 0, "2015-03-31": "", "2014-12-31": 0, "2014-09-30": 0, "2014-06-30": 0, "2014-03-31": "", "2013-12-31": 0, "2013-09-30": 0, "2013-06-30": 0, "2013-03-31": "", "2012-12-31": 0, "2012-09-30": 0, "2012-06-30": 0, "2012-03-31": "", "2011-12-31": 0, "2011-09-30": 0, "2011-06-30": 0, "2011-03-31": "", "2010-12-31": 0, "2010-09-30": 0, "2010-06-30": 0, "2010-03-31": "", "2009-12-31": 0, "2009-09-30": 0, "2009-06-30": 0, "2009-03-31": "", "2008-12-31": 0, "2008-09-30": 0, "2008-06-30": 0, "2008-03-31": "", "2007-12-31": 0, "2007-09-30": 0, "2007-06-30": 0, "2007-03-31": "", "2006-12-31": 0, "2006-09-30": 0, "2006-06-30": 0, "2006-03-31": "", "2005-12-31": 0, "2005-09-30": 0, "2005-06-30": 0, "2005-03-31": ""}, "Change In Assets/Liabilities": {"2020-12-31": 135.753, "2020-09-30": -31.959, "2020-06-30": -3.902, "2020-03-31": "-99.89200", "2019-12-31": 18.671, "2019-09-30": -2.224, "2019-06-30": 13.005, "2019-03-31": "-49.49100", "2018-12-31": 32.963, "2018-09-30": 13.381, "2018-06-30": -25.161, "2018-03-31": "6.63200", "2017-12-31": -23.217, "2017-09-30": -15.602, "2017-06-30": -1.861, "2017-03-31": "-19.94200", "2016-12-31": 16.057, "2016-09-30": -2.341, "2016-06-30": -16.782, "2016-03-31": "4.82600", "2015-12-31": 3.612, "2015-09-30": -18.414, "2015-06-30": 41.782, "2015-03-31": "-13.64900", "2014-12-31": 19.295, "2014-09-30": 12.821, "2014-06-30": -23.474, "2014-03-31": "-11.55700", "2013-12-31": -2.538, "2013-09-30": -10.587, "2013-06-30": 45.323, "2013-03-31": "-23.03600", "2012-12-31": 32.653, "2012-09-30": -13.008, "2012-06-30": -6.004, "2012-03-31": "-5.08200", "2011-12-31": -16.511, "2011-09-30": 22.751, "2011-06-30": -13.196, "2011-03-31": "0.21500", "2010-12-31": -12.779, "2010-09-30": 11.734, "2010-06-30": -8.946, "2010-03-31": "-22.49500", "2009-12-31": -29.663, "2009-09-30": 0.273, "2009-06-30": -46.991, "2009-03-31": "41.12900", "2008-12-31": 15.919, "2008-09-30": -5.561, "2008-06-30": -37.456, "2008-03-31": "21.07300", "2007-12-31": -85.643, "2007-09-30": 24.113, "2007-06-30": -11.847, "2007-03-31": "-9.51300", "2006-12-31": 4.516, "2006-09-30": -6.92, "2006-06-30": -15.129, "2006-03-31": "-6.31400", "2005-12-31": 7.801, "2005-09-30": 21.728, "2005-06-30": -71.906, "2005-03-31": "43.83600"}, "Total Change In Assets/Liabilities": {"2020-12-31": 127.965, "2020-09-30": -17.091, "2020-06-30": -28.524, "2020-03-31": "-82.35000", "2019-12-31": 12.205, "2019-09-30": -16.731, "2019-06-30": 7.774, "2019-03-31": "-57.11700", "2018-12-31": 38.798, "2018-09-30": 10.168, "2018-06-30": -17.88, "2018-03-31": "1.77200", "2017-12-31": -33.466, "2017-09-30": -6.637, "2017-06-30": -2.501, "2017-03-31": "-27.20900", "2016-12-31": 41.143, "2016-09-30": -24.562, "2016-06-30": -23.335, "2016-03-31": "-9.39300", "2015-12-31": 1.999, "2015-09-30": -2.341, "2015-06-30": 25.482, "2015-03-31": "-10.83400", "2014-12-31": 16.677, "2014-09-30": 13.819, "2014-06-30": -24.655, "2014-03-31": "-7.56200", "2013-12-31": 8.385, "2013-09-30": -3.155, "2013-06-30": 41.852, "2013-03-31": "-26.92100", "2012-12-31": 37.031, "2012-09-30": -24.573, "2012-06-30": -10.127, "2012-03-31": "0.47700", "2011-12-31": -22.949, "2011-09-30": 22.97, "2011-06-30": -9.667, "2011-03-31": "9.04600", "2010-12-31": -12.413, "2010-09-30": 7.471, "2010-06-30": -3.593, "2010-03-31": "-17.38500", "2009-12-31": -23.937, "2009-09-30": 41.286, "2009-06-30": -60.435, "2009-03-31": "130.04800", "2008-12-31": -3.433, "2008-09-30": -5.927, "2008-06-30": -29.924, "2008-03-31": "-12.36200", "2007-12-31": -64.424, "2007-09-30": 60.384, "2007-06-30": 28.742, "2007-03-31": "-11.09800", "2006-12-31": 7.91, "2006-09-30": -6.75, "2006-06-30": -7.881, "2006-03-31": "-11.15300", "2005-12-31": 7.981, "2005-09-30": 21.068, "2005-06-30": -68.444, "2005-03-31": "40.58100"}, "Cash Flow From Operating Activities": {"2020-12-31": -87.694, "2020-09-30": 51.929, "2020-06-30": 40.62, "2020-03-31": "-4.85500", "2019-12-31": 81.495, "2019-09-30": 52.783, "2019-06-30": 82.842, "2019-03-31": "17.11800", "2018-12-31": 108.55, "2018-09-30": 80.891, "2018-06-30": 53.603, "2018-03-31": "74.87800", "2017-12-31": 28.777, "2017-09-30": 48.449, "2017-06-30": 56.24, "2017-03-31": "41.67900", "2016-12-31": 103.392, "2016-09-30": 48.757, "2016-06-30": 32.761, "2016-03-31": "41.61900", "2015-12-31": 64.445, "2015-09-30": 53.516, "2015-06-30": 76.964, "2015-03-31": "39.08700", "2014-12-31": 75.812, "2014-09-30": 59.82, "2014-06-30": 24.607, "2014-03-31": "49.24100", "2013-12-31": 72.896, "2013-09-30": 47.184, "2013-06-30": 94.004, "2013-03-31": "27.87900", "2012-12-31": 97.093, "2012-09-30": 29.769, "2012-06-30": 45.952, "2012-03-31": "49.67400", "2011-12-31": 47.235, "2011-09-30": 86.66, "2011-06-30": 29.423, "2011-03-31": "66.40500", "2010-12-31": 51.256, "2010-09-30": 58.63, "2010-06-30": 52.534, "2010-03-31": "43.78600", "2009-12-31": 12.85, "2009-09-30": 95.956, "2009-06-30": -10.821, "2009-03-31": "190.89000", "2008-12-31": 54.374, "2008-09-30": 42.221, "2008-06-30": 30.148, "2008-03-31": "45.97200", "2007-12-31": 80.981, "2007-09-30": 66.821, "2007-06-30": 77.879, "2007-03-31": "8.20200", "2006-12-31": 67.756, "2006-09-30": 53.666, "2006-06-30": 45.257, "2006-03-31": "42.16500", "2005-12-31": 62.95, "2005-09-30": 79.928, "2005-06-30": -12.338, "2005-03-31": "99.80900"}, "Net Change In Property, Plant, And Equipment": {"2020-12-31": 23.712, "2020-09-30": -3.789, "2020-06-30": -7.316, "2020-03-31": "-12.60700", "2019-12-31": -13.519, "2019-09-30": -14.235, "2019-06-30": -14.563, "2019-03-31": "-10.94400", "2018-12-31": -12.786, "2018-09-30": -3.862, "2018-06-30": -9.038, "2018-03-31": "-9.61400", "2017-12-31": -8.981, "2017-09-30": -8.86, "2017-06-30": -7.989, "2017-03-31": "-4.64000", "2016-12-31": -6.354, "2016-09-30": -3.594, "2016-06-30": -2.037, "2016-03-31": "-3.19200", "2015-12-31": -5.457, "2015-09-30": -3.702, "2015-06-30": -2.41, "2015-03-31": "-2.56100", "2014-12-31": -5.456, "2014-09-30": -2.553, "2014-06-30": -3.879, "2014-03-31": "-1.77200", "2013-12-31": -6.515, "2013-09-30": -2.391, "2013-06-30": -3.907, "2013-03-31": "-2.94600", "2012-12-31": -1.348, "2012-09-30": -3.178, "2012-06-30": -4.259, "2012-03-31": "-6.49600", "2011-12-31": -2.747, "2011-09-30": -2.566, "2011-06-30": -2.694, "2011-03-31": "-1.99700", "2010-12-31": -2.739, "2010-09-30": -3.767, "2010-06-30": -1.454, "2010-03-31": "-2.66600", "2009-12-31": -4.218, "2009-09-30": -0.828, "2009-06-30": -1.541, "2009-03-31": "-1.81400", "2008-12-31": -1.346, "2008-09-30": -4.841, "2008-06-30": -4.183, "2008-03-31": "-3.01000", "2007-12-31": -0.413, "2007-09-30": -1.019, "2007-06-30": -3.301, "2007-03-31": "-1.07900", "2006-12-31": -2.2, "2006-09-30": -1.036, "2006-06-30": 8.932, "2006-03-31": "-13.79600", "2005-12-31": -2.239, "2005-09-30": -2.428, "2005-06-30": -0.812, "2005-03-31": "-0.67300"}, "Net Change In Intangible Assets": {"2020-12-31": 0, "2020-09-30": 0, "2020-06-30": 0, "2020-03-31": "", "2019-12-31": 0, "2019-09-30": 0, "2019-06-30": 0, "2019-03-31": "", "2018-12-31": 0, "2018-09-30": 0, "2018-06-30": 0, "2018-03-31": "", "2017-12-31": 0, "2017-09-30": 0, "2017-06-30": 0, "2017-03-31": "", "2016-12-31": 0, "2016-09-30": 0, "2016-06-30": 0, "2016-03-31": "", "2015-12-31": 0, "2015-09-30": 0, "2015-06-30": 0, "2015-03-31": "", "2014-12-31": 0, "2014-09-30": 0, "2014-06-30": 0, "2014-03-31": "", "2013-12-31": 0, "2013-09-30": 0, "2013-06-30": 0, "2013-03-31": "", "2012-12-31": 0, "2012-09-30": 0, "2012-06-30": 0, "2012-03-31": "", "2011-12-31": 0, "2011-09-30": 0, "2011-06-30": 0, "2011-03-31": "", "2010-12-31": 0, "2010-09-30": 0, "2010-06-30": 0, "2010-03-31": "", "2009-12-31": 0, "2009-09-30": 0, "2009-06-30": 0, "2009-03-31": "", "2008-12-31": 0, "2008-09-30": 0, "2008-06-30": 0, "2008-03-31": "", "2007-12-31": 0, "2007-09-30": 0, "2007-06-30": 0, "2007-03-31": "", "2006-12-31": 0, "2006-09-30": 0, "2006-06-30": 0, "2006-03-31": "", "2005-12-31": 0, "2005-09-30": 0, "2005-06-30": 0, "2005-03-31": ""}, "Net Acquisitions/Divestitures": {"2020-12-31": 0, "2020-09-30": 0, "2020-06-30": 0, "2020-03-31": "", "2019-12-31": 0, "2019-09-30": 0, "2019-06-30": 0, "2019-03-31": "", "2018-12-31": 0, "2018-09-30": 0, "2018-06-30": 0, "2018-03-31": "", "2017-12-31": 0, "2017-09-30": 0, "2017-06-30": 0, "2017-03-31": "", "2016-12-31": 0, "2016-09-30": 0, "2016-06-30": 0, "2016-03-31": "", "2015-12-31": 0, "2015-09-30": 0, "2015-06-30": 0, "2015-03-31": "", "2014-12-31": 0, "2014-09-30": 0, "2014-06-30": 0, "2014-03-31": "", "2013-12-31": 0, "2013-09-30": 0, "2013-06-30": 0, "2013-03-31": "", "2012-12-31": 0, "2012-09-30": 0, "2012-06-30": 0, "2012-03-31": "", "2011-12-31": 0, "2011-09-30": 0, "2011-06-30": 0, "2011-03-31": "", "2010-12-31": 0, "2010-09-30": 0.904, "2010-06-30": 0, "2010-03-31": "", "2009-12-31": 5, "2009-09-30": -0.11, "2009-06-30": 1.879, "2009-03-31": "", "2008-12-31": 0, "2008-09-30": 0, "2008-06-30": 0, "2008-03-31": "", "2007-12-31": 0, "2007-09-30": 0, "2007-06-30": 0, "2007-03-31": "", "2006-12-31": 0, "2006-09-30": 0, "2006-06-30": 0, "2006-03-31": "", "2005-12-31": 0, "2005-09-30": 0, "2005-06-30": 0, "2005-03-31": ""}, "Net Change In Short-term Investments": {"2020-12-31": -733.619, "2020-09-30": 733.619, "2020-06-30": -230.435, "2020-03-31": "230.43500", "2019-12-31": -1656.241, "2019-09-30": 1656.241, "2019-06-30": -495.824, "2019-03-31": "495.82400", "2018-12-31": 0, "2018-09-30": 0, "2018-06-30": -89.399, "2018-03-31": "89.39900", "2017-12-31": 0, "2017-09-30": 0, "2017-06-30": -94.028, "2017-03-31": "94.02800", "2016-12-31": 0, "2016-09-30": 0, "2016-06-30": -92.459, "2016-03-31": "92.45900", "2015-12-31": 0, "2015-09-30": 0, "2015-06-30": 0, "2015-03-31": "", "2014-12-31": 0, "2014-09-30": 0, "2014-06-30": 0, "2014-03-31": "", "2013-12-31": 0, "2013-09-30": 0, "2013-06-30": 0, "2013-03-31": "", "2012-12-31": 0, "2012-09-30": 0, "2012-06-30": 0, "2012-03-31": "", "2011-12-31": 0, "2011-09-30": 1.956, "2011-06-30": 0, "2011-03-31": "", "2010-12-31": 0, "2010-09-30": 4.424, "2010-06-30": 0, "2010-03-31": "", "2009-12-31": 0, "2009-09-30": 0, "2009-06-30": 0, "2009-03-31": "", "2008-12-31": 0, "2008-09-30": 0, "2008-06-30": 0, "2008-03-31": "", "2007-12-31": 0, "2007-09-30": 0, "2007-06-30": 0, "2007-03-31": "", "2006-12-31": 0, "2006-09-30": 0, "2006-06-30": 0, "2006-03-31": "", "2005-12-31": 0, "2005-09-30": 0, "2005-06-30": 0, "2005-03-31": ""}, "Net Change In Long-Term Investments": {"2020-12-31": 1409.111, "2020-09-30": -1134.893, "2020-06-30": -70.225, "2020-03-31": "-203.99300", "2019-12-31": 1521.7919, "2019-09-30": -1587.2521, "2019-06-30": 426.5571, "2019-03-31": "-530.57100", "2018-12-31": 231.132, "2018-09-30": -41.754, "2018-06-30": 359.505, "2018-03-31": "76.44100", "2017-12-31": 94.7661, "2017-09-30": -193.329, "2017-06-30": 178.975, "2017-03-31": "-254.56200", "2016-12-31": -31.2651, "2016-09-30": 48.021, "2016-06-30": 197.442, "2016-03-31": "-44.02200", "2015-12-31": 139.4901, "2015-09-30": 71.2179, "2015-06-30": 78.006, "2015-03-31": "184.62800", "2014-12-31": -20.476, "2014-09-30": 125.607, "2014-06-30": 54.817, "2014-03-31": "23.02300", "2013-12-31": -100.5592, "2013-09-30": -92.444, "2013-06-30": -47.605, "2013-03-31": "42.23100", "2012-12-31": -395.2421, "2012-09-30": 471.3151, "2012-06-30": 170.364, "2012-03-31": "-163.11400", "2011-12-31": -157.1501, "2011-09-30": -326.8911, "2011-06-30": -130.8709, "2011-03-31": "150.05000", "2010-12-31": -387.9591, "2010-09-30": -218.0179, "2010-06-30": -441.333, "2010-03-31": "-73.30100", "2009-12-31": -531.1, "2009-09-30": -461.861, "2009-06-30": -1169.904, "2009-03-31": "-534.49900", "2008-12-31": 78.8069, "2008-09-30": 81.1891, "2008-06-30": 8.847, "2008-03-31": "-77.53900", "2007-12-31": 68.441, "2007-09-30": -89.99, "2007-06-30": -23.786, "2007-03-31": "34.07300", "2006-12-31": 82.2309, "2006-09-30": -70.188, "2006-06-30": 25.6, "2006-03-31": "-18.71600", "2005-12-31": 28.2459, "2005-09-30": -25.887, "2005-06-30": 34.715, "2005-03-31": "-15.03500"}, "Net Change In Investments - Total": {"2020-12-31": 675.4921, "2020-09-30": -401.2741, "2020-06-30": -300.66, "2020-03-31": "26.44200", "2019-12-31": -134.4489, "2019-09-30": 68.9887, "2019-06-30": -69.2669, "2019-03-31": "-34.74700", "2018-12-31": 231.132, "2018-09-30": -41.754, "2018-06-30": 270.106, "2018-03-31": "165.84000", "2017-12-31": 94.7661, "2017-09-30": -193.329, "2017-06-30": 84.947, "2017-03-31": "-160.53400", "2016-12-31": -31.2651, "2016-09-30": 48.021, "2016-06-30": 104.983, "2016-03-31": "48.43700", "2015-12-31": 139.4901, "2015-09-30": 71.2179, "2015-06-30": 78.006, "2015-03-31": "184.62800", "2014-12-31": -20.476, "2014-09-30": 125.607, "2014-06-30": 54.817, "2014-03-31": "23.02300", "2013-12-31": -100.5592, "2013-09-30": -92.444, "2013-06-30": -47.605, "2013-03-31": "42.23100", "2012-12-31": -395.2421, "2012-09-30": 471.3151, "2012-06-30": 170.364, "2012-03-31": "-163.11400", "2011-12-31": -157.1501, "2011-09-30": -324.9351, "2011-06-30": -130.8709, "2011-03-31": "150.05000", "2010-12-31": -387.9592, "2010-09-30": -213.5938, "2010-06-30": -441.333, "2010-03-31": "-73.30100", "2009-12-31": -531.1, "2009-09-30": -461.861, "2009-06-30": -1169.904, "2009-03-31": "-534.49900", "2008-12-31": 78.8069, "2008-09-30": 81.1891, "2008-06-30": 8.847, "2008-03-31": "-77.53900", "2007-12-31": 68.441, "2007-09-30": -89.99, "2007-06-30": -23.786, "2007-03-31": "34.07300", "2006-12-31": 82.2309, "2006-09-30": -70.188, "2006-06-30": 25.6, "2006-03-31": "-18.71600", "2005-12-31": 28.2459, "2005-09-30": -25.887, "2005-06-30": 34.715, "2005-03-31": "-15.03500"}, "Investing Activities - Other": {"2020-12-31": 782.613, "2020-09-30": 19.266, "2020-06-30": -437.001, "2020-03-31": "-364.87800", "2019-12-31": -109.526, "2019-09-30": -124.779, "2019-06-30": -212.108, "2019-03-31": "-104.12000", "2018-12-31": -220.163, "2018-09-30": -180.225, "2018-06-30": -140.079, "2018-03-31": "-124.22500", "2017-12-31": -232.632, "2017-09-30": -188.463, "2017-06-30": -276.81, "2017-03-31": "-119.36200", "2016-12-31": -279.324, "2016-09-30": -306.605, "2016-06-30": -349.123, "2016-03-31": "-180.79900", "2015-12-31": -189.8331, "2015-09-30": -264.648, "2015-06-30": -253.924, "2015-03-31": "-281.91000", "2014-12-31": -292.987, "2014-09-30": -180.327, "2014-06-30": -219.691, "2014-03-31": "-116.37700", "2013-12-31": -97.755, "2013-09-30": -147.92, "2013-06-30": -80.894, "2013-03-31": "69.41100", "2012-12-31": -75.915, "2012-09-30": -111.995, "2012-06-30": -80.024, "2012-03-31": "-61.50200", "2011-12-31": -197.693, "2011-09-30": -0.804, "2011-06-30": -33.319, "2011-03-31": "-3.39900", "2010-12-31": -37.501, "2010-09-30": 110.539, "2010-06-30": 147.366, "2010-03-31": "132.60700", "2009-12-31": 140.438, "2009-09-30": 177.719, "2009-06-30": 192.723, "2009-03-31": "177.91300", "2008-12-31": 11.368, "2008-09-30": -28.183, "2008-06-30": 57.148, "2008-03-31": "-3.45600", "2007-12-31": 14.054, "2007-09-30": -37.415, "2007-06-30": -61.81, "2007-03-31": "71.04900", "2006-12-31": -136.245, "2006-09-30": -50.026, "2006-06-30": -196.9, "2006-03-31": "-79.45000", "2005-12-31": 31.699, "2005-09-30": -63.884, "2005-06-30": -138.614, "2005-03-31": "-28.47700"}, "Cash Flow From Investing Activities": {"2020-12-31": 1481.817, "2020-09-30": -385.797, "2020-06-30": -744.977, "2020-03-31": "-351.04300", "2019-12-31": -257.494, "2019-09-30": -70.025, "2019-06-30": -295.938, "2019-03-31": "-149.81100", "2018-12-31": -1.817, "2018-09-30": -225.841, "2018-06-30": 120.989, "2018-03-31": "32.00100", "2017-12-31": -146.847, "2017-09-30": -390.652, "2017-06-30": -199.852, "2017-03-31": "-284.53600", "2016-12-31": -316.943, "2016-09-30": -262.178, "2016-06-30": -246.177, "2016-03-31": "-135.55400", "2015-12-31": -55.8, "2015-09-30": -197.132, "2015-06-30": -178.328, "2015-03-31": "-99.84300", "2014-12-31": -318.919, "2014-09-30": -57.273, "2014-06-30": -168.753, "2014-03-31": "-95.12600", "2013-12-31": -204.829, "2013-09-30": -242.755, "2013-06-30": -132.406, "2013-03-31": "108.69600", "2012-12-31": -472.505, "2012-09-30": 356.142, "2012-06-30": 86.081, "2012-03-31": "-231.11200", "2011-12-31": -357.59, "2011-09-30": -328.305, "2011-06-30": -166.884, "2011-03-31": "144.65400", "2010-12-31": -428.199, "2010-09-30": -105.918, "2010-06-30": -295.421, "2010-03-31": "56.64000", "2009-12-31": -389.88, "2009-09-30": -285.08, "2009-06-30": -976.843, "2009-03-31": "-358.40000", "2008-12-31": 88.829, "2008-09-30": 48.165, "2008-06-30": 61.812, "2008-03-31": "-84.00500", "2007-12-31": 82.082, "2007-09-30": -128.424, "2007-06-30": -88.897, "2007-03-31": "104.04300", "2006-12-31": -56.214, "2006-09-30": -121.25, "2006-06-30": -162.368, "2006-03-31": "-111.96200", "2005-12-31": 57.706, "2005-09-30": -92.199, "2005-06-30": -104.711, "2005-03-31": "-44.18500"}, "Net Long-Term Debt": {"2020-12-31": 25.063, "2020-09-30": -0.022, "2020-06-30": -0.021, "2020-03-31": "-25.02000", "2019-12-31": -25.02, "2019-09-30": -0.02, "2019-06-30": -0.019, "2019-03-31": "-25.01900", "2018-12-31": -50, "2018-09-30": -50, "2018-06-30": 0, "2018-03-31": "-25.00000", "2017-12-31": 0, "2017-09-30": 0, "2017-06-30": 0, "2017-03-31": "", "2016-12-31": 0, "2016-09-30": 0, "2016-06-30": 50, "2016-03-31": "-25.00000", "2015-12-31": -25, "2015-09-30": 100, "2015-06-30": 0, "2015-03-31": "", "2014-12-31": 0, "2014-09-30": 0, "2014-06-30": 0, "2014-03-31": "", "2013-12-31": 0, "2013-09-30": 0, "2013-06-30": 0, "2013-03-31": "50.00000", "2012-12-31": 100, "2012-09-30": 0, "2012-06-30": 0, "2012-03-31": "", "2011-12-31": 0, "2011-09-30": 0, "2011-06-30": 0, "2011-03-31": "", "2010-12-31": 0, "2010-09-30": 0, "2010-06-30": -50, "2010-03-31": "", "2009-12-31": -1.099, "2009-09-30": 0, "2009-06-30": 0, "2009-03-31": "-143.97100", "2008-12-31": 0, "2008-09-30": 0, "2008-06-30": -32.425, "2008-03-31": "", "2007-12-31": 0, "2007-09-30": -25, "2007-06-30": 0, "2007-03-31": "", "2006-12-31": -5, "2006-09-30": 22.5, "2006-06-30": 0, "2006-03-31": "", "2005-12-31": 0, "2005-09-30": -0.036, "2005-06-30": 0.018, "2005-03-31": "-9.98200"}, "Net Current Debt": {"2020-12-31": 2.2, "2020-09-30": -1.1, "2020-06-30": -150, "2020-03-31": "148.90000", "2019-12-31": 0.007, "2019-09-30": 100, "2019-06-30": 0, "2019-03-31": "-0.19600", "2018-12-31": -0.427, "2018-09-30": 0.399, "2018-06-30": -0.77, "2018-03-31": "", "2017-12-31": 0, "2017-09-30": 0.001, "2017-06-30": -4.616, "2017-03-31": "-23.08600", "2016-12-31": -28.305, "2016-09-30": -32.819, "2016-06-30": -0.408, "2016-03-31": "-41.66400", "2015-12-31": -4.407, "2015-09-30": -40.172, "2015-06-30": -0.019, "2015-03-31": "-16.27200", "2014-12-31": -11.602, "2014-09-30": -45.431, "2014-06-30": -53.477, "2014-03-31": "27.53900", "2013-12-31": -77.191, "2013-09-30": -18.998, "2013-06-30": 61.206, "2013-03-31": "44.77100", "2012-12-31": -58.779, "2012-09-30": -250.387, "2012-06-30": -757.261, "2012-03-31": "-100.11900", "2011-12-31": -8.759, "2011-09-30": 55.58, "2011-06-30": 128.507, "2011-03-31": "-155.30100", "2010-12-31": 283.587, "2010-09-30": -465.05, "2010-06-30": 552.973, "2010-03-31": "-89.25300", "2009-12-31": 93.88, "2009-09-30": -277.839, "2009-06-30": 954.516, "2009-03-31": "-185.52100", "2008-12-31": -260.283, "2008-09-30": 201.654, "2008-06-30": -157.39, "2008-03-31": "150.32100", "2007-12-31": -174.993, "2007-09-30": 273.564, "2007-06-30": -109.659, "2007-03-31": "7.23300", "2006-12-31": -152.128, "2006-09-30": 69.787, "2006-06-30": 186.242, "2006-03-31": "128.18400", "2005-12-31": -50.372, "2005-09-30": 2.617, "2005-06-30": 186.01, "2005-03-31": "15.06600"}, "Debt Issuance/Retirement Net - Total": {"2020-12-31": 27.263, "2020-09-30": -1.122, "2020-06-30": -150.021, "2020-03-31": "123.88000", "2019-12-31": -25.013, "2019-09-30": 99.98, "2019-06-30": -0.019, "2019-03-31": "-25.21500", "2018-12-31": -50.427, "2018-09-30": -49.601, "2018-06-30": -0.77, "2018-03-31": "-25.00000", "2017-12-31": 0, "2017-09-30": 0.001, "2017-06-30": -4.616, "2017-03-31": "-23.08600", "2016-12-31": -28.305, "2016-09-30": -32.819, "2016-06-30": 49.592, "2016-03-31": "-66.66400", "2015-12-31": -29.407, "2015-09-30": 59.828, "2015-06-30": -0.019, "2015-03-31": "-16.27200", "2014-12-31": -11.602, "2014-09-30": -45.431, "2014-06-30": -53.477, "2014-03-31": "27.53900", "2013-12-31": -77.191, "2013-09-30": -18.998, "2013-06-30": 61.206, "2013-03-31": "94.77100", "2012-12-31": 41.221, "2012-09-30": -250.387, "2012-06-30": -757.261, "2012-03-31": "-100.11900", "2011-12-31": -8.759, "2011-09-30": 55.58, "2011-06-30": 128.507, "2011-03-31": "-155.30100", "2010-12-31": 283.587, "2010-09-30": -465.05, "2010-06-30": 502.973, "2010-03-31": "-89.25300", "2009-12-31": 92.781, "2009-09-30": -277.839, "2009-06-30": 954.516, "2009-03-31": "-329.49200", "2008-12-31": -260.283, "2008-09-30": 201.654, "2008-06-30": -189.815, "2008-03-31": "150.32100", "2007-12-31": -174.993, "2007-09-30": 248.564, "2007-06-30": -109.659, "2007-03-31": "7.23300", "2006-12-31": -157.128, "2006-09-30": 92.287, "2006-06-30": 186.242, "2006-03-31": "128.18400", "2005-12-31": -50.372, "2005-09-30": 2.581, "2005-06-30": 186.028, "2005-03-31": "5.08400"}, "Net Common Equity Issued/Repurchased": {"2020-12-31": 10.213, "2020-09-30": 1.453, "2020-06-30": 2.309, "2020-03-31": "-13.97500", "2019-12-31": -28.005, "2019-09-30": -27.811, "2019-06-30": -32.766, "2019-03-31": "-41.19500", "2018-12-31": -23.35, "2018-09-30": -23.034, "2018-06-30": -22.149, "2018-03-31": "-15.58200", "2017-12-31": -9.283, "2017-09-30": -11.862, "2017-06-30": -7.815, "2017-03-31": "-5.01500", "2016-12-31": -8.266, "2016-09-30": -12.756, "2016-06-30": -12.619, "2016-03-31": "-19.08700", "2015-12-31": -5.928, "2015-09-30": -12.771, "2015-06-30": -8.78, "2015-03-31": "-10.13800", "2014-12-31": -15.458, "2014-09-30": -17.855, "2014-06-30": -10.559, "2014-03-31": "-10.17900", "2013-12-31": -3.16, "2013-09-30": -6.116, "2013-06-30": -12.448, "2013-03-31": "-3.43600", "2012-12-31": -11.825, "2012-09-30": -12.161, "2012-06-30": -17.856, "2012-03-31": "-25.87200", "2011-12-31": -26.412, "2011-09-30": -27.578, "2011-06-30": -27.133, "2011-03-31": "-17.76100", "2010-12-31": -8.725, "2010-09-30": -3.766, "2010-06-30": 3.235, "2010-03-31": "0.69200", "2009-12-31": 2.646, "2009-09-30": 2.02, "2009-06-30": 2.321, "2009-03-31": "1.34000", "2008-12-31": 1.824, "2008-09-30": -13.025, "2008-06-30": -6.944, "2008-03-31": "-29.73400", "2007-12-31": -26.206, "2007-09-30": -24.16, "2007-06-30": -13.314, "2007-03-31": "-15.34300", "2006-12-31": -7.984, "2006-09-30": -40.786, "2006-06-30": -23.941, "2006-03-31": "-26.12300", "2005-12-31": -19.68, "2005-09-30": -34.66, "2005-06-30": -52.832, "2005-03-31": "-107.31000"}, "Net Total Equity Issued/Repurchased": {"2020-12-31": 10.213, "2020-09-30": 1.453, "2020-06-30": 2.309, "2020-03-31": "-13.97500", "2019-12-31": -28.005, "2019-09-30": -27.811, "2019-06-30": -32.766, "2019-03-31": "-41.19500", "2018-12-31": -23.35, "2018-09-30": -23.034, "2018-06-30": -22.149, "2018-03-31": "-15.58200", "2017-12-31": -9.283, "2017-09-30": -11.862, "2017-06-30": -7.815, "2017-03-31": "-5.01500", "2016-12-31": -8.266, "2016-09-30": -12.756, "2016-06-30": -12.619, "2016-03-31": "-19.08700", "2015-12-31": -5.928, "2015-09-30": -12.771, "2015-06-30": -8.78, "2015-03-31": "-10.13800", "2014-12-31": -15.458, "2014-09-30": -17.855, "2014-06-30": -10.559, "2014-03-31": "-10.17900", "2013-12-31": -3.16, "2013-09-30": -6.116, "2013-06-30": -12.448, "2013-03-31": "-3.43600", "2012-12-31": -11.825, "2012-09-30": -12.161, "2012-06-30": -17.856, "2012-03-31": "-25.87200", "2011-12-31": -26.412, "2011-09-30": -27.578, "2011-06-30": -27.133, "2011-03-31": "-17.76100", "2010-12-31": -8.725, "2010-09-30": -3.766, "2010-06-30": 3.235, "2010-03-31": "0.69200", "2009-12-31": 2.646, "2009-09-30": 2.02, "2009-06-30": 2.321, "2009-03-31": "1.34000", "2008-12-31": 1.824, "2008-09-30": -13.025, "2008-06-30": -6.944, "2008-03-31": "-29.73400", "2007-12-31": -26.206, "2007-09-30": -24.16, "2007-06-30": -13.314, "2007-03-31": "-15.34300", "2006-12-31": -7.984, "2006-09-30": -40.786, "2006-06-30": -23.941, "2006-03-31": "-26.12300", "2005-12-31": -19.68, "2005-09-30": -34.66, "2005-06-30": -52.832, "2005-03-31": "-107.31000"}, "Total Common And Preferred Stock Dividends Paid": {"2020-12-31": 80.536, "2020-09-30": -26.857, "2020-06-30": -26.844, "2020-03-31": "-26.83500", "2019-12-31": -26.94, "2019-09-30": -26.337, "2019-06-30": -26.555, "2019-03-31": "-25.64600", "2018-12-31": -25.857, "2018-09-30": -25.188, "2018-06-30": -25.364, "2018-03-31": "-22.08700", "2017-12-31": -22.12, "2017-09-30": -22.158, "2017-06-30": -21.369, "2017-03-31": "-21.41900", "2016-12-31": -20.494, "2016-09-30": -20.533, "2016-06-30": -20.666, "2016-03-31": "-19.46400", "2015-12-31": -19.486, "2015-09-30": -19.564, "2015-06-30": -19.633, "2015-03-31": "-19.68400", "2014-12-31": -19.712, "2014-09-30": -19.903, "2014-06-30": -19.972, "2014-03-31": "-20.07300", "2013-12-31": -20.064, "2013-09-30": -20.079, "2013-06-30": -20.161, "2013-03-31": "-20.23000", "2012-12-31": -20.186, "2012-09-30": -20.31, "2012-06-30": -20.454, "2012-03-31": "-20.69500", "2011-12-31": -20.843, "2011-09-30": -21.083, "2011-06-30": -21.381, "2011-03-31": "-21.58400", "2010-12-31": -21.689, "2010-09-30": -21.78, "2010-06-30": -21.722, "2010-03-31": "-21.63200", "2009-12-31": -21.605, "2009-09-30": -21.573, "2009-06-30": -21.547, "2009-03-31": "-21.51100", "2008-12-31": -21.495, "2008-09-30": -21.017, "2008-06-30": -21.144, "2008-03-31": "-21.19900", "2007-12-31": -21.436, "2007-09-30": -20.178, "2007-06-30": -20.346, "2007-03-31": "-20.41100", "2006-12-31": -20.45, "2006-09-30": -18.585, "2006-06-30": -18.772, "2006-03-31": "-18.94000", "2005-12-31": -19.039, "2005-09-30": -17.147, "2005-06-30": -17.052, "2005-03-31": "-17.59500"}, "Financial Activities - Other": {"2020-12-31": -1954.401, "2020-09-30": 315.728, "2020-06-30": 1367.794, "2020-03-31": "270.87900", "2019-12-31": 443.731, "2019-09-30": -148.069, "2019-06-30": 221.511, "2019-03-31": "240.06800", "2018-12-31": 183.907, "2018-09-30": -100.024, "2018-06-30": -13.775, "2018-03-31": "73.16500", "2017-12-31": -164.192, "2017-09-30": 263.511, "2017-06-30": 308.116, "2017-03-31": "156.29300", "2016-12-31": 512.112, "2016-09-30": 164.59, "2016-06-30": 155.488, "2016-03-31": "238.10000", "2015-12-31": 314.814, "2015-09-30": -153.686, "2015-06-30": 111.181, "2015-03-31": "346.78100", "2014-12-31": 271.883, "2014-09-30": -308.563, "2014-06-30": 625.613, "2014-03-31": "130.17000", "2013-12-31": 306.878, "2013-09-30": 159.037, "2013-06-30": 197.378, "2013-03-31": "-277.17100", "2012-12-31": 309.127, "2012-09-30": -327.357, "2012-06-30": 926.887, "2012-03-31": "29.10600", "2011-12-31": 583.798, "2011-09-30": 30.042, "2011-06-30": 66.791, "2011-03-31": "23.88100", "2010-12-31": 286.791, "2010-09-30": 278.943, "2010-06-30": -167.85, "2010-03-31": "84.41800", "2009-12-31": 159.732, "2009-09-30": 230.5, "2009-06-30": -193.086, "2009-03-31": "920.71000", "2008-12-31": 633.626, "2008-09-30": -245.082, "2008-06-30": -198.145, "2008-03-31": "161.15200", "2007-12-31": 68.106, "2007-09-30": -438.843, "2007-06-30": 362.184, "2007-03-31": "-68.94500", "2006-12-31": 338.493, "2006-09-30": -77.679, "2006-06-30": -380.819, "2006-03-31": "243.56500", "2005-12-31": 150.882, "2005-09-30": 29.828, "2005-06-30": -33.904, "2005-03-31": "195.99500"}, "Cash Flow From Financial Activities": {"2020-12-31": -1836.389, "2020-09-30": 289.202, "2020-06-30": 1193.238, "2020-03-31": "353.94900", "2019-12-31": 363.773, "2019-09-30": -102.237, "2019-06-30": 162.171, "2019-03-31": "148.01200", "2018-12-31": 84.273, "2018-09-30": -197.847, "2018-06-30": -62.058, "2018-03-31": "10.49600", "2017-12-31": -195.595, "2017-09-30": 229.492, "2017-06-30": 274.316, "2017-03-31": "106.77300", "2016-12-31": 455.047, "2016-09-30": 98.482, "2016-06-30": 171.795, "2016-03-31": "132.88500", "2015-12-31": 259.993, "2015-09-30": -126.193, "2015-06-30": 82.749, "2015-03-31": "300.68700", "2014-12-31": 225.111, "2014-09-30": -391.752, "2014-06-30": 541.605, "2014-03-31": "127.45700", "2013-12-31": 206.463, "2013-09-30": 113.844, "2013-06-30": 225.975, "2013-03-31": "-206.06600", "2012-12-31": 318.337, "2012-09-30": -610.215, "2012-06-30": 131.316, "2012-03-31": "-117.58000", "2011-12-31": 527.784, "2011-09-30": 36.961, "2011-06-30": 146.784, "2011-03-31": "-170.76500", "2010-12-31": 539.964, "2010-09-30": -211.653, "2010-06-30": 316.636, "2010-03-31": "-25.77500", "2009-12-31": 233.554, "2009-09-30": -66.892, "2009-06-30": 742.204, "2009-03-31": "571.04700", "2008-12-31": 353.672, "2008-09-30": -77.47, "2008-06-30": -416.048, "2008-03-31": "260.54000", "2007-12-31": -154.529, "2007-09-30": -234.617, "2007-06-30": 218.865, "2007-03-31": "-97.46600", "2006-12-31": 152.931, "2006-09-30": -44.763, "2006-06-30": -237.29, "2006-03-31": "326.68600", "2005-12-31": 61.791, "2005-09-30": -19.398, "2005-06-30": 82.24, "2005-03-31": "76.17400"}, "Net Cash Flow": {"2020-12-31": -442.266, "2020-09-30": -44.666, "2020-06-30": 488.881, "2020-03-31": "-1.94900", "2019-12-31": 187.774, "2019-09-30": -119.479, "2019-06-30": -50.925, "2019-03-31": "15.31900", "2018-12-31": 191.006, "2018-09-30": -342.797, "2018-06-30": 112.534, "2018-03-31": "117.37500", "2017-12-31": -313.665, "2017-09-30": -112.711, "2017-06-30": 130.704, "2017-03-31": "-136.08400", "2016-12-31": 241.496, "2016-09-30": -114.939, "2016-06-30": -41.621, "2016-03-31": "38.95000", "2015-12-31": 268.638, "2015-09-30": -269.809, "2015-06-30": -18.615, "2015-03-31": "239.93100", "2014-12-31": -17.996, "2014-09-30": -389.205, "2014-06-30": 397.459, "2014-03-31": "81.57200", "2013-12-31": 74.53, "2013-09-30": -81.727, "2013-06-30": 187.573, "2013-03-31": "-69.49100", "2012-12-31": -57.075, "2012-09-30": -224.304, "2012-06-30": 263.349, "2012-03-31": "-299.01800", "2011-12-31": 217.429, "2011-09-30": -204.684, "2011-06-30": 9.323, "2011-03-31": "40.29400", "2010-12-31": 163.021, "2010-09-30": -258.941, "2010-06-30": 73.749, "2010-03-31": "74.65100", "2009-12-31": -143.476, "2009-09-30": -256.016, "2009-06-30": -245.46, "2009-03-31": "403.53700", "2008-12-31": 496.875, "2008-09-30": 12.916, "2008-06-30": -324.088, "2008-03-31": "222.50700", "2007-12-31": 8.534, "2007-09-30": -296.22, "2007-06-30": 207.847, "2007-03-31": "14.77900", "2006-12-31": 164.473, "2006-09-30": -112.347, "2006-06-30": -354.401, "2006-03-31": "256.88900", "2005-12-31": 182.447, "2005-09-30": -31.669, "2005-06-30": -34.809, "2005-03-31": "131.79800"}, "Stock-Based Compensation": {"2020-12-31": -5.347, "2020-09-30": 1.643, "2020-06-30": 2.207, "2020-03-31": "1.49700", "2019-12-31": 1.675, "2019-09-30": 2.224, "2019-06-30": 2.164, "2019-03-31": "2.27400", "2018-12-31": 1.938, "2018-09-30": 2.153, "2018-06-30": 2.188, "2018-03-31": "1.86700", "2017-12-31": 2.037, "2017-09-30": 1.606, "2017-06-30": 1.991, "2017-03-31": "1.73500", "2016-12-31": 1.766, "2016-09-30": 1.706, "2016-06-30": 1.715, "2016-03-31": "1.59900", "2015-12-31": 1.991, "2015-09-30": 1.967, "2015-06-30": 1.955, "2015-03-31": "1.77600", "2014-12-31": 2.039, "2014-09-30": 2.011, "2014-06-30": 2.012, "2014-03-31": "1.80800", "2013-12-31": 1.32, "2013-09-30": 1.494, "2013-06-30": 1.452, "2013-03-31": "1.28000", "2012-12-31": 1.85, "2012-09-30": 1.964, "2012-06-30": 1.892, "2012-03-31": "1.83100", "2011-12-31": 4.215, "2011-09-30": 0.641, "2011-06-30": 0.616, "2011-03-31": "0.74400", "2010-12-31": 1.138, "2010-09-30": 1.158, "2010-06-30": 0.831, "2010-03-31": "0.71400", "2009-12-31": 1.852, "2009-09-30": 0.756, "2009-06-30": 0.709, "2009-03-31": "0.23500", "2008-12-31": 1.328, "2008-09-30": 1.408, "2008-06-30": 1.321, "2008-03-31": "1.75100", "2007-12-31": 1.26, "2007-09-30": 1.716, "2007-06-30": 1.431, "2007-03-31": "1.31700", "2006-12-31": 0.939, "2006-09-30": 1.214, "2006-06-30": 1.448, "2006-03-31": "1.35500", "2005-12-31": 0.672, "2005-09-30": 1.32, "2005-06-30": 1.299, "2005-03-31": "1.27300"}, "Common Stock Dividends Paid": {"2020-12-31": 80.536, "2020-09-30": -26.857, "2020-06-30": -26.844, "2020-03-31": "-26.83500", "2019-12-31": -26.94, "2019-09-30": -26.337, "2019-06-30": -26.555, "2019-03-31": "-25.64600", "2018-12-31": -25.857, "2018-09-30": -25.188, "2018-06-30": -25.364, "2018-03-31": "-22.08700", "2017-12-31": -22.12, "2017-09-30": -22.158, "2017-06-30": -21.369, "2017-03-31": "-21.41900", "2016-12-31": -20.494, "2016-09-30": -20.533, "2016-06-30": -20.666, "2016-03-31": "-19.46400", "2015-12-31": -19.486, "2015-09-30": -19.564, "2015-06-30": -19.633, "2015-03-31": "-19.68400", "2014-12-31": -19.712, "2014-09-30": -19.903, "2014-06-30": -19.972, "2014-03-31": "-20.07300", "2013-12-31": -20.064, "2013-09-30": -20.079, "2013-06-30": -20.161, "2013-03-31": "-20.23000", "2012-12-31": -20.186, "2012-09-30": -20.31, "2012-06-30": -20.454, "2012-03-31": "-20.69500", "2011-12-31": -20.843, "2011-09-30": -21.083, "2011-06-30": -21.381, "2011-03-31": "-21.58400", "2010-12-31": -21.689, "2010-09-30": -21.78, "2010-06-30": -21.722, "2010-03-31": "-21.63200", "2009-12-31": -21.605, "2009-09-30": -21.573, "2009-06-30": -21.547, "2009-03-31": "-21.51100", "2008-12-31": -21.495, "2008-09-30": -21.017, "2008-06-30": -21.144, "2008-03-31": "-21.19900", "2007-12-31": -21.436, "2007-09-30": -20.178, "2007-06-30": -20.346, "2007-03-31": "-20.41100", "2006-12-31": -20.45, "2006-09-30": -18.585, "2006-06-30": -18.772, "2006-03-31": "-18.94000", "2005-12-31": -19.039, "2005-09-30": -17.147, "2005-06-30": -17.052, "2005-03-31": "-17.59500"}}, "financial ratios": {"Current Ratio": {"2019-12-31": "", "2018-12-31": "", "2017-12-31": "", "2016-12-31": "", "2015-12-31": "", "2014-12-31": "", "2013-12-31": "", "2012-12-31": "", "2011-12-31": "", "2010-12-31": "", "2009-12-31": "", "2008-12-31": "", "2007-12-31": "", "2006-12-31": "", "2005-12-31": ""}, "Long-term Debt / Capital": {"2019-12-31": "0.06230", "2018-12-31": "0.09660", "2017-12-31": "0.17470", "2016-12-31": "0.18740", "2015-12-31": "0.18050", "2014-12-31": "0.14150", "2013-12-31": "0.14720", "2012-12-31": "0.11140", "2011-12-31": "0.02970", "2010-12-31": "0.03130", "2009-12-31": "0.09160", "2008-12-31": "0.20450", "2007-12-31": "0.23880", "2006-12-31": "0.26570", "2005-12-31": "0.25930"}, "Debt/Equity Ratio": {"2019-12-31": "0.53610", "2018-12-31": "0.50480", "2017-12-31": "0.62180", "2016-12-31": "0.68950", "2015-12-31": "0.79010", "2014-12-31": "0.82550", "2013-12-31": "0.94340", "2012-12-31": "0.87920", "2011-12-31": "1.96270", "2010-12-31": "1.92840", "2009-12-31": "1.92660", "2008-12-31": "1.58600", "2007-12-31": "1.80160", "2006-12-31": "1.91900", "2005-12-31": "1.63080"}, "Gross Margin": {"2019-12-31": "", "2018-12-31": "", "2017-12-31": "", "2016-12-31": "", "2015-12-31": "", "2014-12-31": "", "2013-12-31": "", "2012-12-31": "", "2011-12-31": "", "2010-12-31": "", "2009-12-31": "", "2008-12-31": "", "2007-12-31": "", "2006-12-31": "", "2005-12-31": ""}, "Operating Margin": {"2019-12-31": "", "2018-12-31": "", "2017-12-31": "", "2016-12-31": "", "2015-12-31": "", "2014-12-31": "", "2013-12-31": "", "2012-12-31": "", "2011-12-31": "", "2010-12-31": "", "2009-12-31": "", "2008-12-31": "", "2007-12-31": "", "2006-12-31": "", "2005-12-31": ""}, "EBIT Margin": {"2019-12-31": "", "2018-12-31": "", "2017-12-31": "", "2016-12-31": "", "2015-12-31": "", "2014-12-31": "", "2013-12-31": "", "2012-12-31": "", "2011-12-31": "", "2010-12-31": "", "2009-12-31": "", "2008-12-31": "", "2007-12-31": "", "2006-12-31": "", "2005-12-31": ""}, "EBITDA Margin": {"2019-12-31": "", "2018-12-31": "", "2017-12-31": "", "2016-12-31": "", "2015-12-31": "", "2014-12-31": "", "2013-12-31": "", "2012-12-31": "", "2011-12-31": "", "2010-12-31": "", "2009-12-31": "", "2008-12-31": "", "2007-12-31": "", "2006-12-31": "", "2005-12-31": ""}, "Pre-Tax Profit Margin": {"2019-12-31": "42.97790", "2018-12-31": "42.10110", "2017-12-31": "42.83850", "2016-12-31": "42.54440", "2015-12-31": "39.91020", "2014-12-31": "42.09430", "2013-12-31": "39.28620", "2012-12-31": "42.02210", "2011-12-31": "39.46290", "2010-12-31": "42.90780", "2009-12-31": "38.83520", "2008-12-31": "43.73980", "2007-12-31": "45.90190", "2006-12-31": "47.21290", "2005-12-31": "46.44960"}, "Net Profit Margin": {"2019-12-31": "33.96920", "2018-12-31": "34.21390", "2017-12-31": "29.51190", "2016-12-31": "29.73930", "2015-12-31": "27.74080", "2014-12-31": "28.88070", "2013-12-31": "27.60850", "2012-12-31": "28.80370", "2011-12-31": "27.82520", "2010-12-31": "30.33090", "2009-12-31": "25.16900", "2008-12-31": "31.18440", "2007-12-31": "29.62960", "2006-12-31": "29.66280", "2005-12-31": "29.67460"}, "Asset Turnover": {"2019-12-31": "0.03680", "2018-12-31": "0.03740", "2017-12-31": "0.03660", "2016-12-31": "0.03700", "2015-12-31": "0.03750", "2014-12-31": "0.03820", "2013-12-31": "0.03870", "2012-12-31": "0.04200", "2011-12-31": "0.04150", "2010-12-31": "0.04620", "2009-12-31": "0.04610", "2008-12-31": "0.05730", "2007-12-31": "0.05920", "2006-12-31": "0.05750", "2005-12-31": "0.06010"}, "Inventory Turnover Ratio": {"2019-12-31": "", "2018-12-31": "", "2017-12-31": "", "2016-12-31": "", "2015-12-31": "", "2014-12-31": "", "2013-12-31": "", "2012-12-31": "", "2011-12-31": "", "2010-12-31": "", "2009-12-31": "", "2008-12-31": "", "2007-12-31": "", "2006-12-31": "", "2005-12-31": ""}, "Receiveable Turnover": {"2019-12-31": "", "2018-12-31": "", "2017-12-31": "", "2016-12-31": "", "2015-12-31": "", "2014-12-31": "", "2013-12-31": "", "2012-12-31": "", "2011-12-31": "", "2010-12-31": "", "2009-12-31": "", "2008-12-31": "", "2007-12-31": "", "2006-12-31": "", "2005-12-31": ""}, "Days Sales In Receivables": {"2019-12-31": "", "2018-12-31": "", "2017-12-31": "", "2016-12-31": "", "2015-12-31": "", "2014-12-31": "", "2013-12-31": "", "2012-12-31": "", "2011-12-31": "", "2010-12-31": "", "2009-12-31": "", "2008-12-31": "", "2007-12-31": "", "2006-12-31": "", "2005-12-31": ""}, "ROE - Return On Equity": {"2019-12-31": "17.55580", "2018-12-31": "17.31600", "2017-12-31": "14.99120", "2016-12-31": "15.62250", "2015-12-31": "14.39670", "2014-12-31": "15.45300", "2013-12-31": "14.87210", "2012-12-31": "16.25540", "2011-12-31": "15.96170", "2010-12-31": "18.19170", "2009-12-31": "16.07560", "2008-12-31": "24.30910", "2007-12-31": "24.48540", "2006-12-31": "25.07010", "2005-12-31": "26.18600"}, "Return On Tangible Equity": {"2019-12-31": "18.36250", "2018-12-31": "18.11340", "2017-12-31": "15.70700", "2016-12-31": "16.40170", "2015-12-31": "15.13590", "2014-12-31": "16.32260", "2013-12-31": "15.80350", "2012-12-31": "17.21160", "2011-12-31": "16.90230", "2010-12-31": "19.27640", "2009-12-31": "17.17770", "2008-12-31": "26.16260", "2007-12-31": "26.71230", "2006-12-31": "27.12060", "2005-12-31": "28.35190"}, "ROA - Return On Assets": {"2019-12-31": "1.24840", "2018-12-31": "1.28090", "2017-12-31": "1.08060", "2016-12-31": "1.10030", "2015-12-31": "1.03980", "2014-12-31": "1.10260", "2013-12-31": "1.06860", "2012-12-31": "1.20970", "2011-12-31": "1.15580", "2010-12-31": "1.40130", "2009-12-31": "1.16020", "2008-12-31": "1.78580", "2007-12-31": "1.75410", "2006-12-31": "1.70600", "2005-12-31": "1.78230"}, "ROI - Return On Investment": {"2019-12-31": "16.46120", "2018-12-31": "15.64290", "2017-12-31": "12.37260", "2016-12-31": "12.69420", "2015-12-31": "11.79870", "2014-12-31": "13.26630", "2013-12-31": "12.68260", "2012-12-31": "14.44490", "2011-12-31": "15.48760", "2010-12-31": "17.62260", "2009-12-31": "14.60350", "2008-12-31": "19.33750", "2007-12-31": "18.63820", "2006-12-31": "18.40950", "2005-12-31": "19.39640"}, "Book Value Per Share": {"2019-12-31": "32.13870", "2018-12-31": "30.55900", "2017-12-31": "29.05280", "2016-12-31": "27.24310", "2015-12-31": "25.79040", "2014-12-31": "24.13060", "2013-12-31": "22.74620", "2012-12-31": "22.82800", "2011-12-31": "21.82230", "2010-12-31": "21.02240", "2009-12-31": "18.65870", "2008-12-31": "16.55820", "2007-12-31": "15.44050", "2006-12-31": "14.45260", "2005-12-31": "13.52200"}, "Operating Cash Flow Per Share": {"2019-12-31": -1.8075, "2018-12-31": 3.4591, "2017-12-31": -1.1722, "2016-12-31": -0.1023, "2015-12-31": 0.6378, "2014-12-31": -0.6811, "2013-12-31": 0.5116, "2012-12-31": 0.0525, "2011-12-31": 0.6001, "2010-12-31": -1.7528, "2009-12-31": 2.4338, "2008-12-31": -1.11, "2007-12-31": 0.6126, "2006-12-31": -0.2402, "2005-12-31": 4.3209}, "Free Cash Flow Per Share": {"2019-12-31": -2.2772, "2018-12-31": 3.3337, "2017-12-31": -1.5333, "2016-12-31": -0.1311, "2015-12-31": 0.6222, "2014-12-31": -0.6371, "2013-12-31": 0.4957, "2012-12-31": -0.0734, "2011-12-31": 0.608, "2010-12-31": -1.7975, "2009-12-31": 2.5364, "2008-12-31": -1.271, "2007-12-31": 0.6543, "2006-12-31": -0.2831, "2005-12-31": 4.2055}}, "financial ratios, quarterly": {"Current Ratio": {"2020-09-30": "", "2020-06-30": "", "2020-03-31": "", "2019-12-31": "", "2019-09-30": "", "2019-06-30": "", "2019-03-31": "", "2018-12-31": "", "2018-09-30": "", "2018-06-30": "", "2018-03-31": "", "2017-12-31": "", "2017-09-30": "", "2017-06-30": "", "2017-03-31": "", "2016-12-31": "", "2016-09-30": "", "2016-06-30": "", "2016-03-31": "", "2015-12-31": "", "2015-09-30": "", "2015-06-30": "", "2015-03-31": "", "2014-12-31": "", "2014-09-30": "", "2014-06-30": "", "2014-03-31": "", "2013-12-31": "", "2013-09-30": "", "2013-06-30": "", "2013-03-31": "", "2012-12-31": "", "2012-09-30": "", "2012-06-30": "", "2012-03-31": "", "2011-12-31": "", "2011-09-30": "", "2011-06-30": "", "2011-03-31": "", "2010-12-31": "", "2010-09-30": "", "2010-06-30": "", "2010-03-31": "", "2009-12-31": "", "2009-09-30": "", "2009-06-30": "", "2009-03-31": "", "2008-12-31": "", "2008-09-30": "", "2008-06-30": "", "2008-03-31": "", "2007-12-31": "", "2007-09-30": "", "2007-06-30": "", "2007-03-31": "", "2006-12-31": "", "2006-09-30": "", "2006-06-30": "", "2006-03-31": "", "2005-12-31": "", "2005-09-30": "", "2005-06-30": "", "2005-03-31": ""}, "Long-term Debt / Capital": {"2020-09-30": "0.04250", "2020-06-30": "0.04280", "2020-03-31": "0.04360", "2019-12-31": "0.06230", "2019-09-30": "0.07890", "2019-06-30": "0.07920", "2019-03-31": "0.08010", "2018-12-31": "0.09660", "2018-09-30": "0.12900", "2018-06-30": "0.15890", "2018-03-31": "0.15960", "2017-12-31": "0.17470", "2017-09-30": "0.17910", "2017-06-30": "0.18080", "2017-03-31": "0.18340", "2016-12-31": "0.18740", "2016-09-30": "0.18710", "2016-06-30": "0.18800", "2016-03-31": "0.16240", "2015-12-31": "0.18050", "2015-09-30": "0.19780", "2015-06-30": "0.13620", "2015-03-31": "0.13920", "2014-12-31": "0.14150", "2014-09-30": "0.14120", "2014-06-30": "0.14180", "2014-03-31": "0.14510", "2013-12-31": "0.14720", "2013-09-30": "0.14970", "2013-06-30": "0.15050", "2013-03-31": "0.14740", "2012-12-31": "0.11140", "2012-09-30": "0.02670", "2012-06-30": "0.02720", "2012-03-31": "0.02990", "2011-12-31": "0.02970", "2011-09-30": "0.02930", "2011-06-30": "0.02970", "2011-03-31": "0.03170", "2010-12-31": "0.03130", "2010-09-30": "0.03730", "2010-06-30": "0.03830", "2010-03-31": "0.08770", "2009-12-31": "0.09160", "2009-09-30": "0.09200", "2009-06-30": "0.09750", "2009-03-31": "0.06610", "2008-12-31": "0.20450", "2008-09-30": "0.20780", "2008-06-30": "0.21110", "2008-03-31": "0.23790", "2007-12-31": "0.23880", "2007-09-30": "0.24340", "2007-06-30": "0.26860", "2007-03-31": "0.26800", "2006-12-31": "0.26570", "2006-09-30": "0.27960", "2006-06-30": "0.26690", "2006-03-31": "0.26270", "2005-12-31": "0.25930", "2005-09-30": "0.25850", "2005-06-30": "0.25420", "2005-03-31": "0.25290"}, "Debt/Equity Ratio": {"2020-09-30": "0.48660", "2020-06-30": "0.49090", "2020-03-31": "0.61280", "2019-12-31": "0.53610", "2019-09-30": "0.55350", "2019-06-30": "0.47820", "2019-03-31": "0.48430", "2018-12-31": "0.50480", "2018-09-30": "0.55100", "2018-06-30": "0.59320", "2018-03-31": "0.59700", "2017-12-31": "0.62180", "2017-09-30": "0.62970", "2017-06-30": "0.63700", "2017-03-31": "0.65190", "2016-12-31": "0.68950", "2016-09-30": "0.71250", "2016-06-30": "0.74500", "2016-03-31": "0.71600", "2015-12-31": "0.79010", "2015-09-30": "0.82980", "2015-06-30": "0.78640", "2015-03-31": "0.79490", "2014-12-31": "0.82550", "2014-09-30": "0.83470", "2014-06-30": "0.88290", "2014-03-31": "0.95470", "2013-12-31": "0.94340", "2013-09-30": "1.03950", "2013-06-30": "1.06560", "2013-03-31": "0.96730", "2012-12-31": "0.87920", "2012-09-30": "0.83680", "2012-06-30": "1.10340", "2012-03-31": "1.87520", "2011-12-31": "1.96270", "2011-09-30": "1.94250", "2011-06-30": "1.91500", "2011-03-31": "1.80170", "2010-12-31": "1.92840", "2010-09-30": "1.61080", "2010-06-30": "2.11150", "2010-03-31": "1.74180", "2009-12-31": "1.92660", "2009-09-30": "1.80880", "2009-06-30": "2.26030", "2009-03-31": "1.10770", "2008-12-31": "1.58600", "2008-09-30": "1.94310", "2008-06-30": "1.71360", "2008-03-31": "1.96400", "2007-12-31": "1.80160", "2007-09-30": "2.08760", "2007-06-30": "1.80470", "2007-03-31": "1.95130", "2006-12-31": "1.91900", "2006-09-30": "2.24890", "2006-06-30": "2.16690", "2006-03-31": "1.84790", "2005-12-31": "1.63080", "2005-09-30": "1.69620", "2005-06-30": "1.65550", "2005-03-31": "1.38480"}, "Gross Margin": {"2020-09-30": "", "2020-06-30": "", "2020-03-31": "", "2019-12-31": "", "2019-09-30": "", "2019-06-30": "", "2019-03-31": "", "2018-12-31": "", "2018-09-30": "", "2018-06-30": "", "2018-03-31": "", "2017-12-31": "", "2017-09-30": "", "2017-06-30": "", "2017-03-31": "", "2016-12-31": "", "2016-09-30": "", "2016-06-30": "", "2016-03-31": "", "2015-12-31": "", "2015-09-30": "", "2015-06-30": "", "2015-03-31": "", "2014-12-31": "", "2014-09-30": "", "2014-06-30": "", "2014-03-31": "", "2013-12-31": "", "2013-09-30": "", "2013-06-30": "", "2013-03-31": "", "2012-12-31": "", "2012-09-30": "", "2012-06-30": "", "2012-03-31": "", "2011-12-31": "", "2011-09-30": "", "2011-06-30": "", "2011-03-31": "", "2010-12-31": "", "2010-09-30": "", "2010-06-30": "", "2010-03-31": "", "2009-12-31": "", "2009-09-30": "", "2009-06-30": "", "2009-03-31": "", "2008-12-31": "", "2008-09-30": "", "2008-06-30": "", "2008-03-31": "", "2007-12-31": "", "2007-09-30": "", "2007-06-30": "", "2007-03-31": "", "2006-12-31": "", "2006-09-30": "", "2006-06-30": "", "2006-03-31": "", "2005-12-31": "", "2005-09-30": "", "2005-06-30": "", "2005-03-31": ""}, "Operating Margin": {"2020-09-30": "", "2020-06-30": "", "2020-03-31": "", "2019-12-31": "", "2019-09-30": "", "2019-06-30": "", "2019-03-31": "", "2018-12-31": "", "2018-09-30": "", "2018-06-30": "", "2018-03-31": "", "2017-12-31": "", "2017-09-30": "", "2017-06-30": "", "2017-03-31": "", "2016-12-31": "", "2016-09-30": "", "2016-06-30": "", "2016-03-31": "", "2015-12-31": "", "2015-09-30": "", "2015-06-30": "", "2015-03-31": "", "2014-12-31": "", "2014-09-30": "", "2014-06-30": "", "2014-03-31": "", "2013-12-31": "", "2013-09-30": "", "2013-06-30": "", "2013-03-31": "", "2012-12-31": "", "2012-09-30": "", "2012-06-30": "", "2012-03-31": "", "2011-12-31": "", "2011-09-30": "", "2011-06-30": "", "2011-03-31": "", "2010-12-31": "", "2010-09-30": "", "2010-06-30": "", "2010-03-31": "", "2009-12-31": "", "2009-09-30": "", "2009-06-30": "", "2009-03-31": "", "2008-12-31": "", "2008-09-30": "", "2008-06-30": "", "2008-03-31": "", "2007-12-31": "", "2007-09-30": "", "2007-06-30": "", "2007-03-31": "", "2006-12-31": "", "2006-09-30": "", "2006-06-30": "", "2006-03-31": "", "2005-12-31": "", "2005-09-30": "", "2005-06-30": "", "2005-03-31": ""}, "EBIT Margin": {"2020-09-30": "", "2020-06-30": "", "2020-03-31": "", "2019-12-31": "", "2019-09-30": "", "2019-06-30": "", "2019-03-31": "", "2018-12-31": "", "2018-09-30": "", "2018-06-30": "", "2018-03-31": "", "2017-12-31": "", "2017-09-30": "", "2017-06-30": "", "2017-03-31": "", "2016-12-31": "", "2016-09-30": "", "2016-06-30": "", "2016-03-31": "", "2015-12-31": "", "2015-09-30": "", "2015-06-30": "", "2015-03-31": "", "2014-12-31": "", "2014-09-30": "", "2014-06-30": "", "2014-03-31": "", "2013-12-31": "", "2013-09-30": "", "2013-06-30": "", "2013-03-31": "", "2012-12-31": "", "2012-09-30": "", "2012-06-30": "", "2012-03-31": "", "2011-12-31": "", "2011-09-30": "", "2011-06-30": "", "2011-03-31": "", "2010-12-31": "", "2010-09-30": "", "2010-06-30": "", "2010-03-31": "", "2009-12-31": "", "2009-09-30": "", "2009-06-30": "", "2009-03-31": "", "2008-12-31": "", "2008-09-30": "", "2008-06-30": "", "2008-03-31": "", "2007-12-31": "", "2007-09-30": "", "2007-06-30": "", "2007-03-31": "", "2006-12-31": "", "2006-09-30": "", "2006-06-30": "", "2006-03-31": "", "2005-12-31": "", "2005-09-30": "", "2005-06-30": "", "2005-03-31": ""}, "EBITDA Margin": {"2020-09-30": "", "2020-06-30": "", "2020-03-31": "", "2019-12-31": "", "2019-09-30": "", "2019-06-30": "", "2019-03-31": "", "2018-12-31": "", "2018-09-30": "", "2018-06-30": "", "2018-03-31": "", "2017-12-31": "", "2017-09-30": "", "2017-06-30": "", "2017-03-31": "", "2016-12-31": "", "2016-09-30": "", "2016-06-30": "", "2016-03-31": "", "2015-12-31": "", "2015-09-30": "", "2015-06-30": "", "2015-03-31": "", "2014-12-31": "", "2014-09-30": "", "2014-06-30": "", "2014-03-31": "", "2013-12-31": "", "2013-09-30": "", "2013-06-30": "", "2013-03-31": "", "2012-12-31": "", "2012-09-30": "", "2012-06-30": "", "2012-03-31": "", "2011-12-31": "", "2011-09-30": "", "2011-06-30": "", "2011-03-31": "", "2010-12-31": "", "2010-09-30": "", "2010-06-30": "", "2010-03-31": "", "2009-12-31": "", "2009-09-30": "", "2009-06-30": "", "2009-03-31": "", "2008-12-31": "", "2008-09-30": "", "2008-06-30": "", "2008-03-31": "", "2007-12-31": "", "2007-09-30": "", "2007-06-30": "", "2007-03-31": "", "2006-12-31": "", "2006-09-30": "", "2006-06-30": "", "2006-03-31": "", "2005-12-31": "", "2005-09-30": "", "2005-06-30": "", "2005-03-31": ""}, "Pre-Tax Profit Margin": {"2020-09-30": "34.48730", "2020-06-30": "35.37900", "2020-03-31": "30.46820", "2019-12-31": "44.19940", "2019-09-30": "39.96580", "2019-06-30": "43.98870", "2019-03-31": "43.77760", "2018-12-31": "41.54660", "2018-09-30": "43.62830", "2018-06-30": "42.64410", "2018-03-31": "40.58890", "2017-12-31": "40.95220", "2017-09-30": "42.73910", "2017-06-30": "42.45980", "2017-03-31": "45.12110", "2016-12-31": "40.41150", "2016-09-30": "41.46040", "2016-06-30": "42.26100", "2016-03-31": "45.80080", "2015-12-31": "41.04460", "2015-09-30": "34.88290", "2015-06-30": "41.84420", "2015-03-31": "41.69790", "2014-12-31": "42.96950", "2014-09-30": "43.33330", "2014-06-30": "42.53250", "2014-03-31": "39.45910", "2013-12-31": "40.01080", "2013-09-30": "38.99330", "2013-06-30": "40.03520", "2013-03-31": "38.10460", "2012-12-31": "41.75810", "2012-09-30": "41.86680", "2012-06-30": "42.97570", "2012-03-31": "41.51040", "2011-12-31": "38.60180", "2011-09-30": "42.27870", "2011-06-30": "34.58940", "2011-03-31": "42.19890", "2010-12-31": "37.72670", "2010-09-30": "39.42400", "2010-06-30": "45.22740", "2010-03-31": "48.52320", "2009-12-31": "43.81250", "2009-09-30": "39.22220", "2009-06-30": "33.14280", "2009-03-31": "38.30990", "2008-12-31": "41.66860", "2008-09-30": "38.09690", "2008-06-30": "47.76090", "2008-03-31": "46.26580", "2007-12-31": "40.35950", "2007-09-30": "47.69730", "2007-06-30": "48.00670", "2007-03-31": "47.51380", "2006-12-31": "45.81080", "2006-09-30": "48.33020", "2006-06-30": "47.84880", "2006-03-31": "46.83480", "2005-12-31": "45.51960", "2005-09-30": "45.23680", "2005-06-30": "47.92540", "2005-03-31": "47.13900"}, "Net Profit Margin": {"2020-09-30": "27.56010", "2020-06-30": "28.28460", "2020-03-31": "25.08180", "2019-12-31": "34.85020", "2019-09-30": "31.14030", "2019-06-30": "34.38240", "2019-03-31": "35.52470", "2018-12-31": "32.85630", "2018-09-30": "35.44820", "2018-06-30": "34.56730", "2018-03-31": "34.01610", "2017-12-31": "27.46800", "2017-09-30": "29.65290", "2017-06-30": "29.14040", "2017-03-31": "31.70990", "2016-12-31": "28.94190", "2016-09-30": "29.08730", "2016-06-30": "29.68090", "2016-03-31": "31.14170", "2015-12-31": "29.45600", "2015-09-30": "24.28990", "2015-06-30": "28.63740", "2015-03-31": "28.46990", "2014-12-31": "28.91610", "2014-09-30": "29.21030", "2014-06-30": "29.40640", "2014-03-31": "27.96500", "2013-12-31": "28.42470", "2013-09-30": "27.72090", "2013-06-30": "27.89390", "2013-03-31": "26.39030", "2012-12-31": "28.11530", "2012-09-30": "28.23990", "2012-06-30": "28.77590", "2012-03-31": "30.07300", "2011-12-31": "28.54390", "2011-09-30": "29.77400", "2011-06-30": "24.51700", "2011-03-31": "28.44330", "2010-12-31": "28.48140", "2010-09-30": "29.69430", "2010-06-30": "29.68450", "2010-03-31": "33.22500", "2009-12-31": "25.71730", "2009-09-30": "26.39250", "2009-06-30": "23.14000", "2009-03-31": "25.28410", "2008-12-31": "27.72810", "2008-09-30": "33.81450", "2008-06-30": "30.07570", "2008-03-31": "32.90530", "2007-12-31": "26.48760", "2007-09-30": "30.68110", "2007-06-30": "31.08510", "2007-03-31": "30.25260", "2006-12-31": "33.81170", "2006-09-30": "30.37840", "2006-06-30": "24.62180", "2006-03-31": "29.83300", "2005-12-31": "29.33060", "2005-09-30": "29.02000", "2005-06-30": "30.60320", "2005-03-31": "29.75820"}, "Asset Turnover": {"2020-09-30": "0.00680", "2020-06-30": "0.00700", "2020-03-31": "0.00750", "2019-12-31": "0.00920", "2019-09-30": "0.00950", "2019-06-30": "0.00940", "2019-03-31": "0.00950", "2018-12-31": "0.00960", "2018-09-30": "0.00950", "2018-06-30": "0.00920", "2018-03-31": "0.00930", "2017-12-31": "0.00920", "2017-09-30": "0.00900", "2017-06-30": "0.00900", "2017-03-31": "0.00970", "2016-12-31": "0.00910", "2016-09-30": "0.00930", "2016-06-30": "0.00940", "2016-03-31": "0.01030", "2015-12-31": "0.00940", "2015-09-30": "0.00930", "2015-06-30": "0.00940", "2015-03-31": "0.00980", "2014-12-31": "0.00960", "2014-09-30": "0.00990", "2014-06-30": "0.00950", "2014-03-31": "0.00970", "2013-12-31": "0.00980", "2013-09-30": "0.00980", "2013-06-30": "0.00990", "2013-03-31": "0.01010", "2012-12-31": "0.01040", "2012-09-30": "0.01090", "2012-06-30": "0.01020", "2012-03-31": "0.01060", "2011-12-31": "0.00990", "2011-09-30": "0.01090", "2011-06-30": "0.01090", "2011-03-31": "0.01150", "2010-12-31": "0.01090", "2010-09-30": "0.01170", "2010-06-30": "0.01220", "2010-03-31": "0.01280", "2009-12-31": "0.01270", "2009-09-30": "0.01130", "2009-06-30": "0.01100", "2009-03-31": "0.01250", "2008-12-31": "0.01320", "2008-09-30": "0.01360", "2008-06-30": "0.01550", "2008-03-31": "0.01610", "2007-12-31": "0.01470", "2007-09-30": "0.01480", "2007-06-30": "0.01430", "2007-03-31": "0.01490", "2006-12-31": "0.01420", "2006-09-30": "0.01490", "2006-06-30": "0.01460", "2006-03-31": "0.01440", "2005-12-31": "0.01500", "2005-09-30": "0.01530", "2005-06-30": "0.01510", "2005-03-31": "0.01540"}, "Inventory Turnover Ratio": {"2020-09-30": "", "2020-06-30": "", "2020-03-31": "", "2019-12-31": "", "2019-09-30": "", "2019-06-30": "", "2019-03-31": "", "2018-12-31": "", "2018-09-30": "", "2018-06-30": "", "2018-03-31": "", "2017-12-31": "", "2017-09-30": "", "2017-06-30": "", "2017-03-31": "", "2016-12-31": "", "2016-09-30": "", "2016-06-30": "", "2016-03-31": "", "2015-12-31": "", "2015-09-30": "", "2015-06-30": "", "2015-03-31": "", "2014-12-31": "", "2014-09-30": "", "2014-06-30": "", "2014-03-31": "", "2013-12-31": "", "2013-09-30": "", "2013-06-30": "", "2013-03-31": "", "2012-12-31": "", "2012-09-30": "", "2012-06-30": "", "2012-03-31": "", "2011-12-31": "", "2011-09-30": "", "2011-06-30": "", "2011-03-31": "", "2010-12-31": "", "2010-09-30": "", "2010-06-30": "", "2010-03-31": "", "2009-12-31": "", "2009-09-30": "", "2009-06-30": "", "2009-03-31": "", "2008-12-31": "", "2008-09-30": "", "2008-06-30": "", "2008-03-31": "", "2007-12-31": "", "2007-09-30": "", "2007-06-30": "", "2007-03-31": "", "2006-12-31": "", "2006-09-30": "", "2006-06-30": "", "2006-03-31": "", "2005-12-31": "", "2005-09-30": "", "2005-06-30": "", "2005-03-31": ""}, "Receiveable Turnover": {"2020-09-30": "", "2020-06-30": "", "2020-03-31": "", "2019-12-31": "", "2019-09-30": "", "2019-06-30": "", "2019-03-31": "", "2018-12-31": "", "2018-09-30": "", "2018-06-30": "", "2018-03-31": "", "2017-12-31": "", "2017-09-30": "", "2017-06-30": "", "2017-03-31": "", "2016-12-31": "", "2016-09-30": "", "2016-06-30": "", "2016-03-31": "", "2015-12-31": "", "2015-09-30": "", "2015-06-30": "", "2015-03-31": "", "2014-12-31": "", "2014-09-30": "", "2014-06-30": "", "2014-03-31": "", "2013-12-31": "", "2013-09-30": "", "2013-06-30": "", "2013-03-31": "", "2012-12-31": "", "2012-09-30": "", "2012-06-30": "", "2012-03-31": "", "2011-12-31": "", "2011-09-30": "", "2011-06-30": "", "2011-03-31": "", "2010-12-31": "", "2010-09-30": "", "2010-06-30": "", "2010-03-31": "", "2009-12-31": "", "2009-09-30": "", "2009-06-30": "", "2009-03-31": "", "2008-12-31": "", "2008-09-30": "", "2008-06-30": "", "2008-03-31": "", "2007-12-31": "", "2007-09-30": "", "2007-06-30": "", "2007-03-31": "", "2006-12-31": "", "2006-09-30": "", "2006-06-30": "", "2006-03-31": "", "2005-12-31": "", "2005-09-30": "", "2005-06-30": "", "2005-03-31": ""}, "Days Sales In Receivables": {"2020-09-30": "", "2020-06-30": "", "2020-03-31": "", "2019-12-31": "", "2019-09-30": "", "2019-06-30": "", "2019-03-31": "", "2018-12-31": "", "2018-09-30": "", "2018-06-30": "", "2018-03-31": "", "2017-12-31": "", "2017-09-30": "", "2017-06-30": "", "2017-03-31": "", "2016-12-31": "", "2016-09-30": "", "2016-06-30": "", "2016-03-31": "", "2015-12-31": "", "2015-09-30": "", "2015-06-30": "", "2015-03-31": "", "2014-12-31": "", "2014-09-30": "", "2014-06-30": "", "2014-03-31": "", "2013-12-31": "", "2013-09-30": "", "2013-06-30": "", "2013-03-31": "", "2012-12-31": "", "2012-09-30": "", "2012-06-30": "", "2012-03-31": "", "2011-12-31": "", "2011-09-30": "", "2011-06-30": "", "2011-03-31": "", "2010-12-31": "", "2010-09-30": "", "2010-06-30": "", "2010-03-31": "", "2009-12-31": "", "2009-09-30": "", "2009-06-30": "", "2009-03-31": "", "2008-12-31": "", "2008-09-30": "", "2008-06-30": "", "2008-03-31": "", "2007-12-31": "", "2007-09-30": "", "2007-06-30": "", "2007-03-31": "", "2006-12-31": "", "2006-09-30": "", "2006-06-30": "", "2006-03-31": "", "2005-12-31": "", "2005-09-30": "", "2005-06-30": "", "2005-03-31": ""}, "ROE - Return On Equity": {"2020-09-30": "2.77880", "2020-06-30": "2.87760", "2020-03-31": "2.61630", "2019-12-31": "4.51830", "2019-09-30": "4.03040", "2019-06-30": "4.42620", "2019-03-31": "4.63100", "2018-12-31": "4.25100", "2018-09-30": "4.54250", "2018-06-30": "4.38550", "2018-03-31": "4.35390", "2017-12-31": "3.48680", "2017-09-30": "3.73660", "2017-06-30": "3.67960", "2017-03-31": "4.28920", "2016-12-31": "3.74620", "2016-09-30": "3.73700", "2016-06-30": "3.82340", "2016-03-31": "4.40920", "2015-12-31": "3.83710", "2015-09-30": "3.12070", "2015-06-30": "3.80020", "2015-03-31": "3.94720", "2014-12-31": "3.90400", "2014-09-30": "3.95010", "2014-06-30": "3.94840", "2014-03-31": "3.75080", "2013-12-31": "3.85930", "2013-09-30": "3.79820", "2013-06-30": "3.82850", "2013-03-31": "3.50650", "2012-12-31": "3.94330", "2012-09-30": "4.02440", "2012-06-30": "4.05920", "2012-03-31": "4.39900", "2011-12-31": "3.91250", "2011-09-30": "4.25500", "2011-06-30": "3.50270", "2011-03-31": "4.25210", "2010-12-31": "4.01310", "2010-09-30": "4.23870", "2010-06-30": "4.59660", "2010-03-31": "5.61400", "2009-12-31": "4.52200", "2009-09-30": "4.03980", "2009-06-30": "3.66550", "2009-03-31": "4.32170", "2008-12-31": "4.97110", "2008-09-30": "6.07790", "2008-06-30": "6.29030", "2008-03-31": "7.46200", "2007-12-31": "5.44620", "2007-09-30": "6.52990", "2007-06-30": "6.73370", "2007-03-31": "6.65720", "2006-12-31": "7.07700", "2006-09-30": "6.86500", "2006-06-30": "5.57590", "2006-03-31": "6.65860", "2005-12-31": "6.45860", "2005-09-30": "6.43810", "2005-06-30": "6.51940", "2005-03-31": "6.35200"}, "Return On Tangible Equity": {"2020-09-30": "2.89220", "2020-06-30": "2.99830", "2020-03-31": "2.72730", "2019-12-31": "4.72590", "2019-09-30": "4.21280", "2019-06-30": "4.62680", "2019-03-31": "4.84330", "2018-12-31": "4.44670", "2018-09-30": "4.75490", "2018-06-30": "4.59190", "2018-03-31": "4.55960", "2017-12-31": "3.65330", "2017-09-30": "3.91500", "2017-06-30": "3.85760", "2017-03-31": "4.49970", "2016-12-31": "3.93300", "2016-09-30": "3.91350", "2016-06-30": "4.00020", "2016-03-31": "4.62950", "2015-12-31": "4.03410", "2015-09-30": "3.28460", "2015-06-30": "4.00330", "2015-03-31": "4.16060", "2014-12-31": "4.12370", "2014-09-30": "4.17550", "2014-06-30": "4.17870", "2014-03-31": "3.97850", "2013-12-31": "4.10100", "2013-09-30": "4.04050", "2013-06-30": "4.07270", "2013-03-31": "3.71680", "2012-12-31": "4.17520", "2012-09-30": "4.25480", "2012-06-30": "4.29340", "2012-03-31": "4.65830", "2011-12-31": "4.14300", "2011-09-30": "4.50040", "2011-06-30": "3.71210", "2011-03-31": "4.51220", "2010-12-31": "4.25240", "2010-09-30": "4.47930", "2010-06-30": "4.87150", "2010-03-31": "5.98070", "2009-12-31": "4.83200", "2009-09-30": "4.32940", "2009-06-30": "3.94380", "2009-03-31": "4.64760", "2008-12-31": "5.35020", "2008-09-30": "6.60890", "2008-06-30": "6.87460", "2008-03-31": "8.11980", "2007-12-31": "5.94150", "2007-09-30": "7.14900", "2007-06-30": "7.40290", "2007-03-31": "7.29280", "2006-12-31": "7.65580", "2006-09-30": "7.45330", "2006-06-30": "6.06440", "2006-03-31": "7.22540", "2005-12-31": "6.99280", "2005-09-30": "6.96860", "2005-06-30": "7.04570", "2005-03-31": "6.86410"}, "ROA - Return On Assets": {"2020-09-30": "0.18820", "2020-06-30": "0.19680", "2020-03-31": "0.18740", "2019-12-31": "0.32130", "2019-09-30": "0.29450", "2019-06-30": "0.32180", "2019-03-31": "0.33700", "2018-12-31": "0.31450", "2018-09-30": "0.33510", "2018-06-30": "0.31950", "2018-03-31": "0.31540", "2017-12-31": "0.25130", "2017-09-30": "0.26570", "2017-06-30": "0.26300", "2017-03-31": "0.30710", "2016-12-31": "0.26380", "2016-09-30": "0.27160", "2016-06-30": "0.27900", "2016-03-31": "0.32070", "2015-12-31": "0.27710", "2015-09-30": "0.22600", "2015-06-30": "0.26990", "2015-03-31": "0.28030", "2014-12-31": "0.27860", "2014-09-30": "0.28790", "2014-06-30": "0.27950", "2014-03-31": "0.27060", "2013-12-31": "0.27730", "2013-09-30": "0.27230", "2013-06-30": "0.27500", "2013-03-31": "0.26600", "2012-12-31": "0.29350", "2012-09-30": "0.30810", "2012-06-30": "0.29280", "2012-03-31": "0.31840", "2011-12-31": "0.28330", "2011-09-30": "0.32550", "2011-06-30": "0.26710", "2011-03-31": "0.32680", "2010-12-31": "0.30910", "2010-09-30": "0.34650", "2010-06-30": "0.36220", "2010-03-31": "0.42410", "2009-12-31": "0.32640", "2009-09-30": "0.29870", "2009-06-30": "0.25430", "2009-03-31": "0.31480", "2008-12-31": "0.36520", "2008-09-30": "0.45870", "2008-06-30": "0.46550", "2008-03-31": "0.52870", "2007-12-31": "0.39010", "2007-09-30": "0.45290", "2007-06-30": "0.44510", "2007-03-31": "0.45120", "2006-12-31": "0.48160", "2006-09-30": "0.45240", "2006-06-30": "0.36010", "2006-03-31": "0.43080", "2005-12-31": "0.43960", "2005-09-30": "0.44450", "2005-06-30": "0.46150", "2005-03-31": "0.45940"}, "ROI - Return On Investment": {"2020-09-30": "2.66060", "2020-06-30": "2.75430", "2020-03-31": "2.50220", "2019-12-31": "4.23660", "2019-09-30": "3.71250", "2019-06-30": "4.07570", "2019-03-31": "4.25980", "2018-12-31": "3.84020", "2018-09-30": "3.95650", "2018-06-30": "3.68870", "2018-03-31": "3.65900", "2017-12-31": "2.87780", "2017-09-30": "3.06740", "2017-06-30": "3.01430", "2017-03-31": "3.50270", "2016-12-31": "3.04400", "2016-09-30": "3.03760", "2016-06-30": "3.10450", "2016-03-31": "3.69320", "2015-12-31": "3.14470", "2015-09-30": "2.50340", "2015-06-30": "3.28250", "2015-03-31": "3.39770", "2014-12-31": "3.35160", "2014-09-30": "3.39220", "2014-06-30": "3.38840", "2014-03-31": "3.20640", "2013-12-31": "3.29110", "2013-09-30": "3.22970", "2013-06-30": "3.25240", "2013-03-31": "2.98950", "2012-12-31": "3.50410", "2012-09-30": "3.91710", "2012-06-30": "3.94870", "2012-03-31": "4.26760", "2011-12-31": "3.79620", "2011-09-30": "4.13040", "2011-06-30": "3.39870", "2011-03-31": "4.11710", "2010-12-31": "3.88760", "2010-09-30": "4.08060", "2010-06-30": "4.42070", "2010-03-31": "5.12160", "2009-12-31": "4.10790", "2009-09-30": "3.66830", "2009-06-30": "3.30800", "2009-03-31": "4.03610", "2008-12-31": "3.95450", "2008-09-30": "4.81490", "2008-06-30": "4.96260", "2008-03-31": "5.68660", "2007-12-31": "4.14560", "2007-09-30": "4.94070", "2007-06-30": "4.92490", "2007-03-31": "4.87320", "2006-12-31": "5.19680", "2006-09-30": "4.94550", "2006-06-30": "4.08760", "2006-03-31": "4.90900", "2005-12-31": "4.78400", "2005-09-30": "4.77410", "2005-06-30": "4.86250", "2005-03-31": "4.74530"}, "Book Value Per Share": {"2020-09-30": "33.99160", "2020-06-30": "33.76150", "2020-03-31": "33.20070", "2019-12-31": "32.13870", "2019-09-30": "32.00010", "2019-06-30": "31.60510", "2019-03-31": "30.90850", "2018-12-31": "30.55900", "2018-09-30": "29.97670", "2018-06-30": "29.64830", "2018-03-31": "29.33290", "2017-12-31": "29.05280", "2017-09-30": "28.88280", "2017-06-30": "28.45450", "2017-03-31": "27.91880", "2016-12-31": "27.24310", "2016-09-30": "27.23500", "2016-06-30": "26.96470", "2016-03-31": "26.43280", "2015-12-31": "25.79040", "2015-09-30": "25.34100", "2015-06-30": "24.87510", "2015-03-31": "24.63180", "2014-12-31": "24.13060", "2014-09-30": "24.03540", "2014-06-30": "23.72170", "2014-03-31": "23.13810", "2013-12-31": "22.74620", "2013-09-30": "22.28800", "2013-06-30": "22.09360", "2013-03-31": "22.87300", "2012-12-31": "22.82800", "2012-09-30": "22.76550", "2012-06-30": "22.18500", "2012-03-31": "21.83700", "2011-12-31": "21.82230", "2011-09-30": "21.85470", "2011-06-30": "21.24830", "2011-03-31": "20.85860", "2010-12-31": "21.02240", "2010-09-30": "21.53860", "2010-06-30": "20.98900", "2010-03-31": "19.55360", "2009-12-31": "18.65870", "2009-09-30": "18.83340", "2009-06-30": "17.66640", "2009-03-31": "17.44490", "2008-12-31": "16.55820", "2008-09-30": "16.34990", "2008-06-30": "16.01050", "2008-03-31": "15.97720", "2007-12-31": "15.44050", "2007-09-30": "14.91190", "2007-06-30": "14.33670", "2007-03-31": "14.32400", "2006-12-31": "14.45260", "2006-09-30": "13.72160", "2006-06-30": "13.18400", "2006-03-31": "13.36210", "2005-12-31": "13.52200", "2005-09-30": "13.57780", "2005-06-30": "13.73410", "2005-03-31": "13.56610"}, "Operating Cash Flow Per Share": {"2020-09-30": 1.3016, "2020-06-30": 1.0195, "2020-03-31": "-0.12160", "2019-12-31": 1.9863, "2019-09-30": 1.3242, "2019-06-30": 2.0364, "2019-03-31": "0.41540", "2018-12-31": 2.5728, "2018-09-30": 1.949, "2018-06-30": 1.2803, "2018-03-31": "1.76770", "2017-12-31": 0.672, "2017-09-30": 1.1433, "2017-06-30": 1.3205, "2017-03-31": "0.97490", "2016-12-31": 2.4044, "2016-09-30": 1.1464, "2016-06-30": 0.7671, "2016-03-31": "0.96500", "2015-12-31": 1.4806, "2015-09-30": 1.2379, "2015-06-30": 1.7702, "2015-03-31": "0.89650", "2014-12-31": 1.7156, "2014-09-30": 1.3628, "2014-06-30": 0.5605, "2014-03-31": "1.10850", "2013-12-31": 1.6274, "2013-09-30": 1.0688, "2013-06-30": 2.1084, "2013-03-31": "0.62390", "2012-12-31": 2.1335, "2012-09-30": 0.6747, "2012-06-30": 1.0259, "2012-03-31": "1.08280", "2011-12-31": 0.9762, "2011-09-30": 1.8753, "2011-06-30": 0.6316, "2011-03-31": "1.38130", "2010-12-31": 1.067, "2010-09-30": 1.2079, "2010-06-30": 1.0827, "2010-03-31": "0.90670", "2009-12-31": 0.2721, "2009-09-30": 1.9895, "2009-06-30": -0.2378, "2009-03-31": "3.99330", "2008-12-31": 1.1208, "2008-09-30": 0.8865, "2008-06-30": 0.6306, "2008-03-31": "0.94540", "2007-12-31": 1.6145, "2007-09-30": 1.3598, "2007-06-30": 1.5558, "2007-03-31": "0.16320", "2006-12-31": 1.3077, "2006-09-30": 1.0752, "2006-06-30": 0.889, "2006-03-31": "0.80880", "2005-12-31": 1.1532, "2005-09-30": 1.5298, "2005-06-30": -0.1761, "2005-03-31": "1.81400"}, "Free Cash Flow Per Share": {"2020-09-30": 1.2071, "2020-06-30": 0.8352, "2020-03-31": "-0.43750", "2019-12-31": 1.6586, "2019-09-30": 0.9673, "2019-06-30": 1.6764, "2019-03-31": "0.14980", "2018-12-31": 2.2696, "2018-09-30": 1.8542, "2018-06-30": 1.0647, "2018-03-31": "1.54080", "2017-12-31": 0.4618, "2017-09-30": 0.9345, "2017-06-30": 1.1329, "2017-03-31": "0.86640", "2016-12-31": 2.2566, "2016-09-30": 1.062, "2016-06-30": 0.7193, "2016-03-31": "0.89100", "2015-12-31": 1.3551, "2015-09-30": 1.1524, "2015-06-30": 1.7147, "2015-03-31": "0.83780", "2014-12-31": 1.5921, "2014-09-30": 1.3044, "2014-06-30": 0.4727, "2014-03-31": "1.06860", "2013-12-31": 1.4817, "2013-09-30": 1.0145, "2013-06-30": 2.0207, "2013-03-31": "0.55800", "2012-12-31": 2.1051, "2012-09-30": 0.6025, "2012-06-30": 0.9304, "2012-03-31": "0.94120", "2011-12-31": 0.919, "2011-09-30": 1.8193, "2011-06-30": 0.5746, "2011-03-31": "1.33970", "2010-12-31": 1.01, "2010-09-30": 1.1303, "2010-06-30": 1.0528, "2010-03-31": "0.85150", "2009-12-31": 0.1841, "2009-09-30": 1.9725, "2009-06-30": -0.2699, "2009-03-31": "3.95540", "2008-12-31": 1.0936, "2008-09-30": 0.785, "2008-06-30": 0.5436, "2008-03-31": "0.88350", "2007-12-31": 1.6066, "2007-09-30": 1.3386, "2007-06-30": 1.4898, "2007-03-31": "0.14170", "2006-12-31": 1.2654, "2006-09-30": 1.0537, "2006-06-30": 1.0592, "2006-03-31": "0.54410", "2005-12-31": 1.1118, "2005-09-30": 1.4836, "2005-06-30": -0.1917, "2005-03-31": "1.80180"}}, "revenue": {"Bank Of Hawaii Annual Revenue (Millions of US $)": {"2020": "$731", "2019": "$771", "2018": "$719", "2017": "$689", "2016": "$655", "2015": "$618", "2014": "$598", "2013": "$585", "2012": "$621", "2011": "$637", "2010": "$721", "2009": "$766", "2008": "$808", "2007": "$842", "2006": "$789", "2005": "$716"}, "Bank Of Hawaii Quarterly Revenue (Millions of US $)": {"2020-12-31": "$174", "2020-09-30": "$176", "2020-06-30": "$190", "2020-03-31": "$191", "2019-12-31": "$193", "2019-09-30": "$195", "2019-06-30": "$194", "2019-03-31": "$189", "2018-12-31": "$185", "2018-09-30": "$181", "2018-06-30": "$177", "2018-03-31": "$176", "2017-12-31": "$173", "2017-09-30": "$171", "2017-06-30": "$169", "2017-03-31": "$176", "2016-12-31": "$164", "2016-09-30": "$162", "2016-06-30": "$160", "2016-03-31": "$169", "2015-12-31": "$156", "2015-09-30": "$151", "2015-06-30": "$153", "2015-03-31": "$158", "2014-12-31": "$152", "2014-09-30": "$150", "2014-06-30": "$148", "2014-03-31": "$147", "2013-12-31": "$147", "2013-09-30": "$146", "2013-06-30": "$145", "2013-03-31": "$147", "2012-12-31": "$154", "2012-09-30": "$157", "2012-06-30": "$153", "2012-03-31": "$157", "2011-12-31": "$151", "2011-09-30": "$160", "2011-06-30": "$160", "2011-03-31": "$166", "2010-12-31": "$161", "2010-09-30": "$176", "2010-06-30": "$188", "2010-03-31": "$195", "2009-12-31": "$202", "2009-09-30": "$186", "2009-06-30": "$185", "2009-03-31": "$193", "2008-12-31": "$189", "2008-09-30": "$190", "2008-06-30": "$199", "2008-03-31": "$231", "2007-12-31": "$210", "2007-09-30": "$215", "2007-06-30": "$208", "2007-03-31": "$209", "2006-12-31": "$203", "2006-09-30": "$204", "2006-06-30": "$194", "2006-03-31": "$188", "2005-12-31": "$184", "2005-09-30": "$185", "2005-06-30": "$175", "2005-03-31": "$172"}}, "gross-profit": {"Bank Of Hawaii Annual Gross Profit (Millions of US $)": {"2020": "$681", "2019": "$681", "2018": "$655", "2017": "$643", "2016": "$615", "2015": "$580", "2014": "$560", "2013": "$545", "2012": "$578", "2011": "$588", "2010": "$662", "2009": "$680", "2008": "$677", "2007": "$636", "2006": "$619", "2005": "$616"}, "Bank Of Hawaii Quarterly Gross Profit (Millions of US $)": {"2020-12-31": "$165", "2020-09-30": "$166", "2020-06-30": "$178", "2020-03-31": "$172", "2019-12-31": "$172", "2019-09-30": "$171", "2019-06-30": "$170", "2019-03-31": "$169", "2018-12-31": "$166", "2018-09-30": "$164", "2018-06-30": "$162", "2018-03-31": "$163", "2017-12-31": "$161", "2017-09-30": "$159", "2017-06-30": "$158", "2017-03-31": "$166", "2016-12-31": "$154", "2016-09-30": "$152", "2016-06-30": "$150", "2016-03-31": "$159", "2015-12-31": "$146", "2015-09-30": "$141", "2015-06-30": "$144", "2015-03-31": "$149", "2014-12-31": "$142", "2014-09-30": "$140", "2014-06-30": "$139", "2014-03-31": "$138", "2013-12-31": "$137", "2013-09-30": "$136", "2013-06-30": "$135", "2013-03-31": "$136", "2012-12-31": "$143", "2012-09-30": "$146", "2012-06-30": "$142", "2012-03-31": "$146", "2011-12-31": "$140", "2011-09-30": "$148", "2011-06-30": "$147", "2011-03-31": "$154", "2010-12-31": "$148", "2010-09-30": "$162", "2010-06-30": "$173", "2010-03-31": "$179", "2009-12-31": "$184", "2009-09-30": "$166", "2009-06-30": "$163", "2009-03-31": "$167", "2008-12-31": "$160", "2008-09-30": "$161", "2008-06-30": "$168", "2008-03-31": "$188", "2007-12-31": "$160", "2007-09-30": "$160", "2007-06-30": "$157", "2007-03-31": "$159", "2006-12-31": "$154", "2006-09-30": "$157", "2006-06-30": "$153", "2006-03-31": "$155", "2005-12-31": "$154", "2005-09-30": "$157", "2005-06-30": "$152", "2005-03-31": "$153"}}, "operating-income": {"Bank Of Hawaii Annual Operating Income (Millions of US $)": {"2020": "$189", "2019": "$286", "2018": "$270", "2017": "$268", "2016": "$260", "2015": "$231", "2014": "$238", "2013": "$214", "2012": "$242", "2011": "$227", "2010": "$260", "2009": "$222", "2008": "$270", "2007": "$285", "2006": "$287", "2005": "$284"}, "Bank Of Hawaii Quarterly Operating Income (Millions of US $)": {"2020-12-31": "$51", "2020-09-30": "$47", "2020-06-30": "$49", "2020-03-31": "$42", "2019-12-31": "$74", "2019-09-30": "$67", "2019-06-30": "$73", "2019-03-31": "$72", "2018-12-31": "$68", "2018-09-30": "$70", "2018-06-30": "$68", "2018-03-31": "$64", "2017-12-31": "$64", "2017-09-30": "$66", "2017-06-30": "$65", "2017-03-31": "$73", "2016-12-31": "$61", "2016-09-30": "$62", "2016-06-30": "$63", "2016-03-31": "$74", "2015-12-31": "$61", "2015-09-30": "$49", "2015-06-30": "$60", "2015-03-31": "$62", "2014-12-31": "$61", "2014-09-30": "$62", "2014-06-30": "$60", "2014-03-31": "$54", "2013-12-31": "$55", "2013-09-30": "$53", "2013-06-30": "$54", "2013-03-31": "$52", "2012-12-31": "$60", "2012-09-30": "$61", "2012-06-30": "$61", "2012-03-31": "$60", "2011-12-31": "$53", "2011-09-30": "$61", "2011-06-30": "$50", "2011-03-31": "$63", "2010-12-31": "$54", "2010-09-30": "$59", "2010-06-30": "$71", "2010-03-31": "$77", "2009-12-31": "$69", "2009-09-30": "$54", "2009-06-30": "$44", "2009-03-31": "$55", "2008-12-31": "$59", "2008-09-30": "$53", "2008-06-30": "$77", "2008-03-31": "$80", "2007-12-31": "$63", "2007-09-30": "$74", "2007-06-30": "$74", "2007-03-31": "$74", "2006-12-31": "$69", "2006-09-30": "$75", "2006-06-30": "$72", "2006-03-31": "$71", "2005-12-31": "$69", "2005-09-30": "$70", "2005-06-30": "$73", "2005-03-31": "$72"}}, "ebitda": {"Bank Of Hawaii Annual EBITDA (Millions of US $)": {"2019": "$", "2018": "$", "2017": "$", "2016": "$", "2015": "$", "2014": "$", "2013": "$", "2012": "$", "2011": "$", "2010": "$", "2009": "$", "2008": "$", "2007": "$", "2006": "$", "2005": "$"}, "Bank Of Hawaii Quarterly EBITDA (Millions of US $)": {"2020-09-30": "", "2020-06-30": "", "2020-03-31": "", "2019-12-31": "", "2019-09-30": "", "2019-06-30": "", "2019-03-31": "", "2018-12-31": "", "2018-09-30": "", "2018-06-30": "", "2018-03-31": "", "2017-12-31": "", "2017-09-30": "", "2017-06-30": "", "2017-03-31": "", "2016-12-31": "", "2016-09-30": "", "2016-06-30": "", "2016-03-31": "", "2015-12-31": "", "2015-09-30": "", "2015-06-30": "", "2015-03-31": "", "2014-12-31": "", "2014-09-30": "", "2014-06-30": "", "2014-03-31": "", "2013-12-31": "", "2013-09-30": "", "2013-06-30": "", "2013-03-31": "", "2012-12-31": "", "2012-09-30": "", "2012-06-30": "", "2012-03-31": "", "2011-12-31": "", "2011-09-30": "", "2011-06-30": "", "2011-03-31": "", "2010-12-31": "", "2010-09-30": "", "2010-06-30": "", "2010-03-31": "", "2009-12-31": "", "2009-09-30": "", "2009-06-30": "", "2009-03-31": "", "2008-12-31": "", "2008-09-30": "", "2008-06-30": "", "2008-03-31": "", "2007-12-31": "", "2007-09-30": "", "2007-06-30": "", "2007-03-31": "", "2006-12-31": "", "2006-09-30": "", "2006-06-30": "", "2006-03-31": "", "2005-12-31": "", "2005-09-30": "", "2005-06-30": "", "2005-03-31": ""}}, "net-income": {"Bank Of Hawaii Annual Net Income (Millions of US $)": {"2020": "$154", "2019": "$226", "2018": "$220", "2017": "$185", "2016": "$181", "2015": "$161", "2014": "$163", "2013": "$151", "2012": "$166", "2011": "$160", "2010": "$184", "2009": "$144", "2008": "$192", "2007": "$184", "2006": "$180", "2005": "$182"}, "Bank Of Hawaii Quarterly Net Income (Millions of US $)": {"2020-12-31": "$42", "2020-09-30": "$38", "2020-06-30": "$39", "2020-03-31": "$35", "2019-12-31": "$58", "2019-09-30": "$52", "2019-06-30": "$57", "2019-03-31": "$59", "2018-12-31": "$54", "2018-09-30": "$57", "2018-06-30": "$55", "2018-03-31": "$54", "2017-12-31": "$43", "2017-09-30": "$46", "2017-06-30": "$45", "2017-03-31": "$51", "2016-12-31": "$44", "2016-09-30": "$43", "2016-06-30": "$44", "2016-03-31": "$50", "2015-12-31": "$43", "2015-09-30": "$34", "2015-06-30": "$41", "2015-03-31": "$42", "2014-12-31": "$41", "2014-09-30": "$42", "2014-06-30": "$41", "2014-03-31": "$39", "2013-12-31": "$39", "2013-09-30": "$38", "2013-06-30": "$38", "2013-03-31": "$36", "2012-12-31": "$40", "2012-09-30": "$41", "2012-06-30": "$41", "2012-03-31": "$44", "2011-12-31": "$39", "2011-09-30": "$43", "2011-06-30": "$35", "2011-03-31": "$42", "2010-12-31": "$41", "2010-09-30": "$44", "2010-06-30": "$47", "2010-03-31": "$53", "2009-12-31": "$41", "2009-09-30": "$36", "2009-06-30": "$31", "2009-03-31": "$36", "2008-12-31": "$39", "2008-09-30": "$47", "2008-06-30": "$48", "2008-03-31": "$57", "2007-12-31": "$41", "2007-09-30": "$48", "2007-06-30": "$48", "2007-03-31": "$47", "2006-12-31": "$51", "2006-09-30": "$47", "2006-06-30": "$37", "2006-03-31": "$45", "2005-12-31": "$45", "2005-09-30": "$45", "2005-06-30": "$46", "2005-03-31": "$46"}}, "eps-earnings-per-share-diluted": {"Bank Of Hawaii Annual EPS": {"2020": "$3.86", "2019": "$5.56", "2018": "$5.23", "2017": "$4.33", "2016": "$4.23", "2015": "$3.70", "2014": "$3.69", "2013": "$3.38", "2012": "$3.67", "2011": "$3.39", "2010": "$3.80", "2009": "$3.00", "2008": "$3.99", "2007": "$3.69", "2006": "$3.52", "2005": "$3.41"}, "Bank Of Hawaii Quarterly EPS": {"2020-12-31": "$1.06", "2020-09-30": "$0.95", "2020-06-30": "$0.98", "2020-03-31": "$0.87", "2019-12-31": "$1.44", "2019-09-30": "$1.29", "2019-06-30": "$1.40", "2019-03-31": "$1.43", "2018-12-31": "$1.29", "2018-09-30": "$1.36", "2018-06-30": "$1.30", "2018-03-31": "$1.28", "2017-12-31": "$1.00", "2017-09-30": "$1.08", "2017-06-30": "$1.05", "2017-03-31": "$1.20", "2016-12-31": "$1.02", "2016-09-30": "$1.02", "2016-06-30": "$1.03", "2016-03-31": "$1.16", "2015-12-31": "$0.99", "2015-09-30": "$0.79", "2015-06-30": "$0.95", "2015-03-31": "$0.97", "2014-12-31": "$0.93", "2014-09-30": "$0.95", "2014-06-30": "$0.94", "2014-03-31": "$0.87", "2013-12-31": "$0.87", "2013-09-30": "$0.85", "2013-06-30": "$0.85", "2013-03-31": "$0.81", "2012-12-31": "$0.90", "2012-09-30": "$0.92", "2012-06-30": "$0.90", "2012-03-31": "$0.95", "2011-12-31": "$0.85", "2011-09-30": "$0.92", "2011-06-30": "$0.74", "2011-03-31": "$0.88", "2010-12-31": "$0.84", "2010-09-30": "$0.91", "2010-06-30": "$0.96", "2010-03-31": "$1.09", "2009-12-31": "$0.84", "2009-09-30": "$0.76", "2009-06-30": "$0.65", "2009-03-31": "$0.75", "2008-12-31": "$0.82", "2008-09-30": "$0.99", "2008-06-30": "$1.00", "2008-03-31": "$1.18", "2007-12-31": "$0.84", "2007-09-30": "$0.96", "2007-06-30": "$0.95", "2007-03-31": "$0.94", "2006-12-31": "$1.01", "2006-09-30": "$0.92", "2006-06-30": "$0.72", "2006-03-31": "$0.87", "2005-12-31": "$0.86", "2005-09-30": "$0.85", "2005-06-30": "$0.87", "2005-03-31": "$0.83"}}, "shares-outstanding": {"Bank Of Hawaii Annual Shares Outstanding (Millions of Shares)": {"2020": "40", "2019": "41", "2018": "42", "2017": "43", "2016": "43", "2015": "43", "2014": "44", "2013": "45", "2012": "45", "2011": "47", "2010": "48", "2009": "48", "2008": "48", "2007": "50", "2006": "51", "2005": "53"}, "Bank Of Hawaii Quarterly Shares Outstanding (Millions of Shares)": {"2020-12-31": "40", "2020-09-30": "40", "2020-06-30": "40", "2020-03-31": "40", "2019-12-31": "41", "2019-09-30": "40", "2019-06-30": "41", "2019-03-31": "41", "2018-12-31": "42", "2018-09-30": "42", "2018-06-30": "42", "2018-03-31": "42", "2017-12-31": "43", "2017-09-30": "43", "2017-06-30": "43", "2017-03-31": "43", "2016-12-31": "43", "2016-09-30": "43", "2016-06-30": "43", "2016-03-31": "43", "2015-12-31": "43", "2015-09-30": "43", "2015-06-30": "44", "2015-03-31": "44", "2014-12-31": "44", "2014-09-30": "44", "2014-06-30": "44", "2014-03-31": "44", "2013-12-31": "45", "2013-09-30": "44", "2013-06-30": "45", "2013-03-31": "45", "2012-12-31": "45", "2012-09-30": "45", "2012-06-30": "45", "2012-03-31": "46", "2011-12-31": "47", "2011-09-30": "47", "2011-06-30": "48", "2011-03-31": "48", "2010-12-31": "48", "2010-09-30": "48", "2010-06-30": "48", "2010-03-31": "48", "2009-12-31": "48", "2009-09-30": "48", "2009-06-30": "48", "2009-03-31": "48", "2008-12-31": "48", "2008-09-30": "48", "2008-06-30": "48", "2008-03-31": "49", "2007-12-31": "50", "2007-09-30": "50", "2007-06-30": "50", "2007-03-31": "50", "2006-12-31": "51", "2006-09-30": "51", "2006-06-30": "51", "2006-03-31": "52", "2005-12-31": "53", "2005-09-30": "53", "2005-06-30": "53", "2005-03-31": "55"}}, "total-assets": {"Bank Of Hawaii Annual Total Assets (Millions of US $)": {"2019": "$18,096", "2018": "$17,144", "2017": "$17,089", "2016": "$16,492", "2015": "$15,455", "2014": "$14,787", "2013": "$14,084", "2012": "$13,728", "2011": "$13,846", "2010": "$13,127", "2009": "$12,415", "2008": "$10,763", "2007": "$10,473", "2006": "$10,572", "2005": "$10,187"}, "Bank Of Hawaii Quarterly Total Assets (Millions of US $)": {"2020-09-30": "$20,109", "2020-06-30": "$19,770", "2020-03-31": "$18,542", "2019-12-31": "$18,096", "2019-09-30": "$17,672", "2019-06-30": "$17,689", "2019-03-31": "$17,446", "2018-12-31": "$17,144", "2018-09-30": "$16,992", "2018-06-30": "$17,124", "2018-03-31": "$17,136", "2017-12-31": "$17,089", "2017-09-30": "$17,268", "2017-06-30": "$16,981", "2017-03-31": "$16,664", "2016-12-31": "$16,492", "2016-09-30": "$16,015", "2016-06-30": "$15,861", "2016-03-31": "$15,655", "2015-12-31": "$15,455", "2015-09-30": "$15,164", "2015-06-30": "$15,248", "2015-03-31": "$15,139", "2014-12-31": "$14,787", "2014-09-30": "$14,510", "2014-06-30": "$14,845", "2014-03-31": "$14,263", "2013-12-31": "$14,084", "2013-09-30": "$13,849", "2013-06-30": "$13,733", "2013-03-31": "$13,526", "2012-12-31": "$13,728", "2012-09-30": "$13,382", "2012-06-30": "$13,916", "2012-03-31": "$13,759", "2011-12-31": "$13,846", "2011-09-30": "$13,305", "2011-06-30": "$13,161", "2011-03-31": "$12,962", "2010-12-31": "$13,127", "2010-09-30": "$12,717", "2010-06-30": "$12,856", "2010-03-31": "$12,436", "2009-12-31": "$12,415", "2009-09-30": "$12,208", "2009-06-30": "$12,195", "2009-03-31": "$11,448", "2008-12-31": "$10,763", "2008-09-30": "$10,335", "2008-06-30": "$10,371", "2008-03-31": "$10,823", "2007-12-31": "$10,473", "2007-09-30": "$10,550", "2007-06-30": "$10,723", "2007-03-31": "$10,492", "2006-12-31": "$10,572", "2006-09-30": "$10,371", "2006-06-30": "$10,325", "2006-03-31": "$10,528", "2005-12-31": "$10,187", "2005-09-30": "$10,085", "2005-06-30": "$10,060", "2005-03-31": "$9,908"}}, "cash-on-hand": {"Bank Of Hawaii Annual Cash on Hand (Millions of US $)": {"2019": "$559", "2018": "$526", "2017": "$448", "2016": "$880", "2015": "$756", "2014": "$536", "2013": "$464", "2012": "$353", "2011": "$670", "2010": "$608", "2009": "$555", "2008": "$888", "2007": "$456", "2006": "$453", "2005": "$499"}, "Bank Of Hawaii Quarterly Cash on Hand (Millions of US $)": {"2020-09-30": "$1,001", "2020-06-30": "$1,046", "2020-03-31": "$557", "2019-12-31": "$559", "2019-09-30": "$371", "2019-06-30": "$490", "2019-03-31": "$541", "2018-12-31": "$526", "2018-09-30": "$335", "2018-06-30": "$678", "2018-03-31": "$565", "2017-12-31": "$448", "2017-09-30": "$762", "2017-06-30": "$874", "2017-03-31": "$744", "2016-12-31": "$880", "2016-09-30": "$638", "2016-06-30": "$753", "2016-03-31": "$795", "2015-12-31": "$756", "2015-09-30": "$487", "2015-06-30": "$757", "2015-03-31": "$776", "2014-12-31": "$536", "2014-09-30": "$554", "2014-06-30": "$943", "2014-03-31": "$545", "2013-12-31": "$464", "2013-09-30": "$389", "2013-06-30": "$471", "2013-03-31": "$283", "2012-12-31": "$353", "2012-09-30": "$410", "2012-06-30": "$634", "2012-03-31": "$371", "2011-12-31": "$670", "2011-09-30": "$452", "2011-06-30": "$657", "2011-03-31": "$648", "2010-12-31": "$608", "2010-09-30": "$445", "2010-06-30": "$703", "2010-03-31": "$630", "2009-12-31": "$555", "2009-09-30": "$699", "2009-06-30": "$955", "2009-03-31": "$1,200", "2008-12-31": "$888", "2008-09-30": "$391", "2008-06-30": "$381", "2008-03-31": "$711", "2007-12-31": "$456", "2007-09-30": "$473", "2007-06-30": "$800", "2007-03-31": "$627", "2006-12-31": "$453", "2006-09-30": "$289", "2006-06-30": "$401", "2006-03-31": "$756", "2005-12-31": "$499", "2005-09-30": "$316", "2005-06-30": "$348", "2005-03-31": "$383"}}, "long-term-debt": {"Bank Of Hawaii Annual Long Term Debt (Millions of US $)": {"2019": "$86", "2018": "$136", "2017": "$261", "2016": "$268", "2015": "$246", "2014": "$174", "2013": "$175", "2012": "$128", "2011": "$31", "2010": "$33", "2009": "$90", "2008": "$203", "2007": "$235", "2006": "$260", "2005": "$243"}, "Bank Of Hawaii Quarterly Long Term Debt (Millions of US $)": {"2020-09-30": "$61", "2020-06-30": "$61", "2020-03-31": "$61", "2019-12-31": "$86", "2019-09-30": "$111", "2019-06-30": "$111", "2019-03-31": "$111", "2018-12-31": "$136", "2018-09-30": "$186", "2018-06-30": "$236", "2018-03-31": "$236", "2017-12-31": "$261", "2017-09-30": "$268", "2017-06-30": "$268", "2017-03-31": "$268", "2016-12-31": "$268", "2016-09-30": "$268", "2016-06-30": "$268", "2016-03-31": "$221", "2015-12-31": "$246", "2015-09-30": "$271", "2015-06-30": "$171", "2015-03-31": "$174", "2014-12-31": "$174", "2014-09-30": "$174", "2014-06-30": "$174", "2014-03-31": "$175", "2013-12-31": "$175", "2013-09-30": "$175", "2013-06-30": "$175", "2013-03-31": "$177", "2012-12-31": "$128", "2012-09-30": "$28", "2012-06-30": "$28", "2012-03-31": "$31", "2011-12-31": "$31", "2011-09-30": "$31", "2011-06-30": "$31", "2011-03-31": "$33", "2010-12-31": "$33", "2010-09-30": "$40", "2010-06-30": "$40", "2010-03-31": "$90", "2009-12-31": "$90", "2009-09-30": "$91", "2009-06-30": "$91", "2009-03-31": "$59", "2008-12-31": "$203", "2008-09-30": "$205", "2008-06-30": "$205", "2008-03-31": "$239", "2007-12-31": "$235", "2007-09-30": "$235", "2007-06-30": "$260", "2007-03-31": "$260", "2006-12-31": "$260", "2006-09-30": "$265", "2006-06-30": "$243", "2006-03-31": "$243", "2005-12-31": "$243", "2005-09-30": "$243", "2005-06-30": "$243", "2005-03-31": "$243"}}, "total-liabilities": {"Bank Of Hawaii Annual Total Liabilities (Millions of US $)": {"2019": "$16,809", "2018": "$15,876", "2017": "$15,857", "2016": "$15,331", "2015": "$14,339", "2014": "$13,732", "2013": "$13,072", "2012": "$12,707", "2011": "$12,844", "2010": "$12,116", "2009": "$11,519", "2008": "$9,973", "2007": "$9,723", "2006": "$9,852", "2005": "$9,494"}, "Bank Of Hawaii Quarterly Total Liabilities (Millions of US $)": {"2020-09-30": "$18,748", "2020-06-30": "$18,418", "2020-03-31": "$17,214", "2019-12-31": "$16,809", "2019-09-30": "$16,381", "2019-06-30": "$16,403", "2019-03-31": "$16,177", "2018-12-31": "$15,876", "2018-09-30": "$15,738", "2018-06-30": "$15,876", "2018-03-31": "$15,895", "2017-12-31": "$15,857", "2017-09-30": "$16,040", "2017-06-30": "$15,768", "2017-03-31": "$15,471", "2016-12-31": "$15,331", "2016-09-30": "$14,851", "2016-06-30": "$14,704", "2016-03-31": "$14,516", "2015-12-31": "$14,339", "2015-09-30": "$14,066", "2015-06-30": "$14,165", "2015-03-31": "$14,064", "2014-12-31": "$13,732", "2014-09-30": "$13,453", "2014-06-30": "$13,794", "2014-03-31": "$13,234", "2013-12-31": "$13,072", "2013-09-30": "$12,856", "2013-06-30": "$12,747", "2013-03-31": "$12,500", "2012-12-31": "$12,707", "2012-09-30": "$12,358", "2012-06-30": "$12,912", "2012-03-31": "$12,764", "2011-12-31": "$12,844", "2011-09-30": "$12,287", "2011-06-30": "$12,158", "2011-03-31": "$11,966", "2010-12-31": "$12,116", "2010-09-30": "$11,677", "2010-06-30": "$11,843", "2010-03-31": "$11,496", "2009-12-31": "$11,519", "2009-09-30": "$11,305", "2009-06-30": "$11,349", "2009-03-31": "$10,614", "2008-12-31": "$9,973", "2008-09-30": "$9,555", "2008-06-30": "$9,604", "2008-03-31": "$10,056", "2007-12-31": "$9,723", "2007-09-30": "$9,818", "2007-06-30": "$10,014", "2007-03-31": "$9,781", "2006-12-31": "$9,852", "2006-09-30": "$9,688", "2006-06-30": "$9,658", "2006-03-31": "$9,847", "2005-12-31": "$9,494", "2005-09-30": "$9,389", "2005-06-30": "$9,348", "2005-03-31": "$9,191"}}, "total-share-holder-equity": {"Bank Of Hawaii Annual Share Holder Equity (Millions of US $)": {"2019": "$1,287", "2018": "$1,268", "2017": "$1,232", "2016": "$1,162", "2015": "$1,116", "2014": "$1,055", "2013": "$1,012", "2012": "$1,022", "2011": "$1,003", "2010": "$1,011", "2009": "$896", "2008": "$791", "2007": "$750", "2006": "$719", "2005": "$693"}, "Bank Of Hawaii Quarterly Share Holder Equity (Millions of US $)": {"2020-09-30": "$1,362", "2020-06-30": "$1,352", "2020-03-31": "$1,328", "2019-12-31": "$1,287", "2019-09-30": "$1,291", "2019-06-30": "$1,286", "2019-03-31": "$1,270", "2018-12-31": "$1,268", "2018-09-30": "$1,253", "2018-06-30": "$1,248", "2018-03-31": "$1,241", "2017-12-31": "$1,232", "2017-09-30": "$1,228", "2017-06-30": "$1,214", "2017-03-31": "$1,193", "2016-12-31": "$1,162", "2016-09-30": "$1,164", "2016-06-30": "$1,157", "2016-03-31": "$1,139", "2015-12-31": "$1,116", "2015-09-30": "$1,098", "2015-06-30": "$1,083", "2015-03-31": "$1,075", "2014-12-31": "$1,055", "2014-09-30": "$1,057", "2014-06-30": "$1,051", "2014-03-31": "$1,029", "2013-12-31": "$1,012", "2013-09-30": "$993", "2013-06-30": "$986", "2013-03-31": "$1,026", "2012-12-31": "$1,022", "2012-09-30": "$1,025", "2012-06-30": "$1,004", "2012-03-31": "$996", "2011-12-31": "$1,003", "2011-09-30": "$1,018", "2011-06-30": "$1,003", "2011-03-31": "$996", "2010-12-31": "$1,011", "2010-09-30": "$1,040", "2010-06-30": "$1,013", "2010-03-31": "$939", "2009-12-31": "$896", "2009-09-30": "$903", "2009-06-30": "$846", "2009-03-31": "$834", "2008-12-31": "$791", "2008-09-30": "$780", "2008-06-30": "$768", "2008-03-31": "$767", "2007-12-31": "$750", "2007-09-30": "$732", "2007-06-30": "$709", "2007-03-31": "$711", "2006-12-31": "$719", "2006-09-30": "$683", "2006-06-30": "$667", "2006-03-31": "$681", "2005-12-31": "$693", "2005-09-30": "$696", "2005-06-30": "$712", "2005-03-31": "$717"}}, "profit-margins": {"current": "21.05%"}, "gross margin": {"2020-12-31": "93.16%", "2020-09-30": "91.73%", "2020-06-30": "90.12%", "2020-03-31": "88.62%", "2019-12-31": "88.46%", "2019-09-30": "88.60%", "2019-06-30": "89.32%", "2019-03-31": "90.30%", "2018-12-31": "91.10%", "2018-09-30": "91.94%", "2018-06-30": "92.54%", "2018-03-31": "93.03%", "2017-12-31": "93.47%", "2017-09-30": "93.68%", "2017-06-30": "93.89%", "2017-03-31": "93.96%", "2016-12-31": "93.89%", "2016-09-30": "93.82%", "2016-06-30": "93.71%", "2016-03-31": "93.80%", "2015-12-31": "93.85%", "2015-09-30": "93.81%", "2015-06-30": "93.80%", "2015-03-31": "93.75%", "2014-12-31": "93.63%", "2014-09-30": "93.58%", "2014-06-30": "93.54%", "2014-03-31": "93.33%", "2013-12-31": "92.99%", "2013-09-30": "92.91%", "2013-06-30": "92.87%", "2013-03-31": "92.80%", "2012-12-31": "92.91%", "2012-09-30": "92.88%", "2012-06-30": "92.75%", "2012-03-31": "92.52%", "2011-12-31": "92.46%", "2011-09-30": "92.27%", "2011-06-30": "92.16%", "2011-03-31": "92.19%", "2010-12-31": "91.94%", "2010-09-30": "91.72%", "2010-06-30": "91.05%", "2010-03-31": "90.10%", "2009-12-31": "88.77%", "2009-09-30": "87.12%", "2009-06-30": "86.00%", "2009-03-31": "85.08%", "2008-12-31": "83.68%", "2008-09-30": "81.57%", "2008-06-30": "79.06%", "2008-03-31": "76.97%", "2007-12-31": "75.53%", "2007-09-30": "75.45%", "2007-06-30": "76.09%", "2007-03-31": "76.91%", "2006-12-31": "78.45%", "2006-09-30": "80.39%", "2006-06-30": "82.42%", "2006-03-31": "84.43%", "2005-12-31": "86.03%"}, "operating margin": {"2020-12-31": "25.85%", "2020-09-30": "28.27%", "2020-06-30": "30.17%", "2020-03-31": "33.12%", "2019-12-31": "37.09%", "2019-09-30": "36.70%", "2019-06-30": "37.78%", "2019-03-31": "37.98%", "2018-12-31": "37.55%", "2018-09-30": "37.62%", "2018-06-30": "37.59%", "2018-03-31": "37.59%", "2017-12-31": "38.90%", "2017-09-30": "38.97%", "2017-06-30": "38.90%", "2017-03-31": "39.12%", "2016-12-31": "39.69%", "2016-09-30": "40.19%", "2016-06-30": "38.84%", "2016-03-31": "38.79%", "2015-12-31": "37.54%", "2015-09-30": "37.79%", "2015-06-30": "39.97%", "2015-03-31": "40.30%", "2014-12-31": "39.70%", "2014-09-30": "39.02%", "2014-06-30": "37.76%", "2014-03-31": "36.92%", "2013-12-31": "36.58%", "2013-09-30": "36.99%", "2013-06-30": "37.65%", "2013-03-31": "38.30%", "2012-12-31": "38.97%", "2012-09-30": "38.03%", "2012-06-30": "37.84%", "2012-03-31": "35.67%", "2011-12-31": "35.64%", "2011-09-30": "35.24%", "2011-06-30": "34.09%", "2011-03-31": "35.75%", "2010-12-31": "36.25%", "2010-09-30": "36.27%", "2010-06-30": "35.15%", "2010-03-31": "31.77%", "2009-12-31": "28.98%", "2009-09-30": "28.15%", "2009-06-30": "27.87%", "2009-03-31": "31.65%", "2008-12-31": "33.25%", "2008-09-30": "32.89%", "2008-06-30": "34.39%", "2008-03-31": "33.68%", "2007-12-31": "33.85%", "2007-09-30": "34.85%", "2007-06-30": "35.44%", "2007-03-31": "35.80%", "2006-12-31": "36.38%", "2006-09-30": "37.27%", "2006-06-30": "37.55%", "2006-03-31": "38.66%", "2005-12-31": "39.66%"}, "ebitda margin": {"2020-09-30": "0.00%", "2020-06-30": "0.00%", "2020-03-31": "0.00%", "2019-12-31": "0.00%", "2019-09-30": "0.00%", "2019-06-30": "0.00%", "2019-03-31": "0.00%", "2018-12-31": "0.00%", "2018-09-30": "0.00%", "2018-06-30": "0.00%", "2018-03-31": "0.00%", "2017-12-31": "0.00%", "2017-09-30": "0.00%", "2017-06-30": "0.00%", "2017-03-31": "0.00%", "2016-12-31": "0.00%", "2016-09-30": "0.00%", "2016-06-30": "0.00%", "2016-03-31": "0.00%", "2015-12-31": "0.00%", "2015-09-30": "0.00%", "2015-06-30": "0.00%", "2015-03-31": "0.00%", "2014-12-31": "0.00%", "2014-09-30": "0.00%", "2014-06-30": "0.00%", "2014-03-31": "0.00%", "2013-12-31": "0.00%", "2013-09-30": "0.00%", "2013-06-30": "0.00%", "2013-03-31": "0.00%", "2012-12-31": "0.00%", "2012-09-30": "0.00%", "2012-06-30": "0.00%", "2012-03-31": "0.00%", "2011-12-31": "0.00%", "2011-09-30": "0.00%", "2011-06-30": "0.00%", "2011-03-31": "0.00%", "2010-12-31": "0.00%", "2010-09-30": "0.00%", "2010-06-30": "0.00%", "2010-03-31": "0.00%", "2009-12-31": "0.00%", "2009-09-30": "0.00%", "2009-06-30": "0.00%", "2009-03-31": "0.00%", "2008-12-31": "0.00%", "2008-09-30": "0.00%", "2008-06-30": "0.00%", "2008-03-31": "0.00%", "2007-12-31": "0.00%", "2007-09-30": "0.00%", "2007-06-30": "0.00%", "2007-03-31": "0.00%", "2006-12-31": "0.00%", "2006-09-30": "0.00%", "2006-06-30": "0.00%", "2006-03-31": "0.00%", "2005-12-31": "0.00%"}, "pre tax profit margin": {"2020-12-31": "25.85%", "2020-09-30": "28.27%", "2020-06-30": "30.17%", "2020-03-31": "33.12%", "2019-12-31": "37.09%", "2019-09-30": "36.70%", "2019-06-30": "37.78%", "2019-03-31": "37.98%", "2018-12-31": "37.55%", "2018-09-30": "37.62%", "2018-06-30": "37.59%", "2018-03-31": "37.59%", "2017-12-31": "38.90%", "2017-09-30": "38.97%", "2017-06-30": "38.90%", "2017-03-31": "39.12%", "2016-12-31": "39.69%", "2016-09-30": "40.03%", "2016-06-30": "38.68%", "2016-03-31": "38.63%", "2015-12-31": "37.38%", "2015-09-30": "37.79%", "2015-06-30": "39.97%", "2015-03-31": "40.30%", "2014-12-31": "39.70%", "2014-09-30": "39.02%", "2014-06-30": "37.76%", "2014-03-31": "36.92%", "2013-12-31": "36.58%", "2013-09-30": "36.99%", "2013-06-30": "37.65%", "2013-03-31": "38.30%", "2012-12-31": "38.97%", "2012-09-30": "38.03%", "2012-06-30": "37.84%", "2012-03-31": "35.67%", "2011-12-31": "35.64%", "2011-09-30": "35.24%", "2011-06-30": "34.09%", "2011-03-31": "35.75%", "2010-12-31": "36.25%", "2010-09-30": "36.27%", "2010-06-30": "35.15%", "2010-03-31": "31.77%", "2009-12-31": "28.98%", "2009-09-30": "28.15%", "2009-06-30": "27.87%", "2009-03-31": "31.65%", "2008-12-31": "33.25%", "2008-09-30": "32.77%", "2008-06-30": "34.27%", "2008-03-31": "33.56%", "2007-12-31": "33.73%", "2007-09-30": "34.85%", "2007-06-30": "35.44%", "2007-03-31": "35.80%", "2006-12-31": "36.38%", "2006-09-30": "37.27%", "2006-06-30": "37.55%", "2006-03-31": "38.66%", "2005-12-31": "39.66%"}, "net profit margin": {"2020-12-31": "21.07%", "2020-09-30": "22.67%", "2020-06-30": "23.93%", "2020-03-31": "26.13%", "2019-12-31": "29.31%", "2019-09-30": "29.10%", "2019-06-30": "30.31%", "2019-03-31": "30.74%", "2018-12-31": "30.60%", "2018-09-30": "29.56%", "2018-06-30": "28.41%", "2018-03-31": "27.29%", "2017-12-31": "26.85%", "2017-09-30": "27.35%", "2017-06-30": "27.27%", "2017-03-31": "27.49%", "2016-12-31": "27.63%", "2016-09-30": "27.82%", "2016-06-30": "26.89%", "2016-03-31": "26.71%", "2015-12-31": "25.89%", "2015-09-30": "25.73%", "2015-06-30": "27.08%", "2015-03-31": "27.30%", "2014-12-31": "27.30%", "2014-09-30": "27.20%", "2014-06-30": "26.70%", "2014-03-31": "26.32%", "2013-12-31": "25.81%", "2013-09-30": "25.68%", "2013-06-30": "25.70%", "2013-03-31": "25.86%", "2012-12-31": "26.73%", "2012-09-30": "26.70%", "2012-06-30": "26.89%", "2012-03-31": "25.64%", "2011-12-31": "24.96%", "2011-09-30": "24.88%", "2011-06-30": "24.43%", "2011-03-31": "25.18%", "2010-12-31": "25.69%", "2010-09-30": "24.31%", "2010-06-30": "22.96%", "2010-03-31": "20.96%", "2009-12-31": "18.80%", "2009-09-30": "18.86%", "2009-06-30": "20.21%", "2009-03-31": "22.05%", "2008-12-31": "23.61%", "2008-09-30": "23.25%", "2008-06-30": "22.69%", "2008-03-31": "22.45%", "2007-12-31": "21.85%", "2007-09-30": "23.23%", "2007-06-30": "23.42%", "2007-03-31": "22.47%", "2006-12-31": "22.81%", "2006-09-30": "22.60%", "2006-06-30": "22.90%", "2006-03-31": "24.73%", "2005-12-31": "25.42%"}, "pe ratio": {"current": "21.14", "2021-02-05": "29.15", "2020-12-31": "27.36", "2020-09-30": "11.79", "2020-06-30": "13.11", "2020-03-31": "10.69", "2019-12-31": "16.43", "2019-09-30": "15.13", "2019-06-30": "14.30", "2019-03-31": "13.74", "2018-12-31": "11.97", "2018-09-30": "14.86", "2018-06-30": "16.53", "2018-03-31": "17.27", "2017-12-31": "18.03", "2017-09-30": "17.39", "2017-06-30": "17.44", "2017-03-31": "17.28", "2016-12-31": "18.67", "2016-09-30": "15.31", "2016-06-30": "15.24", "2016-03-31": "15.33", "2015-12-31": "14.75", "2015-09-30": "14.99", "2015-06-30": "14.97", "2015-03-31": "13.68", "2014-12-31": "13.51", "2014-09-30": "13.06", "2014-06-30": "13.77", "2014-03-31": "14.47", "2013-12-31": "14.26", "2013-09-30": "12.95", "2013-06-30": "11.63", "2013-03-31": "11.47", "2012-12-31": "9.48", "2012-09-30": "9.85", "2012-06-30": "9.83", "2012-03-31": "10.72", "2011-12-31": "9.97", "2011-09-30": "8.09", "2011-06-30": "10.26", "2011-03-31": "9.80", "2010-12-31": "9.05", "2010-09-30": "8.53", "2010-06-30": "9.46", "2010-03-31": "9.52", "2009-12-31": "10.99", "2009-09-30": "9.67", "2009-06-30": "7.66", "2009-03-31": "6.28", "2008-12-31": "7.56", "2008-09-30": "8.84", "2008-06-30": "7.89", "2008-03-31": "8.22", "2007-12-31": "8.96", "2007-09-30": "8.75", "2007-06-30": "8.55", "2007-03-31": "9.24", "2006-12-31": "9.52"}, "price sales": {"2021-02-05": "4.45", "2020-12-31": "4.18", "2020-09-30": "2.68", "2020-06-30": "3.15", "2020-03-31": "2.80", "2019-12-31": "4.84", "2019-09-30": "4.42", "2019-06-30": "4.34", "2019-03-31": "4.23", "2018-12-31": "3.67", "2018-09-30": "4.39", "2018-06-30": "4.69", "2018-03-31": "4.71", "2017-12-31": "4.84", "2017-09-30": "4.76", "2017-06-30": "4.77", "2017-03-31": "4.78", "2016-12-31": "5.18", "2016-09-30": "4.28", "2016-06-30": "4.11", "2016-03-31": "4.11", "2015-12-31": "3.84", "2015-09-30": "3.89", "2015-06-30": "4.08", "2015-03-31": "3.76", "2014-12-31": "3.70", "2014-09-30": "3.56", "2014-06-30": "3.68", "2014-03-31": "3.80", "2013-12-31": "3.69", "2013-09-30": "3.34", "2013-06-30": "3.02", "2013-03-31": "2.99", "2012-12-31": "2.54", "2012-09-30": "2.64", "2012-06-30": "2.65", "2012-03-31": "2.77", "2011-12-31": "2.52", "2011-09-30": "2.02", "2011-06-30": "2.51", "2011-03-31": "2.46", "2010-12-31": "2.31", "2010-09-30": "2.05", "2010-06-30": "2.16", "2010-03-31": "1.99", "2009-12-31": "2.06", "2009-09-30": "1.84", "2009-06-30": "1.56", "2009-03-31": "1.39", "2008-12-31": "1.80", "2008-09-30": "2.07", "2008-06-30": "1.80", "2008-03-31": "1.85", "2007-12-31": "1.95", "2007-09-30": "2.03", "2007-06-30": "2.01", "2007-03-31": "2.10", "2006-12-31": "2.19"}, "price book": {"current": "2.38", "2021-02-05": "2.40", "2020-09-30": "1.47", "2020-06-30": "1.78", "2020-03-31": "1.61", "2019-12-31": "2.85", "2019-09-30": "2.56", "2019-06-30": "2.48", "2019-03-31": "2.40", "2018-12-31": "2.05", "2018-09-30": "2.45", "2018-06-30": "2.60", "2018-03-31": "2.60", "2017-12-31": "2.69", "2017-09-30": "2.62", "2017-06-30": "2.63", "2017-03-31": "2.64", "2016-12-31": "2.90", "2016-09-30": "2.36", "2016-06-30": "2.24", "2016-03-31": "2.26", "2015-12-31": "2.12", "2015-09-30": "2.16", "2015-06-30": "2.29", "2015-03-31": "2.11", "2014-12-31": "2.07", "2014-09-30": "1.98", "2014-06-30": "2.05", "2014-03-31": "2.16", "2013-12-31": "2.12", "2013-09-30": "1.98", "2013-06-30": "1.83", "2013-03-31": "1.77", "2012-12-31": "1.52", "2012-09-30": "1.57", "2012-06-30": "1.60", "2012-03-31": "1.70", "2011-12-31": "1.55", "2011-09-30": "1.25", "2011-06-30": "1.63", "2011-03-31": "1.69", "2010-12-31": "1.64", "2010-09-30": "1.50", "2010-06-30": "1.65", "2010-03-31": "1.63", "2009-12-31": "1.77", "2009-09-30": "1.53", "2009-06-30": "1.39", "2009-03-31": "1.28", "2008-12-31": "1.82", "2008-09-30": "2.16", "2008-06-30": "1.96", "2008-03-31": "2.02", "2007-12-31": "2.13", "2007-09-30": "2.27", "2007-06-30": "2.28", "2007-03-31": "2.33", "2006-12-31": "2.33", "2006-09-30": "2.17", "2006-06-30": "2.31", "2006-03-31": "2.43"}, "price fcf": {"2021-02-05": "", "2020-09-30": "$3.26", "2020-06-30": "$3.02", "2020-03-31": "$3.86", "2019-12-31": "$4.45", "2019-09-30": "$5.06", "2019-06-30": "$5.95", "2019-03-31": "$5.34", "2018-12-31": "$6.73", "2018-09-30": "$4.92", "2018-06-30": "$4.00", "2018-03-31": "$4.07", "2017-12-31": "$3.40", "2017-09-30": "$5.19", "2017-06-30": "$5.32", "2017-03-31": "$4.90", "2016-12-31": "$4.93", "2016-09-30": "$4.03", "2016-06-30": "$4.12", "2016-03-31": "$5.11", "2015-12-31": "$5.06", "2015-09-30": "$5.30", "2015-06-30": "$5.45", "2015-03-31": "$4.21", "2014-12-31": "$4.44", "2014-09-30": "$4.33", "2014-06-30": "$4.04", "2014-03-31": "$5.59", "2013-12-31": "$5.07", "2013-09-30": "$5.70", "2013-06-30": "$5.29", "2013-03-31": "$4.20", "2012-12-31": "$4.58", "2012-09-30": "$3.39", "2012-06-30": "$4.61", "2012-03-31": "$4.25", "2011-12-31": "$4.65", "2011-09-30": "$4.74", "2011-06-30": "$4.05", "2011-03-31": "$4.53", "2010-12-31": "$4.04", "2010-09-30": "$3.22", "2010-06-30": "$4.06", "2010-03-31": "$2.74", "2009-12-31": "$5.84", "2009-09-30": "$6.75", "2009-06-30": "$5.56", "2009-03-31": "$6.38", "2008-12-31": "$3.31", "2008-09-30": "$3.82", "2008-06-30": "$4.37", "2008-03-31": "$5.32", "2007-12-31": "$4.58", "2007-09-30": "$4.24", "2007-06-30": "$3.95", "2007-03-31": "$3.52", "2006-12-31": "$3.92"}, "net worth": {"value": "$3.27B"}, "current ratio": {"2020-12-31": "0.66", "2020-09-30": "0.69", "2020-06-30": "0.71", "2020-03-31": "0.70", "2019-12-31": "0.70", "2019-09-30": "0.70", "2019-06-30": "0.70", "2019-03-31": "0.70", "2018-12-31": "0.70", "2018-09-30": "0.69", "2018-06-30": "0.69", "2018-03-31": "0.67", "2017-12-31": "0.66", "2017-09-30": "0.66", "2017-06-30": "0.67", "2017-03-31": "0.65", "2016-12-31": "0.66", "2016-09-30": "0.65", "2016-06-30": "0.64", "2016-03-31": "0.62", "2015-12-31": "0.62", "2015-09-30": "0.60", "2015-06-30": "0.59", "2015-03-31": "0.58", "2014-12-31": "0.55", "2014-09-30": "0.54", "2014-06-30": "0.54", "2014-03-31": "0.52", "2013-12-31": "0.51", "2013-09-30": "0.51", "2013-06-30": "0.51", "2013-03-31": "0.49", "2012-12-31": "0.50", "2012-09-30": "0.51", "2012-06-30": "0.49", "2012-03-31": "0.47", "2011-12-31": "0.49", "2011-09-30": "0.47", "2011-06-30": "0.49", "2011-03-31": "0.50", "2010-12-31": "0.49", "2010-09-30": "0.50", "2010-06-30": "0.52", "2010-03-31": "0.55", "2009-12-31": "0.55", "2009-09-30": "0.59", "2009-06-30": "0.64", "2009-03-31": "0.72", "2008-12-31": "0.77", "2008-09-30": "0.75", "2008-06-30": "0.74", "2008-03-31": "0.75", "2007-12-31": "0.75", "2007-09-30": "0.75", "2007-06-30": "0.76", "2007-03-31": "0.76", "2006-12-31": "0.75", "2006-09-30": "0.73", "2006-06-30": "0.74", "2006-03-31": "0.74", "2005-12-31": "0.73", "2005-09-30": "0.72", "2005-06-30": "0.72", "2005-03-31": "0.72"}, "quick ratio": {"2020-12-31": "0.00", "2020-09-30": "0.00", "2020-06-30": "0.00", "2020-03-31": "0.00", "2019-12-31": "0.00", "2019-09-30": "0.00", "2019-06-30": "0.00", "2019-03-31": "0.00", "2018-12-31": "0.00", "2018-09-30": "0.00", "2018-06-30": "0.00", "2018-03-31": "0.00", "2017-12-31": "0.00", "2017-09-30": "0.00", "2017-06-30": "0.00", "2017-03-31": "0.00", "2016-12-31": "0.00", "2016-09-30": "0.00", "2016-06-30": "0.00", "2016-03-31": "0.00", "2015-12-31": "0.00", "2015-09-30": "0.00", "2015-06-30": "0.00", "2015-03-31": "0.00", "2014-12-31": "0.00", "2014-09-30": "0.00", "2014-06-30": "0.00", "2014-03-31": "0.00", "2013-12-31": "0.00", "2013-09-30": "0.00", "2013-06-30": "0.00", "2013-03-31": "0.00", "2012-12-31": "0.00", "2012-09-30": "0.00", "2012-06-30": "0.00", "2012-03-31": "0.00", "2011-12-31": "0.00", "2011-09-30": "0.00", "2011-06-30": "0.00", "2011-03-31": "0.00", "2010-12-31": "0.00", "2010-09-30": "0.00", "2010-06-30": "0.00", "2010-03-31": "0.00", "2009-12-31": "0.00", "2009-09-30": "0.00", "2009-06-30": "0.00", "2009-03-31": "0.00", "2008-12-31": "0.00", "2008-09-30": "0.00", "2008-06-30": "0.00", "2008-03-31": "0.00", "2007-12-31": "0.00", "2007-09-30": "0.00", "2007-06-30": "0.00", "2007-03-31": "0.00", "2006-12-31": "0.00", "2006-09-30": "0.00", "2006-06-30": "0.00", "2006-03-31": "0.00", "2005-12-31": "0.00", "2005-09-30": "0.00", "2005-06-30": "0.00", "2005-03-31": "0.00"}, "debt equity ratio": {"current": "0.04", "2020-12-31": "13.99", "2020-09-30": "13.77", "2020-06-30": "13.62", "2020-03-31": "12.96", "2019-12-31": "13.06", "2019-09-30": "12.68", "2019-06-30": "12.76", "2019-03-31": "12.74", "2018-12-31": "12.52", "2018-09-30": "12.56", "2018-06-30": "12.72", "2018-03-31": "12.81", "2017-12-31": "12.87", "2017-09-30": "13.06", "2017-06-30": "12.99", "2017-03-31": "12.97", "2016-12-31": "13.20", "2016-09-30": "12.76", "2016-06-30": "12.71", "2016-03-31": "12.75", "2015-12-31": "12.85", "2015-09-30": "12.81", "2015-06-30": "13.08", "2015-03-31": "13.08", "2014-12-31": "13.02", "2014-09-30": "12.72", "2014-06-30": "13.13", "2014-03-31": "12.86", "2013-12-31": "12.92", "2013-09-30": "12.95", "2013-06-30": "12.92", "2013-03-31": "12.18", "2012-12-31": "12.44", "2012-09-30": "12.06", "2012-06-30": "12.86", "2012-03-31": "12.82", "2011-12-31": "12.81", "2011-09-30": "12.07", "2011-06-30": "12.12", "2011-03-31": "12.01", "2010-12-31": "11.98", "2010-09-30": "11.23", "2010-06-30": "11.69", "2010-03-31": "12.24", "2009-12-31": "12.86", "2009-09-30": "12.52", "2009-06-30": "13.42", "2009-03-31": "12.73", "2008-12-31": "12.61", "2008-09-30": "12.25", "2008-06-30": "12.51", "2008-03-31": "13.12", "2007-12-31": "12.96", "2007-09-30": "13.42", "2007-06-30": "14.13", "2007-03-31": "13.76", "2006-12-31": "13.70", "2006-09-30": "14.17", "2006-06-30": "14.49", "2006-03-31": "14.46", "2005-12-31": "13.69", "2005-09-30": "13.48", "2005-06-30": "13.13", "2005-03-31": "12.83"}, "return on equity": {"2020-12-31": "11.37%", "2020-09-30": "12.76%", "2020-06-30": "14.00%", "2020-03-31": "15.56%", "2019-12-31": "17.61%", "2019-09-30": "17.36%", "2019-06-30": "17.88%", "2019-03-31": "17.86%", "2018-12-31": "17.56%", "2018-09-30": "16.81%", "2018-06-30": "16.00%", "2018-03-31": "15.30%", "2017-12-31": "15.20%", "2017-09-30": "15.51%", "2017-06-30": "15.47%", "2017-03-31": "15.57%", "2016-12-31": "15.66%", "2016-09-30": "15.73%", "2016-06-30": "15.17%", "2016-03-31": "15.15%", "2015-12-31": "14.64%", "2015-09-30": "14.66%", "2015-06-30": "15.55%", "2015-03-31": "15.67%", "2014-12-31": "15.55%", "2014-09-30": "15.52%", "2014-06-30": "15.37%", "2014-03-31": "15.32%", "2013-12-31": "15.04%", "2013-09-30": "15.10%", "2013-06-30": "15.27%", "2013-03-31": "15.50%", "2012-12-31": "16.41%", "2012-09-30": "16.39%", "2012-06-30": "16.61%", "2012-03-31": "16.02%", "2011-12-31": "15.82%", "2011-09-30": "15.99%", "2011-06-30": "16.00%", "2011-03-31": "17.14%", "2010-12-31": "18.49%", "2010-09-30": "19.03%", "2010-06-30": "18.87%", "2010-03-31": "17.97%", "2009-12-31": "16.56%", "2009-09-30": "16.83%", "2009-06-30": "18.82%", "2009-03-31": "21.43%", "2008-12-31": "24.60%", "2008-09-30": "25.19%", "2008-06-30": "25.72%", "2008-03-31": "26.23%", "2007-12-31": "25.36%", "2007-09-30": "27.03%", "2007-06-30": "27.36%", "2007-03-31": "26.19%", "2006-12-31": "26.18%", "2006-09-30": "25.55%", "2006-06-30": "25.14%", "2006-03-31": "26.02%", "2005-12-31": "25.83%"}, "return on assets": {"2020-12-31": "0.78%", "2020-09-30": "0.89%", "2020-06-30": "0.99%", "2020-03-31": "1.12%", "2019-12-31": "1.27%", "2019-09-30": "1.27%", "2019-06-30": "1.31%", "2019-03-31": "1.31%", "2018-12-31": "1.29%", "2018-09-30": "1.22%", "2018-06-30": "1.15%", "2018-03-31": "1.10%", "2017-12-31": "1.09%", "2017-09-30": "1.10%", "2017-06-30": "1.11%", "2017-03-31": "1.12%", "2016-12-31": "1.13%", "2016-09-30": "1.14%", "2016-06-30": "1.10%", "2016-03-31": "1.09%", "2015-12-31": "1.05%", "2015-09-30": "1.05%", "2015-06-30": "1.11%", "2015-03-31": "1.12%", "2014-12-31": "1.12%", "2014-09-30": "1.12%", "2014-06-30": "1.10%", "2014-03-31": "1.10%", "2013-12-31": "1.09%", "2013-09-30": "1.11%", "2013-06-30": "1.14%", "2013-03-31": "1.16%", "2012-12-31": "1.21%", "2012-09-30": "1.20%", "2012-06-30": "1.22%", "2012-03-31": "1.19%", "2011-12-31": "1.19%", "2011-09-30": "1.23%", "2011-06-30": "1.25%", "2011-03-31": "1.35%", "2010-12-31": "1.45%", "2010-09-30": "1.47%", "2010-06-30": "1.42%", "2010-03-31": "1.31%", "2009-12-31": "1.19%", "2009-09-30": "1.22%", "2009-06-30": "1.37%", "2009-03-31": "1.58%", "2008-12-31": "1.81%", "2008-09-30": "1.84%", "2008-06-30": "1.84%", "2008-03-31": "1.82%", "2007-12-31": "1.74%", "2007-09-30": "1.83%", "2007-06-30": "1.83%", "2007-03-31": "1.74%", "2006-12-31": "1.72%", "2006-09-30": "1.68%", "2006-06-30": "1.67%", "2006-03-31": "1.77%", "2005-12-31": "1.81%"}, "return on investments": {"2020-12-31": "13.36%", "2020-09-30": "15.16%", "2020-06-30": "16.65%", "2020-03-31": "18.42%", "2019-12-31": "20.61%", "2019-09-30": "20.06%", "2019-06-30": "20.14%", "2019-03-31": "19.49%", "2018-12-31": "18.61%", "2018-09-30": "18.06%", "2018-06-30": "17.62%", "2018-03-31": "17.42%", "2017-12-31": "18.07%", "2017-09-30": "18.06%", "2017-06-30": "17.99%", "2017-03-31": "18.03%", "2016-12-31": "18.42%", "2016-09-30": "18.64%", "2016-06-30": "17.91%", "2016-03-31": "18.26%", "2015-12-31": "17.73%", "2015-09-30": "18.19%", "2015-06-30": "19.75%", "2015-03-31": "19.87%", "2014-12-31": "19.39%", "2014-09-30": "19.07%", "2014-06-30": "18.57%", "2014-03-31": "18.31%", "2013-12-31": "18.14%", "2013-09-30": "18.71%", "2013-06-30": "19.88%", "2013-03-31": "21.09%", "2012-12-31": "22.71%", "2012-09-30": "22.68%", "2012-06-30": "22.71%", "2012-03-31": "21.63%", "2011-12-31": "21.91%", "2011-09-30": "21.95%", "2011-06-30": "21.59%", "2011-03-31": "23.49%", "2010-12-31": "24.82%", "2010-09-30": "26.61%", "2010-06-30": "26.68%", "2010-03-31": "24.73%", "2009-12-31": "23.31%", "2009-09-30": "22.21%", "2009-06-30": "22.16%", "2009-03-31": "25.38%", "2008-12-31": "27.19%", "2008-09-30": "27.65%", "2008-06-30": "29.91%", "2008-03-31": "29.63%", "2007-12-31": "29.28%", "2007-09-30": "29.95%", "2007-06-30": "30.19%", "2007-03-31": "30.45%", "2006-12-31": "30.52%", "2006-09-30": "30.88%", "2006-06-30": "30.42%", "2006-03-31": "30.15%", "2005-12-31": "29.98%"}, "return on tangible equity": {"2020-09-30": "13.31%", "2020-06-30": "14.61%", "2020-03-31": "16.26%", "2019-12-31": "18.41%", "2019-09-30": "18.15%", "2019-06-30": "18.71%", "2019-03-31": "18.69%", "2018-12-31": "18.39%", "2018-09-30": "17.60%", "2018-06-30": "16.76%", "2018-03-31": "16.03%", "2017-12-31": "15.94%", "2017-09-30": "16.27%", "2017-06-30": "16.22%", "2017-03-31": "16.32%", "2016-12-31": "16.42%", "2016-09-30": "16.50%", "2016-06-30": "15.92%", "2016-03-31": "15.93%", "2015-12-31": "15.41%", "2015-09-30": "15.45%", "2015-06-30": "16.41%", "2015-03-31": "16.55%", "2014-12-31": "16.46%", "2014-09-30": "16.45%", "2014-06-30": "16.32%", "2014-03-31": "16.29%", "2013-12-31": "15.98%", "2013-09-30": "16.03%", "2013-06-30": "16.19%", "2013-03-31": "16.41%", "2012-12-31": "17.37%", "2012-09-30": "17.35%", "2012-06-30": "17.59%", "2012-03-31": "16.97%", "2011-12-31": "16.76%", "2011-09-30": "16.94%", "2011-06-30": "16.95%", "2011-03-31": "18.16%", "2010-12-31": "19.60%", "2010-09-30": "20.22%", "2010-06-30": "20.13%", "2010-03-31": "19.24%", "2009-12-31": "17.77%", "2009-09-30": "18.10%", "2009-06-30": "20.31%", "2009-03-31": "23.22%", "2008-12-31": "26.72%", "2008-09-30": "27.45%", "2008-06-30": "28.09%", "2008-03-31": "28.68%", "2007-12-31": "27.77%", "2007-09-30": "29.54%", "2007-06-30": "29.82%", "2007-03-31": "28.47%", "2006-12-31": "28.39%", "2006-09-30": "27.72%", "2006-06-30": "27.26%", "2006-03-31": "28.17%", "2005-12-31": "27.95%"}, "dividend yield history": {"last payout": "$2.68", "last yield": "3.28%"}}