{"ticker": "BAX", "price": {"title": "Baxter Historical Annual Stock Price Data", "value": 77.3, "historical": {"2021": {"Average Stock Price": "79.4350", "Year Open": "80.1200", "Year High": "82.4700", "Year Low": "76.3800", "Year Close": "77.3000", "Annual % Change": "-3.66%"}, "2020": {"Average Stock Price": "84.1546", "Year Open": "85.8700", "Year High": "94.1400", "Year Low": "71.5700", "Year Close": "80.2400", "Annual % Change": "-4.04%"}, "2019": {"Average Stock Price": "79.7233", "Year Open": "65.3000", "Year High": "89.7800", "Year Low": "64.4800", "Year Close": "83.6200", "Annual % Change": "27.04%"}, "2018": {"Average Stock Price": "69.8944", "Year Open": "67.1700", "Year High": "77.8000", "Year Low": "61.4500", "Year Close": "65.8200", "Annual % Change": "1.83%"}, "2017": {"Average Stock Price": "58.0264", "Year Open": "44.4400", "Year High": "66.0500", "Year Low": "44.4400", "Year Close": "64.6400", "Annual % Change": "45.78%"}, "2016": {"Average Stock Price": "43.8994", "Year Open": "37.1700", "Year High": "49.1600", "Year Low": "34.7600", "Year Close": "44.3400", "Annual % Change": "16.23%"}, "2015": {"Average Stock Price": "52.9969", "Year Open": "73.3100", "Year High": "73.3100", "Year Low": "32.2700", "Year Close": "38.1500", "Annual % Change": "-47.95%"}, "2014": {"Average Stock Price": "72.2730", "Year Open": "69.1900", "Year High": "77.0000", "Year Low": "66.4900", "Year Close": "73.2900", "Annual % Change": "5.38%"}, "2013": {"Average Stock Price": "69.3542", "Year Open": "67.6500", "Year High": "74.4300", "Year Low": "63.8900", "Year Close": "69.5500", "Annual % Change": "4.34%"}, "2012": {"Average Stock Price": "58.0275", "Year Open": "50.5400", "Year High": "68.8100", "Year Low": "49.0300", "Year Close": "66.6600", "Annual % Change": "34.72%"}, "2011": {"Average Stock Price": "54.3502", "Year Open": "50.5500", "Year High": "62.4100", "Year Low": "47.6500", "Year Close": "49.4800", "Annual % Change": "-2.25%"}, "2010": {"Average Stock Price": "49.9003", "Year Open": "58.2900", "Year High": "61.7100", "Year Low": "40.4700", "Year Close": "50.6200", "Annual % Change": "-13.74%"}, "2009": {"Average Stock Price": "54.0204", "Year Open": "55.0800", "Year High": "60.5000", "Year Low": "46.4100", "Year Close": "58.6800", "Annual % Change": "9.50%"}, "2008": {"Average Stock Price": "61.4454", "Year Open": "57.7900", "Year High": "71.1500", "Year Low": "48.5000", "Year Close": "53.5900", "Annual % Change": "-7.68%"}, "2007": {"Average Stock Price": "54.7795", "Year Open": "46.5000", "Year High": "61.0900", "Year Low": "46.3300", "Year Close": "58.0500", "Annual % Change": "25.13%"}, "2006": {"Average Stock Price": "40.9353", "Year Open": "38.3600", "Year High": "47.2100", "Year Low": "35.4500", "Year Close": "46.3900", "Annual % Change": "23.21%"}, "2005": {"Average Stock Price": "37.2682", "Year Open": "34.6200", "Year High": "40.9500", "Year Low": "33.3700", "Year Close": "37.6500", "Annual % Change": "9.00%"}, "2004": {"Average Stock Price": "31.4834", "Year Open": "30.1700", "Year High": "34.5900", "Year Low": "28.7600", "Year Close": "34.5400", "Annual % Change": "13.17%"}, "2003": {"Average Stock Price": "26.5806", "Year Open": "28.6900", "Year High": "31.2000", "Year Low": "18.5600", "Year Close": "30.5200", "Annual % Change": "9.00%"}, "2002": {"Average Stock Price": "43.1442", "Year Open": "53.1000", "Year High": "59.6000", "Year Low": "24.2200", "Year Close": "28.0000", "Annual % Change": "-47.79%"}, "2001": {"Average Stock Price": "48.4272", "Year Open": "44.8150", "Year High": "55.5000", "Year Low": "40.7500", "Year Close": "53.6300", "Annual % Change": "21.46%"}, "2000": {"Average Stock Price": "35.8150", "Year Open": "30.6900", "Year High": "44.4400", "Year Low": "25.9050", "Year Close": "44.1550", "Annual % Change": "40.60%"}, "1999": {"Average Stock Price": "32.7239", "Year Open": "31.5950", "Year High": "37.9700", "Year Low": "29.3450", "Year Close": "31.4050", "Annual % Change": "-2.24%"}, "1998": {"Average Stock Price": "28.6442", "Year Open": "25.0650", "Year High": "33.0000", "Year Low": "24.3450", "Year Close": "32.1250", "Annual % Change": "27.38%"}, "1997": {"Average Stock Price": "25.1378", "Year Open": "20.3150", "Year High": "29.7500", "Year Low": "20.3150", "Year Close": "25.2200", "Annual % Change": "23.02%"}, "1996": {"Average Stock Price": "21.9332", "Year Open": "20.8100", "Year High": "23.9375", "Year Low": "20.0000", "Year Close": "20.5000", "Annual % Change": "-2.10%"}, "1995": {"Average Stock Price": "17.7909", "Year Open": "14.0650", "Year High": "21.2500", "Year Low": "13.5650", "Year Close": "20.9400", "Annual % Change": "46.95%"}, "1994": {"Average Stock Price": "12.7748", "Year Open": "12.1900", "Year High": "14.3150", "Year Low": "11.0000", "Year Close": "14.2500", "Annual % Change": "16.90%"}, "1993": {"Average Stock Price": "13.4814", "Year Open": "15.9400", "Year High": "15.9400", "Year Low": "10.1250", "Year Close": "12.1900", "Annual % Change": "-24.71%"}, "1992": {"Average Stock Price": "17.9988", "Year Open": "19.6250", "Year High": "20.0650", "Year Low": "15.3750", "Year Close": "16.1900", "Annual % Change": "-19.05%"}, "1991": {"Average Stock Price": "16.9144", "Year Open": "13.6900", "Year High": "20.1900", "Year Low": "12.8150", "Year Close": "20.0000", "Annual % Change": "43.47%"}, "1990": {"Average Stock Price": "12.3140", "Year Open": "12.7500", "Year High": "14.5000", "Year Low": "10.3150", "Year Close": "13.9400", "Annual % Change": "11.52%"}, "1989": {"Average Stock Price": "10.7476", "Year Open": "8.8100", "Year High": "12.8100", "Year Low": "8.8100", "Year Close": "12.5000", "Annual % Change": "41.88%"}, "1988": {"Average Stock Price": "10.3560", "Year Open": "11.6850", "Year High": "12.9350", "Year Low": "8.2500", "Year Close": "8.8100", "Annual % Change": "-22.55%"}, "1987": {"Average Stock Price": "12.1138", "Year Open": "9.5000", "Year High": "14.5600", "Year Low": "9.1850", "Year Close": "11.3750", "Annual % Change": "18.18%"}, "1986": {"Average Stock Price": "9.0744", "Year Open": "7.7500", "Year High": "10.5600", "Year Low": "7.6250", "Year Close": "9.6250", "Annual % Change": "22.22%"}, "1985": {"Average Stock Price": "7.3046", "Year Open": "6.5650", "Year High": "8.3100", "Year Low": "6.2500", "Year Close": "7.8750", "Annual % Change": "19.95%"}, "1984": {"Average Stock Price": "8.1495", "Year Open": "11.6250", "Year High": "12.2500", "Year Low": "6.0000", "Year Close": "6.5650", "Annual % Change": "-43.53%"}, "1983": {"Average Stock Price": "13.3763", "Year Open": "11.5925", "Year High": "15.6575", "Year Low": "10.6850", "Year Close": "11.6250", "Annual % Change": "-3.89%"}, "1982": {"Average Stock Price": "9.6983", "Year Open": "8.5625", "Year High": "12.6250", "Year Low": "7.8125", "Year Close": "12.0950", "Annual % Change": "44.42%"}}}, "market cap": {"value": "$39.49B"}, "income statement": {"Revenue": {"2020-12-31": "11673.00000", "2019-12-31": "11362.00000", "2018-12-31": "11099.00000", "2017-12-31": "10584.00000", "2016-12-31": "10163.00000", "2015-12-31": "9968.00000", "2014-12-31": "10719.00000", "2013-12-31": "9413.00000", "2012-12-31": "13936.00000", "2011-12-31": "13893.00000", "2010-12-31": "12843.00000", "2009-12-31": "12562.00000", "2008-12-31": "12348.00000", "2007-12-31": "11263.00000", "2006-12-31": "10378.00000", "2005-12-31": "9849.00000"}, "Cost Of Goods Sold": {"2020-12-31": "7086.00000", "2019-12-31": "6601.00000", "2018-12-31": "6340.00000", "2017-12-31": "6110.00000", "2016-12-31": "6047.00000", "2015-12-31": "5822.00000", "2014-12-31": "6138.00000", "2013-12-31": "5251.00000", "2012-12-31": "6802.00000", "2011-12-31": "6847.00000", "2010-12-31": "6885.00000", "2009-12-31": "6037.00000", "2008-12-31": "6218.00000", "2007-12-31": "5744.00000", "2006-12-31": "5641.00000", "2005-12-31": "5756.00000"}, "Gross Profit": {"2020-12-31": "4587.00000", "2019-12-31": "4761.00000", "2018-12-31": "4759.00000", "2017-12-31": "4474.00000", "2016-12-31": "4116.00000", "2015-12-31": "4146.00000", "2014-12-31": "4581.00000", "2013-12-31": "4162.00000", "2012-12-31": "7134.00000", "2011-12-31": "7046.00000", "2010-12-31": "5958.00000", "2009-12-31": "6525.00000", "2008-12-31": "6130.00000", "2007-12-31": "5519.00000", "2006-12-31": "4737.00000", "2005-12-31": "4093.00000"}, "Research And Development Expenses": {"2020-12-31": "521.00000", "2019-12-31": "595.00000", "2018-12-31": "654.00000", "2017-12-31": "615.00000", "2016-12-31": "646.00000", "2015-12-31": "603.00000", "2014-12-31": "610.00000", "2013-12-31": "582.00000", "2012-12-31": "1081.00000", "2011-12-31": "946.00000", "2010-12-31": "915.00000", "2009-12-31": "917.00000", "2008-12-31": "868.00000", "2007-12-31": "760.00000", "2006-12-31": "614.00000", "2005-12-31": "533.00000"}, "SG&A Expenses": {"2020-12-31": "2469.00000", "2019-12-31": "2535.00000", "2018-12-31": "2620.00000", "2017-12-31": "2627.00000", "2016-12-31": "2725.00000", "2015-12-31": "3094.00000", "2014-12-31": "3315.00000", "2013-12-31": "3084.00000", "2012-12-31": "3283.00000", "2011-12-31": "3154.00000", "2010-12-31": "2907.00000", "2009-12-31": "2731.00000", "2008-12-31": "2698.00000", "2007-12-31": "2521.00000", "2006-12-31": "2282.00000", "2005-12-31": "2030.00000"}, "Other Operating Income Or Expenses": {"2020-12-31": "19.00000", "2019-12-31": "141.00000", "2018-12-31": "99.00000", "2017-12-31": "56.00000", "2016-12-31": "0.00000", "2015-12-31": "", "2014-12-31": "", "2013-12-31": "", "2012-12-31": "", "2011-12-31": "", "2010-12-31": "", "2009-12-31": "", "2008-12-31": "", "2007-12-31": "", "2006-12-31": "", "2005-12-31": ""}, "Operating Expenses": {"2020-12-31": "10057.00000", "2019-12-31": "9590.00000", "2018-12-31": "9515.00000", "2017-12-31": "9296.00000", "2016-12-31": "9418.00000", "2015-12-31": "9519.00000", "2014-12-31": "10063.00000", "2013-12-31": "8917.00000", "2012-12-31": "11166.00000", "2011-12-31": "10947.00000", "2010-12-31": "10707.00000", "2009-12-31": "9685.00000", "2008-12-31": "9784.00000", "2007-12-31": "9025.00000", "2006-12-31": "8537.00000", "2005-12-31": "8319.00000"}, "Operating Income": {"2020-12-31": "1616.00000", "2019-12-31": "1772.00000", "2018-12-31": "1584.00000", "2017-12-31": "1288.00000", "2016-12-31": "745.00000", "2015-12-31": "449.00000", "2014-12-31": "656.00000", "2013-12-31": "496.00000", "2012-12-31": "2770.00000", "2011-12-31": "2946.00000", "2010-12-31": "2136.00000", "2009-12-31": "2877.00000", "2008-12-31": "2564.00000", "2007-12-31": "2238.00000", "2006-12-31": "1841.00000", "2005-12-31": "1530.00000"}, "Total Non-Operating Income/Expense": {"2020-12-31": "-324.00000", "2019-12-31": "-802.00000", "2018-12-31": "33.00000", "2017-12-31": "-188.00000", "2016-12-31": "4209.00000", "2015-12-31": "-21.00000", "2014-12-31": "-166.00000", "2013-12-31": "-121.00000", "2012-12-31": "68.00000", "2011-12-31": "-137.00000", "2010-12-31": "-246.00000", "2009-12-31": "-143.00000", "2008-12-31": "-102.00000", "2007-12-31": "-110.00000", "2006-12-31": "-95.00000", "2005-12-31": "-86.00000"}, "Pre-Tax Income": {"2020-12-31": "1292.00000", "2019-12-31": "970.00000", "2018-12-31": "1617.00000", "2017-12-31": "1100.00000", "2016-12-31": "4954.00000", "2015-12-31": "428.00000", "2014-12-31": "490.00000", "2013-12-31": "375.00000", "2012-12-31": "2838.00000", "2011-12-31": "2809.00000", "2010-12-31": "1890.00000", "2009-12-31": "2734.00000", "2008-12-31": "2462.00000", "2007-12-31": "2128.00000", "2006-12-31": "1746.00000", "2005-12-31": "1444.00000"}, "Income Taxes": {"2020-12-31": "182.00000", "2019-12-31": "-41.00000", "2018-12-31": "65.00000", "2017-12-31": "491.00000", "2016-12-31": "-12.00000", "2015-12-31": "35.00000", "2014-12-31": "33.00000", "2013-12-31": "60.00000", "2012-12-31": "555.00000", "2011-12-31": "553.00000", "2010-12-31": "463.00000", "2009-12-31": "519.00000", "2008-12-31": "437.00000", "2007-12-31": "407.00000", "2006-12-31": "348.00000", "2005-12-31": "486.00000"}, "Income After Taxes": {"2020-12-31": "1110.00000", "2019-12-31": "1011.00000", "2018-12-31": "1552.00000", "2017-12-31": "609.00000", "2016-12-31": "4966.00000", "2015-12-31": "393.00000", "2014-12-31": "457.00000", "2013-12-31": "315.00000", "2012-12-31": "2283.00000", "2011-12-31": "2256.00000", "2010-12-31": "1427.00000", "2009-12-31": "2215.00000", "2008-12-31": "2025.00000", "2007-12-31": "1721.00000", "2006-12-31": "1398.00000", "2005-12-31": "958.00000"}, "Other Income": {"2020-12-31": "", "2019-12-31": "", "2018-12-31": "", "2017-12-31": "", "2016-12-31": "", "2015-12-31": "", "2014-12-31": "", "2013-12-31": "", "2012-12-31": "", "2011-12-31": "", "2010-12-31": "", "2009-12-31": "", "2008-12-31": "", "2007-12-31": "", "2006-12-31": "", "2005-12-31": ""}, "Income From Continuous Operations": {"2020-12-31": "1110.00000", "2019-12-31": "1011.00000", "2018-12-31": "1552.00000", "2017-12-31": "609.00000", "2016-12-31": "4966.00000", "2015-12-31": "393.00000", "2014-12-31": "457.00000", "2013-12-31": "315.00000", "2012-12-31": "2283.00000", "2011-12-31": "2256.00000", "2010-12-31": "1427.00000", "2009-12-31": "2215.00000", "2008-12-31": "2025.00000", "2007-12-31": "1721.00000", "2006-12-31": "1398.00000", "2005-12-31": "958.00000"}, "Income From Discontinued Operations": {"2020-12-31": "", "2019-12-31": "", "2018-12-31": "-6.00000", "2017-12-31": "-7.00000", "2016-12-31": "-1.00000", "2015-12-31": "575.00000", "2014-12-31": "2040.00000", "2013-12-31": "1697.00000", "2012-12-31": "43.00000", "2011-12-31": "", "2010-12-31": "", "2009-12-31": "", "2008-12-31": "", "2007-12-31": "", "2006-12-31": "-1.00000", "2005-12-31": "-2.00000"}, "Net Income": {"2020-12-31": "1102.00000", "2019-12-31": "1001.00000", "2018-12-31": "1546.00000", "2017-12-31": "602.00000", "2016-12-31": "4965.00000", "2015-12-31": "968.00000", "2014-12-31": "2497.00000", "2013-12-31": "2012.00000", "2012-12-31": "2326.00000", "2011-12-31": "2224.00000", "2010-12-31": "1420.00000", "2009-12-31": "2205.00000", "2008-12-31": "2014.00000", "2007-12-31": "1707.00000", "2006-12-31": "1397.00000", "2005-12-31": "956.00000"}, "EBITDA": {"2020-12-31": "1616.00000", "2019-12-31": "2592.00000", "2018-12-31": "2355.00000", "2017-12-31": "2038.00000", "2016-12-31": "1545.00000", "2015-12-31": "1208.00000", "2014-12-31": "1448.00000", "2013-12-31": "1131.00000", "2012-12-31": "3482.00000", "2011-12-31": "3616.00000", "2010-12-31": "2821.00000", "2009-12-31": "3515.00000", "2008-12-31": "3195.00000", "2007-12-31": "2819.00000", "2006-12-31": "2416.00000", "2005-12-31": "2110.00000"}, "EBIT": {"2020-12-31": "1616.00000", "2019-12-31": "1772.00000", "2018-12-31": "1584.00000", "2017-12-31": "1288.00000", "2016-12-31": "745.00000", "2015-12-31": "449.00000", "2014-12-31": "656.00000", "2013-12-31": "496.00000", "2012-12-31": "2770.00000", "2011-12-31": "2946.00000", "2010-12-31": "2136.00000", "2009-12-31": "2877.00000", "2008-12-31": "2564.00000", "2007-12-31": "2238.00000", "2006-12-31": "1841.00000", "2005-12-31": "1530.00000"}, "Basic Shares Outstanding": {"2020-12-31": "509.00000", "2019-12-31": "509.00000", "2018-12-31": "534.00000", "2017-12-31": "543.00000", "2016-12-31": "546.00000", "2015-12-31": "545.00000", "2014-12-31": "542.00000", "2013-12-31": "543.00000", "2012-12-31": "551.00000", "2011-12-31": "569.00000", "2010-12-31": "590.00000", "2009-12-31": "607.00000", "2008-12-31": "625.00000", "2007-12-31": "644.00000", "2006-12-31": "651.00000", "2005-12-31": "622.00000"}, "Shares Outstanding": {"2020-12-31": "517.00000", "2019-12-31": "519.00000", "2018-12-31": "546.00000", "2017-12-31": "555.00000", "2016-12-31": "551.00000", "2015-12-31": "549.00000", "2014-12-31": "547.00000", "2013-12-31": "549.00000", "2012-12-31": "556.00000", "2011-12-31": "573.00000", "2010-12-31": "594.00000", "2009-12-31": "614.00000", "2008-12-31": "637.00000", "2007-12-31": "654.00000", "2006-12-31": "656.00000", "2005-12-31": "629.00000"}, "Basic EPS": {"2020-12-31": "2.17000", "2019-12-31": "1.97000", "2018-12-31": "2.90000", "2017-12-31": "1.11000", "2016-12-31": "9.09000", "2015-12-31": "1.78000", "2014-12-31": "4.61000", "2013-12-31": "3.70000", "2012-12-31": "4.22000", "2011-12-31": "3.91000", "2010-12-31": "2.41000", "2009-12-31": "3.63000", "2008-12-31": "3.22000", "2007-12-31": "2.65000", "2006-12-31": "2.15000", "2005-12-31": "1.54000"}, "EPS - Earnings Per Share": {"2020-12-31": "2.13000", "2019-12-31": "1.93000", "2018-12-31": "2.83000", "2017-12-31": "1.08000", "2016-12-31": "9.01000", "2015-12-31": "1.76000", "2014-12-31": "4.56000", "2013-12-31": "3.66000", "2012-12-31": "4.18000", "2011-12-31": "3.88000", "2010-12-31": "2.39000", "2009-12-31": "3.59000", "2008-12-31": "3.16000", "2007-12-31": "2.61000", "2006-12-31": "2.13000", "2005-12-31": "1.52000"}}, "income statement, quarterly": {"Revenue": {"2020-12-31": "3181.00000", "2020-09-30": "2972.00000", "2020-06-30": "2718.00000", "2020-03-31": "2802.00000", "2019-12-31": "3039.00000", "2019-09-30": "2851.00000", "2019-06-30": "2834.00000", "2019-03-31": "2638.00000", "2018-12-31": "2819.00000", "2018-09-30": "2761.00000", "2018-06-30": "2842.00000", "2018-03-31": "2677.00000", "2017-12-31": "2797.00000", "2017-09-30": "2707.00000", "2017-06-30": "2605.00000", "2017-03-31": "2475.00000", "2016-12-31": "2645.00000", "2016-09-30": "2558.00000", "2016-06-30": "2585.00000", "2016-03-31": "2375.00000", "2015-12-31": "2603.00000", "2015-09-30": "2487.00000", "2015-06-30": "2475.00000", "2015-03-31": "2403.00000", "2014-12-31": "2789.00000", "2014-09-30": "2709.00000", "2014-06-30": "4154.00000", "2014-03-31": "3848.00000", "2013-12-31": "4322.00000", "2013-09-30": "3710.00000", "2013-06-30": "3669.00000", "2013-03-31": "3448.00000", "2012-12-31": "3499.00000", "2012-09-30": "3477.00000", "2012-06-30": "3572.00000", "2012-03-31": "3388.00000", "2011-12-31": "3594.00000", "2011-09-30": "3479.00000", "2011-06-30": "3536.00000", "2011-03-31": "3284.00000", "2010-12-31": "3498.00000", "2010-09-30": "3224.00000", "2010-06-30": "3194.00000", "2010-03-31": "2927.00000", "2009-12-31": "3470.00000", "2009-09-30": "3145.00000", "2009-06-30": "3123.00000", "2009-03-31": "2824.00000", "2008-12-31": "3131.00000", "2008-09-30": "3151.00000", "2008-06-30": "3189.00000", "2008-03-31": "2877.00000", "2007-12-31": "3009.00000", "2007-09-30": "2750.00000", "2007-06-30": "2829.00000", "2007-03-31": "2675.00000", "2006-12-31": "2763.00000", "2006-09-30": "2557.00000", "2006-06-30": "2649.00000", "2006-03-31": "2409.00000", "2005-12-31": "2491.00000", "2005-09-30": "2398.00000", "2005-06-30": "2577.00000", "2005-03-31": "2383.00000"}, "Cost Of Goods Sold": {"2020-12-31": "1990.00000", "2020-09-30": "1777.00000", "2020-06-30": "1680.00000", "2020-03-31": "1639.00000", "2019-12-31": "1741.00000", "2019-09-30": "1621.00000", "2019-06-30": "1681.00000", "2019-03-31": "1558.00000", "2018-12-31": "1645.00000", "2018-09-30": "1529.00000", "2018-06-30": "1603.00000", "2018-03-31": "1563.00000", "2017-12-31": "1629.00000", "2017-09-30": "1577.00000", "2017-06-30": "1473.00000", "2017-03-31": "1431.00000", "2016-12-31": "1537.00000", "2016-09-30": "1487.00000", "2016-06-30": "1613.00000", "2016-03-31": "1410.00000", "2015-12-31": "1531.00000", "2015-09-30": "1453.00000", "2015-06-30": "1454.00000", "2015-03-31": "1384.00000", "2014-12-31": "1582.00000", "2014-09-30": "1516.00000", "2014-06-30": "2185.00000", "2014-03-31": "1957.00000", "2013-12-31": "2326.00000", "2013-09-30": "1804.00000", "2013-06-30": "1730.00000", "2013-03-31": "1692.00000", "2012-12-31": "1761.00000", "2012-09-30": "1667.00000", "2012-06-30": "1700.00000", "2012-03-31": "1674.00000", "2011-12-31": "1829.00000", "2011-09-30": "1708.00000", "2011-06-30": "1701.00000", "2011-03-31": "1609.00000", "2010-12-31": "1880.00000", "2010-09-30": "1565.00000", "2010-06-30": "1556.00000", "2010-03-31": "1884.00000", "2009-12-31": "1703.00000", "2009-09-30": "1513.00000", "2009-06-30": "1485.00000", "2009-03-31": "1336.00000", "2008-12-31": "1529.00000", "2008-09-30": "1630.00000", "2008-06-30": "1562.00000", "2008-03-31": "1497.00000", "2007-12-31": "1524.00000", "2007-09-30": "1374.00000", "2007-06-30": "1437.00000", "2007-03-31": "1409.00000", "2006-12-31": "1448.00000", "2006-09-30": "1342.00000", "2006-06-30": "1494.00000", "2006-03-31": "1357.00000", "2005-12-31": "1413.00000", "2005-09-30": "1388.00000", "2005-06-30": "1541.00000", "2005-03-31": "1414.00000"}, "Gross Profit": {"2020-12-31": "1191.00000", "2020-09-30": "1195.00000", "2020-06-30": "1038.00000", "2020-03-31": "1163.00000", "2019-12-31": "1298.00000", "2019-09-30": "1230.00000", "2019-06-30": "1153.00000", "2019-03-31": "1080.00000", "2018-12-31": "1174.00000", "2018-09-30": "1232.00000", "2018-06-30": "1239.00000", "2018-03-31": "1114.00000", "2017-12-31": "1168.00000", "2017-09-30": "1130.00000", "2017-06-30": "1132.00000", "2017-03-31": "1044.00000", "2016-12-31": "1108.00000", "2016-09-30": "1071.00000", "2016-06-30": "972.00000", "2016-03-31": "965.00000", "2015-12-31": "1072.00000", "2015-09-30": "1034.00000", "2015-06-30": "1021.00000", "2015-03-31": "1019.00000", "2014-12-31": "1207.00000", "2014-09-30": "1193.00000", "2014-06-30": "1969.00000", "2014-03-31": "1891.00000", "2013-12-31": "1996.00000", "2013-09-30": "1906.00000", "2013-06-30": "1939.00000", "2013-03-31": "1756.00000", "2012-12-31": "1738.00000", "2012-09-30": "1810.00000", "2012-06-30": "1872.00000", "2012-03-31": "1714.00000", "2011-12-31": "1765.00000", "2011-09-30": "1771.00000", "2011-06-30": "1835.00000", "2011-03-31": "1675.00000", "2010-12-31": "1618.00000", "2010-09-30": "1659.00000", "2010-06-30": "1638.00000", "2010-03-31": "1043.00000", "2009-12-31": "1767.00000", "2009-09-30": "1632.00000", "2009-06-30": "1638.00000", "2009-03-31": "1488.00000", "2008-12-31": "1602.00000", "2008-09-30": "1521.00000", "2008-06-30": "1627.00000", "2008-03-31": "1380.00000", "2007-12-31": "1485.00000", "2007-09-30": "1376.00000", "2007-06-30": "1392.00000", "2007-03-31": "1266.00000", "2006-12-31": "1315.00000", "2006-09-30": "1215.00000", "2006-06-30": "1155.00000", "2006-03-31": "1052.00000", "2005-12-31": "1078.00000", "2005-09-30": "1010.00000", "2005-06-30": "1036.00000", "2005-03-31": "969.00000"}, "Research And Development Expenses": {"2020-12-31": "135.00000", "2020-09-30": "123.00000", "2020-06-30": "117.00000", "2020-03-31": "146.00000", "2019-12-31": "156.00000", "2019-09-30": "144.00000", "2019-06-30": "166.00000", "2019-03-31": "129.00000", "2018-12-31": "174.00000", "2018-09-30": "166.00000", "2018-06-30": "174.00000", "2018-03-31": "140.00000", "2017-12-31": "183.00000", "2017-09-30": "150.00000", "2017-06-30": "155.00000", "2017-03-31": "127.00000", "2016-12-31": "156.00000", "2016-09-30": "159.00000", "2016-06-30": "195.00000", "2016-03-31": "136.00000", "2015-12-31": "161.00000", "2015-09-30": "148.00000", "2015-06-30": "151.00000", "2015-03-31": "143.00000", "2014-12-31": "156.00000", "2014-09-30": "149.00000", "2014-06-30": "322.00000", "2014-03-31": "309.00000", "2013-12-31": "396.00000", "2013-09-30": "277.00000", "2013-06-30": "273.00000", "2013-03-31": "246.00000", "2012-12-31": "216.00000", "2012-09-30": "290.00000", "2012-06-30": "306.00000", "2012-03-31": "269.00000", "2011-12-31": "254.00000", "2011-09-30": "239.00000", "2011-06-30": "239.00000", "2011-03-31": "214.00000", "2010-12-31": "262.00000", "2010-09-30": "207.00000", "2010-06-30": "219.00000", "2010-03-31": "227.00000", "2009-12-31": "246.00000", "2009-09-30": "228.00000", "2009-06-30": "231.00000", "2009-03-31": "212.00000", "2008-12-31": "226.00000", "2008-09-30": "230.00000", "2008-06-30": "222.00000", "2008-03-31": "190.00000", "2007-12-31": "221.00000", "2007-09-30": "203.00000", "2007-06-30": "177.00000", "2007-03-31": "159.00000", "2006-12-31": "181.00000", "2006-09-30": "149.00000", "2006-06-30": "146.00000", "2006-03-31": "138.00000", "2005-12-31": "134.00000", "2005-09-30": "133.00000", "2005-06-30": "133.00000", "2005-03-31": "133.00000"}, "SG&A Expenses": {"2020-12-31": "650.00000", "2020-09-30": "601.00000", "2020-06-30": "590.00000", "2020-03-31": "628.00000", "2019-12-31": "666.00000", "2019-09-30": "627.00000", "2019-06-30": "641.00000", "2019-03-31": "601.00000", "2018-12-31": "633.00000", "2018-09-30": "684.00000", "2018-06-30": "681.00000", "2018-03-31": "622.00000", "2017-12-31": "753.00000", "2017-09-30": "680.00000", "2017-06-30": "630.00000", "2017-03-31": "564.00000", "2016-12-31": "649.00000", "2016-09-30": "726.00000", "2016-06-30": "709.00000", "2016-03-31": "641.00000", "2015-12-31": "733.00000", "2015-09-30": "794.00000", "2015-06-30": "783.00000", "2015-03-31": "784.00000", "2014-12-31": "860.00000", "2014-09-30": "827.00000", "2014-06-30": "988.00000", "2014-03-31": "910.00000", "2013-12-31": "1054.00000", "2013-09-30": "975.00000", "2013-06-30": "838.00000", "2013-03-31": "795.00000", "2012-12-31": "999.00000", "2012-09-30": "743.00000", "2012-06-30": "789.00000", "2012-03-31": "752.00000", "2011-12-31": "886.00000", "2011-09-30": "787.00000", "2011-06-30": "765.00000", "2011-03-31": "716.00000", "2010-12-31": "833.00000", "2010-09-30": "670.00000", "2010-06-30": "721.00000", "2010-03-31": "683.00000", "2009-12-31": "788.00000", "2009-09-30": "672.00000", "2009-06-30": "660.00000", "2009-03-31": "611.00000", "2008-12-31": "674.00000", "2008-09-30": "681.00000", "2008-06-30": "703.00000", "2008-03-31": "640.00000", "2007-12-31": "654.00000", "2007-09-30": "663.00000", "2007-06-30": "621.00000", "2007-03-31": "583.00000", "2006-12-31": "612.00000", "2006-09-30": "562.00000", "2006-06-30": "582.00000", "2006-03-31": "526.00000", "2005-12-31": "519.00000", "2005-09-30": "491.00000", "2005-06-30": "537.00000", "2005-03-31": "483.00000"}, "Other Operating Income Or Expenses": {"2020-12-31": "", "2020-09-30": "-1.00000", "2020-06-30": "", "2020-03-31": "20.00000", "2019-12-31": "60.00000", "2019-09-30": "44.00000", "2019-06-30": "4.00000", "2019-03-31": "33.00000", "2018-12-31": "19.00000", "2018-09-30": "", "2018-06-30": "", "2018-03-31": "80.00000", "2017-12-31": "", "2017-09-30": "", "2017-06-30": "", "2017-03-31": "", "2016-12-31": "", "2016-09-30": "", "2016-06-30": "", "2016-03-31": "", "2015-12-31": "", "2015-09-30": "", "2015-06-30": "", "2015-03-31": "", "2014-12-31": "", "2014-09-30": "", "2014-06-30": "", "2014-03-31": "", "2013-12-31": "", "2013-09-30": "", "2013-06-30": "", "2013-03-31": "", "2012-12-31": "", "2012-09-30": "", "2012-06-30": "", "2012-03-31": "", "2011-12-31": "", "2011-09-30": "", "2011-06-30": "", "2011-03-31": "", "2010-12-31": "", "2010-09-30": "", "2010-06-30": "", "2010-03-31": "", "2009-12-31": "", "2009-09-30": "", "2009-06-30": "", "2009-03-31": "", "2008-12-31": "", "2008-09-30": "", "2008-06-30": "", "2008-03-31": "", "2007-12-31": "", "2007-09-30": "", "2007-06-30": "", "2007-03-31": "", "2006-12-31": "", "2006-09-30": "", "2006-06-30": "", "2006-03-31": "", "2005-12-31": "", "2005-09-30": "", "2005-06-30": "", "2005-03-31": ""}, "Operating Expenses": {"2020-12-31": "2775.00000", "2020-09-30": "2502.00000", "2020-06-30": "2387.00000", "2020-03-31": "2393.00000", "2019-12-31": "2503.00000", "2019-09-30": "2348.00000", "2019-06-30": "2484.00000", "2019-03-31": "2255.00000", "2018-12-31": "2433.00000", "2018-09-30": "2379.00000", "2018-06-30": "2458.00000", "2018-03-31": "2245.00000", "2017-12-31": "2509.00000", "2017-09-30": "2407.00000", "2017-06-30": "2258.00000", "2017-03-31": "2122.00000", "2016-12-31": "2342.00000", "2016-09-30": "2372.00000", "2016-06-30": "2517.00000", "2016-03-31": "2187.00000", "2015-12-31": "2425.00000", "2015-09-30": "2395.00000", "2015-06-30": "2388.00000", "2015-03-31": "2311.00000", "2014-12-31": "2598.00000", "2014-09-30": "2492.00000", "2014-06-30": "3495.00000", "2014-03-31": "3176.00000", "2013-12-31": "3776.00000", "2013-09-30": "3056.00000", "2013-06-30": "2841.00000", "2013-03-31": "2733.00000", "2012-12-31": "2976.00000", "2012-09-30": "2700.00000", "2012-06-30": "2795.00000", "2012-03-31": "2695.00000", "2011-12-31": "2969.00000", "2011-09-30": "2734.00000", "2011-06-30": "2705.00000", "2011-03-31": "2539.00000", "2010-12-31": "2975.00000", "2010-09-30": "2442.00000", "2010-06-30": "2496.00000", "2010-03-31": "2794.00000", "2009-12-31": "2737.00000", "2009-09-30": "2413.00000", "2009-06-30": "2376.00000", "2009-03-31": "2159.00000", "2008-12-31": "2429.00000", "2008-09-30": "2541.00000", "2008-06-30": "2487.00000", "2008-03-31": "2327.00000", "2007-12-31": "2399.00000", "2007-09-30": "2240.00000", "2007-06-30": "2235.00000", "2007-03-31": "2151.00000", "2006-12-31": "2241.00000", "2006-09-30": "2053.00000", "2006-06-30": "2222.00000", "2006-03-31": "2021.00000", "2005-12-31": "2066.00000", "2005-09-30": "2012.00000", "2005-06-30": "2211.00000", "2005-03-31": "2030.00000"}, "Operating Income": {"2020-12-31": "406.00000", "2020-09-30": "470.00000", "2020-06-30": "331.00000", "2020-03-31": "409.00000", "2019-12-31": "536.00000", "2019-09-30": "503.00000", "2019-06-30": "350.00000", "2019-03-31": "383.00000", "2018-12-31": "386.00000", "2018-09-30": "382.00000", "2018-06-30": "384.00000", "2018-03-31": "432.00000", "2017-12-31": "288.00000", "2017-09-30": "300.00000", "2017-06-30": "347.00000", "2017-03-31": "353.00000", "2016-12-31": "303.00000", "2016-09-30": "186.00000", "2016-06-30": "68.00000", "2016-03-31": "188.00000", "2015-12-31": "178.00000", "2015-09-30": "92.00000", "2015-06-30": "87.00000", "2015-03-31": "92.00000", "2014-12-31": "191.00000", "2014-09-30": "217.00000", "2014-06-30": "659.00000", "2014-03-31": "672.00000", "2013-12-31": "546.00000", "2013-09-30": "654.00000", "2013-06-30": "828.00000", "2013-03-31": "715.00000", "2012-12-31": "523.00000", "2012-09-30": "777.00000", "2012-06-30": "777.00000", "2012-03-31": "693.00000", "2011-12-31": "625.00000", "2011-09-30": "745.00000", "2011-06-30": "831.00000", "2011-03-31": "745.00000", "2010-12-31": "523.00000", "2010-09-30": "782.00000", "2010-06-30": "698.00000", "2010-03-31": "133.00000", "2009-12-31": "733.00000", "2009-09-30": "732.00000", "2009-06-30": "747.00000", "2009-03-31": "665.00000", "2008-12-31": "702.00000", "2008-09-30": "610.00000", "2008-06-30": "702.00000", "2008-03-31": "550.00000", "2007-12-31": "610.00000", "2007-09-30": "510.00000", "2007-06-30": "594.00000", "2007-03-31": "524.00000", "2006-12-31": "522.00000", "2006-09-30": "504.00000", "2006-06-30": "427.00000", "2006-03-31": "388.00000", "2005-12-31": "425.00000", "2005-09-30": "386.00000", "2005-06-30": "366.00000", "2005-03-31": "353.00000"}, "Total Non-Operating Income/Expense": {"2020-12-31": "-196.00000", "2020-09-30": "-55.00000", "2020-06-30": "-42.00000", "2020-03-31": "-31.00000", "2019-12-31": "-759.00000", "2019-09-30": "-22.00000", "2019-06-30": "-24.00000", "2019-03-31": "3.00000", "2018-12-31": "17.00000", "2018-09-30": "-10.00000", "2018-06-30": "20.00000", "2018-03-31": "6.00000", "2017-12-31": "-112.00000", "2017-09-30": "-10.00000", "2017-06-30": "-41.00000", "2017-03-31": "-25.00000", "2016-12-31": "-24.00000", "2016-09-30": "-58.00000", "2016-06-30": "1150.00000", "2016-03-31": "3141.00000", "2015-12-31": "27.00000", "2015-09-30": "-125.00000", "2015-06-30": "21.00000", "2015-03-31": "56.00000", "2014-12-31": "-82.00000", "2014-09-30": "-15.00000", "2014-06-30": "-57.00000", "2014-03-31": "-19.00000", "2013-12-31": "-41.00000", "2013-09-30": "10.00000", "2013-06-30": "-85.00000", "2013-03-31": "-22.00000", "2012-12-31": "", "2012-09-30": "-11.00000", "2012-06-30": "40.00000", "2012-03-31": "39.00000", "2011-12-31": "-77.00000", "2011-09-30": "-18.00000", "2011-06-30": "-28.00000", "2011-03-31": "-14.00000", "2010-12-31": "-56.00000", "2010-09-30": "-141.00000", "2010-06-30": "-28.00000", "2010-03-31": "-21.00000", "2009-12-31": "-18.00000", "2009-09-30": "-74.00000", "2009-06-30": "-23.00000", "2009-03-31": "-28.00000", "2008-12-31": "-15.00000", "2008-09-30": "-48.00000", "2008-06-30": "-26.00000", "2008-03-31": "-13.00000", "2007-12-31": "-2.00000", "2007-09-30": "-27.00000", "2007-06-30": "-86.00000", "2007-03-31": "5.00000", "2006-12-31": "-7.00000", "2006-09-30": "-25.00000", "2006-06-30": "-29.00000", "2006-03-31": "-34.00000", "2005-12-31": "-41.00000", "2005-09-30": "-36.00000", "2005-06-30": "46.00000", "2005-03-31": "-55.00000"}, "Pre-Tax Income": {"2020-12-31": "210.00000", "2020-09-30": "415.00000", "2020-06-30": "289.00000", "2020-03-31": "378.00000", "2019-12-31": "-223.00000", "2019-09-30": "481.00000", "2019-06-30": "326.00000", "2019-03-31": "386.00000", "2018-12-31": "403.00000", "2018-09-30": "372.00000", "2018-06-30": "404.00000", "2018-03-31": "438.00000", "2017-12-31": "176.00000", "2017-09-30": "290.00000", "2017-06-30": "306.00000", "2017-03-31": "328.00000", "2016-12-31": "279.00000", "2016-09-30": "128.00000", "2016-06-30": "1218.00000", "2016-03-31": "3329.00000", "2015-12-31": "205.00000", "2015-09-30": "-33.00000", "2015-06-30": "108.00000", "2015-03-31": "148.00000", "2014-12-31": "109.00000", "2014-09-30": "202.00000", "2014-06-30": "602.00000", "2014-03-31": "653.00000", "2013-12-31": "524.00000", "2013-09-30": "664.00000", "2013-06-30": "743.00000", "2013-03-31": "693.00000", "2012-12-31": "523.00000", "2012-09-30": "766.00000", "2012-06-30": "817.00000", "2012-03-31": "732.00000", "2011-12-31": "548.00000", "2011-09-30": "727.00000", "2011-06-30": "803.00000", "2011-03-31": "731.00000", "2010-12-31": "467.00000", "2010-09-30": "641.00000", "2010-06-30": "670.00000", "2010-03-31": "112.00000", "2009-12-31": "715.00000", "2009-09-30": "658.00000", "2009-06-30": "724.00000", "2009-03-31": "637.00000", "2008-12-31": "687.00000", "2008-09-30": "562.00000", "2008-06-30": "676.00000", "2008-03-31": "537.00000", "2007-12-31": "608.00000", "2007-09-30": "483.00000", "2007-06-30": "508.00000", "2007-03-31": "529.00000", "2006-12-31": "515.00000", "2006-09-30": "479.00000", "2006-06-30": "398.00000", "2006-03-31": "354.00000", "2005-12-31": "384.00000", "2005-09-30": "350.00000", "2005-06-30": "412.00000", "2005-03-31": "298.00000"}, "Income Taxes": {"2020-12-31": "39.00000", "2020-09-30": "56.00000", "2020-06-30": "42.00000", "2020-03-31": "45.00000", "2019-12-31": "-204.00000", "2019-09-30": "106.00000", "2019-06-30": "13.00000", "2019-03-31": "44.00000", "2018-12-31": "101.00000", "2018-09-30": "-146.00000", "2018-06-30": "61.00000", "2018-03-31": "49.00000", "2017-12-31": "352.00000", "2017-09-30": "42.00000", "2017-06-30": "42.00000", "2017-03-31": "55.00000", "2016-12-31": "39.00000", "2016-09-30": "1.00000", "2016-06-30": "6.00000", "2016-03-31": "-58.00000", "2015-12-31": "15.00000", "2015-09-30": "-35.00000", "2015-06-30": "34.00000", "2015-03-31": "14.00000", "2014-12-31": "-18.00000", "2014-09-30": "27.00000", "2014-06-30": "134.00000", "2014-03-31": "146.00000", "2013-12-31": "115.00000", "2013-09-30": "136.00000", "2013-06-30": "153.00000", "2013-03-31": "141.00000", "2012-12-31": "72.00000", "2012-09-30": "183.00000", "2012-06-30": "156.00000", "2012-03-31": "144.00000", "2011-12-31": "76.00000", "2011-09-30": "149.00000", "2011-06-30": "174.00000", "2011-03-31": "154.00000", "2010-12-31": "41.00000", "2010-09-30": "117.00000", "2010-06-30": "133.00000", "2010-03-31": "172.00000", "2009-12-31": "139.00000", "2009-09-30": "126.00000", "2009-06-30": "135.00000", "2009-03-31": "119.00000", "2008-12-31": "118.00000", "2008-09-30": "86.00000", "2008-06-30": "128.00000", "2008-03-31": "105.00000", "2007-12-31": "116.00000", "2007-09-30": "88.00000", "2007-06-30": "77.00000", "2007-03-31": "126.00000", "2006-12-31": "82.00000", "2006-09-30": "105.00000", "2006-06-30": "89.00000", "2006-03-31": "72.00000", "2005-12-31": "90.00000", "2005-09-30": "234.00000", "2005-06-30": "88.00000", "2005-03-31": "74.00000"}, "Income After Taxes": {"2020-12-31": "171.00000", "2020-09-30": "359.00000", "2020-06-30": "247.00000", "2020-03-31": "333.00000", "2019-12-31": "-19.00000", "2019-09-30": "375.00000", "2019-06-30": "313.00000", "2019-03-31": "342.00000", "2018-12-31": "302.00000", "2018-09-30": "518.00000", "2018-06-30": "343.00000", "2018-03-31": "389.00000", "2017-12-31": "-176.00000", "2017-09-30": "248.00000", "2017-06-30": "264.00000", "2017-03-31": "273.00000", "2016-12-31": "240.00000", "2016-09-30": "127.00000", "2016-06-30": "1212.00000", "2016-03-31": "3387.00000", "2015-12-31": "190.00000", "2015-09-30": "2.00000", "2015-06-30": "74.00000", "2015-03-31": "134.00000", "2014-12-31": "127.00000", "2014-09-30": "175.00000", "2014-06-30": "468.00000", "2014-03-31": "507.00000", "2013-12-31": "409.00000", "2013-09-30": "528.00000", "2013-06-30": "590.00000", "2013-03-31": "552.00000", "2012-12-31": "451.00000", "2012-09-30": "583.00000", "2012-06-30": "661.00000", "2012-03-31": "588.00000", "2011-12-31": "472.00000", "2011-09-30": "578.00000", "2011-06-30": "629.00000", "2011-03-31": "577.00000", "2010-12-31": "426.00000", "2010-09-30": "524.00000", "2010-06-30": "537.00000", "2010-03-31": "-60.00000", "2009-12-31": "576.00000", "2009-09-30": "532.00000", "2009-06-30": "589.00000", "2009-03-31": "518.00000", "2008-12-31": "569.00000", "2008-09-30": "476.00000", "2008-06-30": "548.00000", "2008-03-31": "432.00000", "2007-12-31": "492.00000", "2007-09-30": "395.00000", "2007-06-30": "431.00000", "2007-03-31": "403.00000", "2006-12-31": "433.00000", "2006-09-30": "374.00000", "2006-06-30": "309.00000", "2006-03-31": "282.00000", "2005-12-31": "294.00000", "2005-09-30": "116.00000", "2005-06-30": "324.00000", "2005-03-31": "224.00000"}, "Other Income": {"2020-12-31": "", "2020-09-30": "", "2020-06-30": "", "2020-03-31": "", "2019-12-31": "", "2019-09-30": "", "2019-06-30": "", "2019-03-31": "", "2018-12-31": "", "2018-09-30": "", "2018-06-30": "", "2018-03-31": "", "2017-12-31": "", "2017-09-30": "", "2017-06-30": "", "2017-03-31": "", "2016-12-31": "", "2016-09-30": "", "2016-06-30": "", "2016-03-31": "", "2015-12-31": "", "2015-09-30": "", "2015-06-30": "", "2015-03-31": "", "2014-12-31": "", "2014-09-30": "", "2014-06-30": "", "2014-03-31": "", "2013-12-31": "", "2013-09-30": "", "2013-06-30": "", "2013-03-31": "", "2012-12-31": "", "2012-09-30": "", "2012-06-30": "", "2012-03-31": "", "2011-12-31": "", "2011-09-30": "", "2011-06-30": "", "2011-03-31": "", "2010-12-31": "", "2010-09-30": "", "2010-06-30": "", "2010-03-31": "", "2009-12-31": "", "2009-09-30": "", "2009-06-30": "", "2009-03-31": "", "2008-12-31": "", "2008-09-30": "", "2008-06-30": "", "2008-03-31": "", "2007-12-31": "", "2007-09-30": "", "2007-06-30": "", "2007-03-31": "", "2006-12-31": "", "2006-09-30": "", "2006-06-30": "", "2006-03-31": "", "2005-12-31": "", "2005-09-30": "", "2005-06-30": "", "2005-03-31": ""}, "Income From Continuous Operations": {"2020-12-31": "171.00000", "2020-09-30": "359.00000", "2020-06-30": "247.00000", "2020-03-31": "333.00000", "2019-12-31": "-19.00000", "2019-09-30": "375.00000", "2019-06-30": "313.00000", "2019-03-31": "342.00000", "2018-12-31": "302.00000", "2018-09-30": "518.00000", "2018-06-30": "343.00000", "2018-03-31": "389.00000", "2017-12-31": "-176.00000", "2017-09-30": "248.00000", "2017-06-30": "264.00000", "2017-03-31": "273.00000", "2016-12-31": "240.00000", "2016-09-30": "127.00000", "2016-06-30": "1212.00000", "2016-03-31": "3387.00000", "2015-12-31": "190.00000", "2015-09-30": "2.00000", "2015-06-30": "74.00000", "2015-03-31": "134.00000", "2014-12-31": "127.00000", "2014-09-30": "175.00000", "2014-06-30": "468.00000", "2014-03-31": "507.00000", "2013-12-31": "409.00000", "2013-09-30": "528.00000", "2013-06-30": "590.00000", "2013-03-31": "552.00000", "2012-12-31": "451.00000", "2012-09-30": "583.00000", "2012-06-30": "661.00000", "2012-03-31": "588.00000", "2011-12-31": "472.00000", "2011-09-30": "578.00000", "2011-06-30": "629.00000", "2011-03-31": "577.00000", "2010-12-31": "426.00000", "2010-09-30": "524.00000", "2010-06-30": "537.00000", "2010-03-31": "-60.00000", "2009-12-31": "576.00000", "2009-09-30": "532.00000", "2009-06-30": "589.00000", "2009-03-31": "518.00000", "2008-12-31": "569.00000", "2008-09-30": "476.00000", "2008-06-30": "548.00000", "2008-03-31": "432.00000", "2007-12-31": "492.00000", "2007-09-30": "395.00000", "2007-06-30": "431.00000", "2007-03-31": "403.00000", "2006-12-31": "433.00000", "2006-09-30": "374.00000", "2006-06-30": "309.00000", "2006-03-31": "282.00000", "2005-12-31": "294.00000", "2005-09-30": "116.00000", "2005-06-30": "324.00000", "2005-03-31": "224.00000"}, "Income From Discontinued Operations": {"2020-12-31": "", "2020-09-30": "", "2020-06-30": "", "2020-03-31": "", "2019-12-31": "", "2019-09-30": "", "2019-06-30": "", "2019-03-31": "", "2018-12-31": "", "2018-09-30": "", "2018-06-30": "", "2018-03-31": "", "2017-12-31": "-10.00000", "2017-09-30": "3.00000", "2017-06-30": "1.00000", "2017-03-31": "-1.00000", "2016-12-31": "3.00000", "2016-09-30": "3.00000", "2016-06-30": "0.00000", "2016-03-31": "-7.00000", "2015-12-31": "15.00000", "2015-09-30": "-1.00000", "2015-06-30": "258.00000", "2015-03-31": "296.00000", "2014-12-31": "826.00000", "2014-09-30": "293.00000", "2014-06-30": "52.00000", "2014-03-31": "49.00000", "2013-12-31": "-83.00000", "2013-09-30": "16.00000", "2013-06-30": "", "2013-03-31": "", "2012-12-31": "", "2012-09-30": "", "2012-06-30": "", "2012-03-31": "", "2011-12-31": "", "2011-09-30": "", "2011-06-30": "", "2011-03-31": "", "2010-12-31": "", "2010-09-30": "", "2010-06-30": "", "2010-03-31": "", "2009-12-31": "", "2009-09-30": "", "2009-06-30": "", "2009-03-31": "", "2008-12-31": "", "2008-09-30": "", "2008-06-30": "", "2008-03-31": "", "2007-12-31": "", "2007-09-30": "", "2007-06-30": "", "2007-03-31": "", "2006-12-31": "", "2006-09-30": "", "2006-06-30": "", "2006-03-31": "", "2005-12-31": "-2.00000", "2005-09-30": "", "2005-06-30": "-2.00000", "2005-03-31": "2.00000"}, "Net Income": {"2020-12-31": "168.00000", "2020-09-30": "356.00000", "2020-06-30": "246.00000", "2020-03-31": "332.00000", "2019-12-31": "-23.00000", "2019-09-30": "369.00000", "2019-06-30": "313.00000", "2019-03-31": "342.00000", "2018-12-31": "296.00000", "2018-09-30": "518.00000", "2018-06-30": "343.00000", "2018-03-31": "389.00000", "2017-12-31": "-186.00000", "2017-09-30": "251.00000", "2017-06-30": "265.00000", "2017-03-31": "272.00000", "2016-12-31": "243.00000", "2016-09-30": "130.00000", "2016-06-30": "1212.00000", "2016-03-31": "3380.00000", "2015-12-31": "205.00000", "2015-09-30": "1.00000", "2015-06-30": "332.00000", "2015-03-31": "430.00000", "2014-12-31": "953.00000", "2014-09-30": "468.00000", "2014-06-30": "520.00000", "2014-03-31": "556.00000", "2013-12-31": "326.00000", "2013-09-30": "544.00000", "2013-06-30": "590.00000", "2013-03-31": "552.00000", "2012-12-31": "494.00000", "2012-09-30": "583.00000", "2012-06-30": "661.00000", "2012-03-31": "588.00000", "2011-12-31": "463.00000", "2011-09-30": "576.00000", "2011-06-30": "615.00000", "2011-03-31": "570.00000", "2010-12-31": "423.00000", "2010-09-30": "525.00000", "2010-06-30": "535.00000", "2010-03-31": "-63.00000", "2009-12-31": "572.00000", "2009-09-30": "530.00000", "2009-06-30": "587.00000", "2009-03-31": "516.00000", "2008-12-31": "569.00000", "2008-09-30": "472.00000", "2008-06-30": "544.00000", "2008-03-31": "429.00000", "2007-12-31": "478.00000", "2007-09-30": "395.00000", "2007-06-30": "431.00000", "2007-03-31": "403.00000", "2006-12-31": "432.00000", "2006-09-30": "374.00000", "2006-06-30": "309.00000", "2006-03-31": "282.00000", "2005-12-31": "292.00000", "2005-09-30": "116.00000", "2005-06-30": "322.00000", "2005-03-31": "226.00000"}, "EBITDA": {"2020-12-31": "", "2020-09-30": "679.00000", "2020-06-30": "550.00000", "2020-03-31": "608.00000", "2019-12-31": "745.00000", "2019-09-30": "698.00000", "2019-06-30": "574.00000", "2019-03-31": "575.00000", "2018-12-31": "571.00000", "2018-09-30": "581.00000", "2018-06-30": "579.00000", "2018-03-31": "624.00000", "2017-12-31": "476.00000", "2017-09-30": "484.00000", "2017-06-30": "531.00000", "2017-03-31": "547.00000", "2016-12-31": "504.00000", "2016-09-30": "390.00000", "2016-06-30": "274.00000", "2016-03-31": "377.00000", "2015-12-31": "344.00000", "2015-09-30": "308.00000", "2015-06-30": "277.00000", "2015-03-31": "279.00000", "2014-12-31": "391.00000", "2014-09-30": "320.00000", "2014-06-30": "912.00000", "2014-03-31": "908.00000", "2013-12-31": "608.00000", "2013-09-30": "861.00000", "2013-06-30": "1011.00000", "2013-03-31": "898.00000", "2012-12-31": "701.00000", "2012-09-30": "956.00000", "2012-06-30": "957.00000", "2012-03-31": "868.00000", "2011-12-31": "792.00000", "2011-09-30": "921.00000", "2011-06-30": "1000.00000", "2011-03-31": "903.00000", "2010-12-31": "702.00000", "2010-09-30": "953.00000", "2010-06-30": "867.00000", "2010-03-31": "299.00000", "2009-12-31": "905.00000", "2009-09-30": "896.00000", "2009-06-30": "901.00000", "2009-03-31": "813.00000", "2008-12-31": "852.00000", "2008-09-30": "775.00000", "2008-06-30": "862.00000", "2008-03-31": "706.00000", "2007-12-31": "763.00000", "2007-09-30": "651.00000", "2007-06-30": "741.00000", "2007-03-31": "664.00000", "2006-12-31": "666.00000", "2006-09-30": "650.00000", "2006-06-30": "573.00000", "2006-03-31": "527.00000", "2005-12-31": "568.00000", "2005-09-30": "531.00000", "2005-06-30": "511.00000", "2005-03-31": "500.00000"}, "EBIT": {"2020-12-31": "406.00000", "2020-09-30": "470.00000", "2020-06-30": "331.00000", "2020-03-31": "409.00000", "2019-12-31": "536.00000", "2019-09-30": "503.00000", "2019-06-30": "350.00000", "2019-03-31": "383.00000", "2018-12-31": "386.00000", "2018-09-30": "382.00000", "2018-06-30": "384.00000", "2018-03-31": "432.00000", "2017-12-31": "288.00000", "2017-09-30": "300.00000", "2017-06-30": "347.00000", "2017-03-31": "353.00000", "2016-12-31": "303.00000", "2016-09-30": "186.00000", "2016-06-30": "68.00000", "2016-03-31": "188.00000", "2015-12-31": "178.00000", "2015-09-30": "92.00000", "2015-06-30": "87.00000", "2015-03-31": "92.00000", "2014-12-31": "191.00000", "2014-09-30": "217.00000", "2014-06-30": "659.00000", "2014-03-31": "672.00000", "2013-12-31": "546.00000", "2013-09-30": "654.00000", "2013-06-30": "828.00000", "2013-03-31": "715.00000", "2012-12-31": "523.00000", "2012-09-30": "777.00000", "2012-06-30": "777.00000", "2012-03-31": "693.00000", "2011-12-31": "625.00000", "2011-09-30": "745.00000", "2011-06-30": "831.00000", "2011-03-31": "745.00000", "2010-12-31": "523.00000", "2010-09-30": "782.00000", "2010-06-30": "698.00000", "2010-03-31": "133.00000", "2009-12-31": "733.00000", "2009-09-30": "732.00000", "2009-06-30": "747.00000", "2009-03-31": "665.00000", "2008-12-31": "702.00000", "2008-09-30": "610.00000", "2008-06-30": "702.00000", "2008-03-31": "550.00000", "2007-12-31": "610.00000", "2007-09-30": "510.00000", "2007-06-30": "594.00000", "2007-03-31": "524.00000", "2006-12-31": "522.00000", "2006-09-30": "504.00000", "2006-06-30": "427.00000", "2006-03-31": "388.00000", "2005-12-31": "425.00000", "2005-09-30": "386.00000", "2005-06-30": "366.00000", "2005-03-31": "353.00000"}, "Basic Shares Outstanding": {"2020-12-31": "510.00000", "2020-09-30": "511.00000", "2020-06-30": "509.00000", "2020-03-31": "507.00000", "2019-12-31": "509.00000", "2019-09-30": "511.00000", "2019-06-30": "510.00000", "2019-03-31": "512.00000", "2018-12-31": "534.00000", "2018-09-30": "534.00000", "2018-06-30": "535.00000", "2018-03-31": "539.00000", "2017-12-31": "543.00000", "2017-09-30": "545.00000", "2017-06-30": "544.00000", "2017-03-31": "541.00000", "2016-12-31": "546.00000", "2016-09-30": "544.00000", "2016-06-30": "548.00000", "2016-03-31": "549.00000", "2015-12-31": "547.00000", "2015-09-30": "546.00000", "2015-06-30": "544.00000", "2015-03-31": "543.00000", "2014-12-31": "542.00000", "2014-09-30": "542.00000", "2014-06-30": "542.00000", "2014-03-31": "542.00000", "2013-12-31": "543.00000", "2013-09-30": "543.00000", "2013-06-30": "543.00000", "2013-03-31": "545.00000", "2012-12-31": "551.00000", "2012-09-30": "548.00000", "2012-06-30": "550.00000", "2012-03-31": "559.00000", "2011-12-31": "569.00000", "2011-09-30": "566.00000", "2011-06-30": "570.00000", "2011-03-31": "577.00000", "2010-12-31": "590.00000", "2010-09-30": "584.00000", "2010-06-30": "593.00000", "2010-03-31": "602.00000", "2009-12-31": "607.00000", "2009-09-30": "605.00000", "2009-06-30": "607.00000", "2009-03-31": "613.00000", "2008-12-31": "625.00000", "2008-09-30": "625.00000", "2008-06-30": "626.00000", "2008-03-31": "632.00000", "2007-12-31": "644.00000", "2007-09-30": "641.00000", "2007-06-30": "650.00000", "2007-03-31": "650.00000", "2006-12-31": "651.00000", "2006-09-30": "653.00000", "2006-06-30": "654.00000", "2006-03-31": "641.00000", "2005-12-31": "622.00000", "2005-09-30": "622.00000", "2005-06-30": "621.00000", "2005-03-31": "619.00000"}, "Shares Outstanding": {"2020-12-31": "516.00000", "2020-09-30": "518.00000", "2020-06-30": "517.00000", "2020-03-31": "516.00000", "2019-12-31": "519.00000", "2019-09-30": "520.00000", "2019-06-30": "519.00000", "2019-03-31": "522.00000", "2018-12-31": "546.00000", "2018-09-30": "546.00000", "2018-06-30": "547.00000", "2018-03-31": "551.00000", "2017-12-31": "555.00000", "2017-09-30": "557.00000", "2017-06-30": "555.00000", "2017-03-31": "551.00000", "2016-12-31": "551.00000", "2016-09-30": "551.00000", "2016-06-30": "553.00000", "2016-03-31": "552.00000", "2015-12-31": "550.00000", "2015-09-30": "549.00000", "2015-06-30": "549.00000", "2015-03-31": "548.00000", "2014-12-31": "547.00000", "2014-09-30": "547.00000", "2014-06-30": "548.00000", "2014-03-31": "548.00000", "2013-12-31": "548.00000", "2013-09-30": "549.00000", "2013-06-30": "549.00000", "2013-03-31": "551.00000", "2012-12-31": "556.00000", "2012-09-30": "552.00000", "2012-06-30": "553.00000", "2012-03-31": "563.00000", "2011-12-31": "573.00000", "2011-09-30": "571.00000", "2011-06-30": "575.00000", "2011-03-31": "581.00000", "2010-12-31": "594.00000", "2010-09-30": "587.00000", "2010-06-30": "596.00000", "2010-03-31": "602.00000", "2009-12-31": "614.00000", "2009-09-30": "612.00000", "2009-06-30": "612.00000", "2009-03-31": "621.00000", "2008-12-31": "637.00000", "2008-09-30": "638.00000", "2008-06-30": "638.00000", "2008-03-31": "644.00000", "2007-12-31": "654.00000", "2007-09-30": "651.00000", "2007-06-30": "661.00000", "2007-03-31": "659.00000", "2006-12-31": "656.00000", "2006-09-30": "661.00000", "2006-06-30": "659.00000", "2006-03-31": "648.00000", "2005-12-31": "629.00000", "2005-09-30": "632.00000", "2005-06-30": "626.00000", "2005-03-31": "623.00000"}, "Basic EPS": {"2020-12-31": "0.33000", "2020-09-30": "0.70000", "2020-06-30": "0.48000", "2020-03-31": "0.65000", "2019-12-31": "-0.03000", "2019-09-30": "0.72000", "2019-06-30": "0.61000", "2019-03-31": "0.67000", "2018-12-31": "0.57000", "2018-09-30": "0.97000", "2018-06-30": "0.64000", "2018-03-31": "0.72000", "2017-12-31": "-0.34000", "2017-09-30": "0.46000", "2017-06-30": "0.49000", "2017-03-31": "0.50000", "2016-12-31": "0.48000", "2016-09-30": "0.24000", "2016-06-30": "2.21000", "2016-03-31": "6.16000", "2015-12-31": "0.37000", "2015-09-30": "0.00000", "2015-06-30": "0.61000", "2015-03-31": "0.79000", "2014-12-31": "1.76000", "2014-09-30": "0.86000", "2014-06-30": "0.96000", "2014-03-31": "1.02000", "2013-12-31": "0.60000", "2013-09-30": "1.00000", "2013-06-30": "1.09000", "2013-03-31": "1.01000", "2012-12-31": "0.90000", "2012-09-30": "1.07000", "2012-06-30": "1.20000", "2012-03-31": "1.05000", "2011-12-31": "0.82000", "2011-09-30": "1.02000", "2011-06-30": "1.08000", "2011-03-31": "0.99000", "2010-12-31": "0.72000", "2010-09-30": "0.90000", "2010-06-30": "0.90000", "2010-03-31": "-0.11000", "2009-12-31": "0.94000", "2009-09-30": "0.88000", "2009-06-30": "0.97000", "2009-03-31": "0.84000", "2008-12-31": "0.91000", "2008-09-30": "0.76000", "2008-06-30": "0.87000", "2008-03-31": "0.68000", "2007-12-31": "0.75000", "2007-09-30": "0.62000", "2007-06-30": "0.66000", "2007-03-31": "0.62000", "2006-12-31": "0.66000", "2006-09-30": "0.58000", "2006-06-30": "0.47000", "2006-03-31": "0.44000", "2005-12-31": "0.46000", "2005-09-30": "0.19000", "2005-06-30": "0.52000", "2005-03-31": "0.37000"}, "EPS - Earnings Per Share": {"2020-12-31": "0.33000", "2020-09-30": "0.69000", "2020-06-30": "0.48000", "2020-03-31": "0.64000", "2019-12-31": "-0.04000", "2019-09-30": "0.71000", "2019-06-30": "0.60000", "2019-03-31": "0.66000", "2018-12-31": "0.54000", "2018-09-30": "0.95000", "2018-06-30": "0.63000", "2018-03-31": "0.71000", "2017-12-31": "-0.34000", "2017-09-30": "0.45000", "2017-06-30": "0.48000", "2017-03-31": "0.49000", "2016-12-31": "0.46000", "2016-09-30": "0.24000", "2016-06-30": "2.19000", "2016-03-31": "6.12000", "2015-12-31": "0.37000", "2015-09-30": "0.00000", "2015-06-30": "0.60000", "2015-03-31": "0.78000", "2014-12-31": "1.74000", "2014-09-30": "0.86000", "2014-06-30": "0.95000", "2014-03-31": "1.01000", "2013-12-31": "0.59000", "2013-09-30": "0.99000", "2013-06-30": "1.07000", "2013-03-31": "1.00000", "2012-12-31": "0.89000", "2012-09-30": "1.06000", "2012-06-30": "1.19000", "2012-03-31": "1.04000", "2011-12-31": "0.82000", "2011-09-30": "1.01000", "2011-06-30": "1.07000", "2011-03-31": "0.98000", "2010-12-31": "0.71000", "2010-09-30": "0.89000", "2010-06-30": "0.90000", "2010-03-31": "-0.11000", "2009-12-31": "0.93000", "2009-09-30": "0.87000", "2009-06-30": "0.96000", "2009-03-31": "0.83000", "2008-12-31": "0.90000", "2008-09-30": "0.74000", "2008-06-30": "0.85000", "2008-03-31": "0.67000", "2007-12-31": "0.74000", "2007-09-30": "0.61000", "2007-06-30": "0.65000", "2007-03-31": "0.61000", "2006-12-31": "0.66000", "2006-09-30": "0.57000", "2006-06-30": "0.47000", "2006-03-31": "0.43000", "2005-12-31": "0.47000", "2005-09-30": "0.18000", "2005-06-30": "0.51000", "2005-03-31": "0.36000"}}, "balance sheet": {"Cash On Hand": {"2020-12-31": "", "2019-12-31": "3335.00000", "2018-12-31": "1838.00000", "2017-12-31": "3394.00000", "2016-12-31": "2801.00000", "2015-12-31": "7361.00000", "2014-12-31": "2925.00000", "2013-12-31": "2733.00000", "2012-12-31": "3270.00000", "2011-12-31": "2905.00000", "2010-12-31": "2685.00000", "2009-12-31": "2786.00000", "2008-12-31": "2131.00000", "2007-12-31": "2539.00000", "2006-12-31": "2485.00000", "2005-12-31": "841.00000"}, "Receivables": {"2020-12-31": "", "2019-12-31": "1896.00000", "2018-12-31": "1840.00000", "2017-12-31": "1793.00000", "2016-12-31": "1691.00000", "2015-12-31": "1731.00000", "2014-12-31": "1884.00000", "2013-12-31": "2911.00000", "2012-12-31": "2425.00000", "2011-12-31": "2420.00000", "2010-12-31": "2265.00000", "2009-12-31": "2302.00000", "2008-12-31": "1980.00000", "2007-12-31": "2026.00000", "2006-12-31": "1838.00000", "2005-12-31": "1766.00000"}, "Inventory": {"2020-12-31": "", "2019-12-31": "1653.00000", "2018-12-31": "1667.00000", "2017-12-31": "1475.00000", "2016-12-31": "1430.00000", "2015-12-31": "1604.00000", "2014-12-31": "1577.00000", "2013-12-31": "3499.00000", "2012-12-31": "2803.00000", "2011-12-31": "2628.00000", "2010-12-31": "2371.00000", "2009-12-31": "2557.00000", "2008-12-31": "2361.00000", "2007-12-31": "2334.00000", "2006-12-31": "2066.00000", "2005-12-31": "1925.00000"}, "Pre-Paid Expenses": {"2020-12-31": "", "2019-12-31": "619.00000", "2018-12-31": "614.00000", "2017-12-31": "601.00000", "2016-12-31": "602.00000", "2015-12-31": "855.00000", "2014-12-31": "478.00000", "2013-12-31": "548.00000", "2012-12-31": "418.00000", "2011-12-31": "402.00000", "2010-12-31": "345.00000", "2009-12-31": "400.00000", "2008-12-31": "425.00000", "2007-12-31": "395.00000", "2006-12-31": "350.00000", "2005-12-31": "324.00000"}, "Other Current Assets": {"2020-12-31": "", "2019-12-31": "", "2018-12-31": "", "2017-12-31": "", "2016-12-31": "50.00000", "2015-12-31": "245.00000", "2014-12-31": "3298.00000", "2013-12-31": "", "2012-12-31": "", "2011-12-31": "", "2010-12-31": "", "2009-12-31": "", "2008-12-31": "", "2007-12-31": "", "2006-12-31": "", "2005-12-31": ""}, "Total Current Assets": {"2020-12-31": "", "2019-12-31": "7503.00000", "2018-12-31": "5959.00000", "2017-12-31": "7263.00000", "2016-12-31": "6574.00000", "2015-12-31": "11796.00000", "2014-12-31": "10162.00000", "2013-12-31": "10195.00000", "2012-12-31": "9260.00000", "2011-12-31": "8650.00000", "2010-12-31": "7989.00000", "2009-12-31": "8271.00000", "2008-12-31": "7148.00000", "2007-12-31": "7555.00000", "2006-12-31": "6970.00000", "2005-12-31": "5116.00000"}, "Property, Plant, And Equipment": {"2020-12-31": "", "2019-12-31": "4512.00000", "2018-12-31": "4530.00000", "2017-12-31": "4588.00000", "2016-12-31": "4289.00000", "2015-12-31": "4386.00000", "2014-12-31": "4434.00000", "2013-12-31": "7832.00000", "2012-12-31": "6098.00000", "2011-12-31": "5525.00000", "2010-12-31": "5260.00000", "2009-12-31": "5159.00000", "2008-12-31": "4609.00000", "2007-12-31": "4487.00000", "2006-12-31": "4229.00000", "2005-12-31": "4144.00000"}, "Long-Term Investments": {"2020-12-31": "", "2019-12-31": "", "2018-12-31": "", "2017-12-31": "", "2016-12-31": "", "2015-12-31": "", "2014-12-31": "", "2013-12-31": "", "2012-12-31": "", "2011-12-31": "", "2010-12-31": "", "2009-12-31": "", "2008-12-31": "", "2007-12-31": "", "2006-12-31": "", "2005-12-31": ""}, "Goodwill And Intangible Assets": {"2020-12-31": "", "2019-12-31": "4501.00000", "2018-12-31": "4412.00000", "2017-12-31": "4473.00000", "2016-12-31": "3706.00000", "2015-12-31": "4036.00000", "2014-12-31": "4547.00000", "2013-12-31": "6499.00000", "2012-12-31": "3316.00000", "2011-12-31": "3143.00000", "2010-12-31": "2515.00000", "2009-12-31": "2338.00000", "2008-12-31": "2044.00000", "2007-12-31": "2145.00000", "2006-12-31": "2098.00000", "2005-12-31": "2046.00000"}, "Other Long-Term Assets": {"2020-12-31": "", "2019-12-31": "1069.00000", "2018-12-31": "819.00000", "2017-12-31": "787.00000", "2016-12-31": "977.00000", "2015-12-31": "744.00000", "2014-12-31": "6995.00000", "2013-12-31": "698.00000", "2012-12-31": "1716.00000", "2011-12-31": "1755.00000", "2010-12-31": "1725.00000", "2009-12-31": "1586.00000", "2008-12-31": "1604.00000", "2007-12-31": "1107.00000", "2006-12-31": "1389.00000", "2005-12-31": "1421.00000"}, "Total Long-Term Assets": {"2020-12-31": "", "2019-12-31": "10690.00000", "2018-12-31": "9761.00000", "2017-12-31": "9848.00000", "2016-12-31": "8972.00000", "2015-12-31": "9166.00000", "2014-12-31": "15976.00000", "2013-12-31": "15029.00000", "2012-12-31": "11130.00000", "2011-12-31": "10423.00000", "2010-12-31": "9500.00000", "2009-12-31": "9083.00000", "2008-12-31": "8257.00000", "2007-12-31": "7739.00000", "2006-12-31": "7716.00000", "2005-12-31": "7611.00000"}, "Total Assets": {"2020-12-31": "0.00000", "2019-12-31": "18193.00000", "2018-12-31": "15720.00000", "2017-12-31": "17111.00000", "2016-12-31": "15546.00000", "2015-12-31": "20962.00000", "2014-12-31": "26138.00000", "2013-12-31": "25224.00000", "2012-12-31": "20390.00000", "2011-12-31": "19073.00000", "2010-12-31": "17489.00000", "2009-12-31": "17354.00000", "2008-12-31": "15405.00000", "2007-12-31": "15294.00000", "2006-12-31": "14686.00000", "2005-12-31": "12727.00000"}, "Total Current Liabilities": {"2020-12-31": "", "2019-12-31": "3230.00000", "2018-12-31": "2814.00000", "2017-12-31": "2821.00000", "2016-12-31": "2744.00000", "2015-12-31": "5750.00000", "2014-12-31": "6037.00000", "2013-12-31": "5248.00000", "2012-12-31": "4759.00000", "2011-12-31": "4857.00000", "2010-12-31": "4041.00000", "2009-12-31": "4464.00000", "2008-12-31": "3635.00000", "2007-12-31": "3812.00000", "2006-12-31": "3610.00000", "2005-12-31": "4165.00000"}, "Long Term Debt": {"2020-12-31": "", "2019-12-31": "4809.00000", "2018-12-31": "3481.00000", "2017-12-31": "3509.00000", "2016-12-31": "2779.00000", "2015-12-31": "3922.00000", "2014-12-31": "7331.00000", "2013-12-31": "8126.00000", "2012-12-31": "5580.00000", "2011-12-31": "4749.00000", "2010-12-31": "4363.00000", "2009-12-31": "3440.00000", "2008-12-31": "3362.00000", "2007-12-31": "2664.00000", "2006-12-31": "2567.00000", "2005-12-31": "2414.00000"}, "Other Non-Current Liabilities": {"2020-12-31": "", "2019-12-31": "1732.00000", "2018-12-31": "1559.00000", "2017-12-31": "1665.00000", "2016-12-31": "1743.00000", "2015-12-31": "2425.00000", "2014-12-31": "4614.00000", "2013-12-31": "3364.00000", "2012-12-31": "3073.00000", "2011-12-31": "2639.00000", "2010-12-31": "2289.00000", "2009-12-31": "2030.00000", "2008-12-31": "2117.00000", "2007-12-31": "1902.00000", "2006-12-31": "2237.00000", "2005-12-31": "1849.00000"}, "Total Long Term Liabilities": {"2020-12-31": "", "2019-12-31": "7051.00000", "2018-12-31": "5040.00000", "2017-12-31": "5174.00000", "2016-12-31": "4522.00000", "2015-12-31": "6347.00000", "2014-12-31": "11945.00000", "2013-12-31": "11490.00000", "2012-12-31": "8653.00000", "2011-12-31": "7388.00000", "2010-12-31": "6652.00000", "2009-12-31": "5470.00000", "2008-12-31": "5479.00000", "2007-12-31": "4566.00000", "2006-12-31": "4804.00000", "2005-12-31": "4263.00000"}, "Total Liabilities": {"2020-12-31": "", "2019-12-31": "10281.00000", "2018-12-31": "7854.00000", "2017-12-31": "7995.00000", "2016-12-31": "7266.00000", "2015-12-31": "12097.00000", "2014-12-31": "17982.00000", "2013-12-31": "16738.00000", "2012-12-31": "13412.00000", "2011-12-31": "12245.00000", "2010-12-31": "10693.00000", "2009-12-31": "9934.00000", "2008-12-31": "9114.00000", "2007-12-31": "8378.00000", "2006-12-31": "8414.00000", "2005-12-31": "8428.00000"}, "Common Stock Net": {"2020-12-31": "", "2019-12-31": "683.00000", "2018-12-31": "683.00000", "2017-12-31": "683.00000", "2016-12-31": "683.00000", "2015-12-31": "683.00000", "2014-12-31": "683.00000", "2013-12-31": "683.00000", "2012-12-31": "683.00000", "2011-12-31": "683.00000", "2010-12-31": "683.00000", "2009-12-31": "683.00000", "2008-12-31": "683.00000", "2007-12-31": "683.00000", "2006-12-31": "683.00000", "2005-12-31": "648.00000"}, "Retained Earnings (Accumulated Deficit)": {"2020-12-31": "", "2019-12-31": "15718.00000", "2018-12-31": "15075.00000", "2017-12-31": "14483.00000", "2016-12-31": "14200.00000", "2015-12-31": "9683.00000", "2014-12-31": "13227.00000", "2013-12-31": "11852.00000", "2012-12-31": "10888.00000", "2011-12-31": "9429.00000", "2010-12-31": "7925.00000", "2009-12-31": "7343.00000", "2008-12-31": "5795.00000", "2007-12-31": "4379.00000", "2006-12-31": "3271.00000", "2005-12-31": "2430.00000"}, "Comprehensive Income": {"2020-12-31": "", "2019-12-31": "-3710.00000", "2018-12-31": "-3823.00000", "2017-12-31": "-4001.00000", "2016-12-31": "-4556.00000", "2015-12-31": "224.00000", "2014-12-31": "-3650.00000", "2013-12-31": "-1976.00000", "2012-12-31": "-2810.00000", "2011-12-31": "-2591.00000", "2010-12-31": "-2139.00000", "2009-12-31": "-1777.00000", "2008-12-31": "-1885.00000", "2007-12-31": "-940.00000", "2006-12-31": "-1426.00000", "2005-12-31": "-1496.00000"}, "Other Share Holders Equity": {"2020-12-31": "", "2019-12-31": "", "2018-12-31": "", "2017-12-31": "", "2016-12-31": "", "2015-12-31": "", "2014-12-31": "", "2013-12-31": "", "2012-12-31": "", "2011-12-31": "", "2010-12-31": "", "2009-12-31": "", "2008-12-31": "", "2007-12-31": "", "2006-12-31": "", "2005-12-31": ""}, "Share Holder Equity": {"2020-12-31": "", "2019-12-31": "7912.00000", "2018-12-31": "7866.00000", "2017-12-31": "9116.00000", "2016-12-31": "8280.00000", "2015-12-31": "8865.00000", "2014-12-31": "8156.00000", "2013-12-31": "8486.00000", "2012-12-31": "6978.00000", "2011-12-31": "6828.00000", "2010-12-31": "6796.00000", "2009-12-31": "7420.00000", "2008-12-31": "6291.00000", "2007-12-31": "6916.00000", "2006-12-31": "6272.00000", "2005-12-31": "4299.00000"}, "Total Liabilities And Share Holders Equity": {"2020-12-31": "", "2019-12-31": "18193.00000", "2018-12-31": "15720.00000", "2017-12-31": "17111.00000", "2016-12-31": "15546.00000", "2015-12-31": "20962.00000", "2014-12-31": "26138.00000", "2013-12-31": "25224.00000", "2012-12-31": "20390.00000", "2011-12-31": "19073.00000", "2010-12-31": "17489.00000", "2009-12-31": "17354.00000", "2008-12-31": "15405.00000", "2007-12-31": "15294.00000", "2006-12-31": "14686.00000", "2005-12-31": "12727.00000"}}, "balance sheet, quarterly": {"Cash On Hand": {"2020-12-31": "", "2020-09-30": "4359.00000", "2020-06-30": "4085.00000", "2020-03-31": "4110.00000", "2019-12-31": "3335.00000", "2019-09-30": "3009.00000", "2019-06-30": "2925.00000", "2019-03-31": "1908.00000", "2018-12-31": "1838.00000", "2018-09-30": "2860.00000", "2018-06-30": "2857.00000", "2018-03-31": "2947.00000", "2017-12-31": "3394.00000", "2017-09-30": "3517.00000", "2017-06-30": "3817.00000", "2017-03-31": "2858.00000", "2016-12-31": "2801.00000", "2016-09-30": "2597.00000", "2016-06-30": "2630.00000", "2016-03-31": "3443.00000", "2015-12-31": "7361.00000", "2015-09-30": "6126.00000", "2015-06-30": "6680.00000", "2015-03-31": "2530.00000", "2014-12-31": "2925.00000", "2014-09-30": "2078.00000", "2014-06-30": "1866.00000", "2014-03-31": "2049.00000", "2013-12-31": "2733.00000", "2013-09-30": "2376.00000", "2013-06-30": "5989.00000", "2013-03-31": "2689.00000", "2012-12-31": "3270.00000", "2012-09-30": "3191.00000", "2012-06-30": "2353.00000", "2012-03-31": "2272.00000", "2011-12-31": "2905.00000", "2011-09-30": "2338.00000", "2011-06-30": "2018.00000", "2011-03-31": "2168.00000", "2010-12-31": "2685.00000", "2010-09-30": "2788.00000", "2010-06-30": "2300.00000", "2010-03-31": "2673.00000", "2009-12-31": "2786.00000", "2009-09-30": "2571.00000", "2009-06-30": "1802.00000", "2009-03-31": "1703.00000", "2008-12-31": "2131.00000", "2008-09-30": "2191.00000", "2008-06-30": "2147.00000", "2008-03-31": "1736.00000", "2007-12-31": "2539.00000", "2007-09-30": "1818.00000", "2007-06-30": "2486.00000", "2007-03-31": "2384.00000", "2006-12-31": "2485.00000", "2006-09-30": "2067.00000", "2006-06-30": "1061.00000", "2006-03-31": "881.00000", "2005-12-31": "841.00000", "2005-09-30": "1712.00000", "2005-06-30": "1428.00000", "2005-03-31": "1106.00000"}, "Receivables": {"2020-12-31": "", "2020-09-30": "2001.00000", "2020-06-30": "1884.00000", "2020-03-31": "1892.00000", "2019-12-31": "1896.00000", "2019-09-30": "1814.00000", "2019-06-30": "1885.00000", "2019-03-31": "1802.00000", "2018-12-31": "1840.00000", "2018-09-30": "1826.00000", "2018-06-30": "1783.00000", "2018-03-31": "1807.00000", "2017-12-31": "1793.00000", "2017-09-30": "1748.00000", "2017-06-30": "1721.00000", "2017-03-31": "1646.00000", "2016-12-31": "1691.00000", "2016-09-30": "1739.00000", "2016-06-30": "1813.00000", "2016-03-31": "1830.00000", "2015-12-31": "1731.00000", "2015-09-30": "1772.00000", "2015-06-30": "2852.00000", "2015-03-31": "2599.00000", "2014-12-31": "1884.00000", "2014-09-30": "2842.00000", "2014-06-30": "2914.00000", "2014-03-31": "2708.00000", "2013-12-31": "2911.00000", "2013-09-30": "2766.00000", "2013-06-30": "2342.00000", "2013-03-31": "2319.00000", "2012-12-31": "2425.00000", "2012-09-30": "2324.00000", "2012-06-30": "2225.00000", "2012-03-31": "2341.00000", "2011-12-31": "2420.00000", "2011-09-30": "2347.00000", "2011-06-30": "2491.00000", "2011-03-31": "2399.00000", "2010-12-31": "2265.00000", "2010-09-30": "2205.00000", "2010-06-30": "2072.00000", "2010-03-31": "2254.00000", "2009-12-31": "2302.00000", "2009-09-30": "2229.00000", "2009-06-30": "2133.00000", "2009-03-31": "1940.00000", "2008-12-31": "1980.00000", "2008-09-30": "2101.00000", "2008-06-30": "2217.00000", "2008-03-31": "2096.00000", "2007-12-31": "2026.00000", "2007-09-30": "1976.00000", "2007-06-30": "1993.00000", "2007-03-31": "1899.00000", "2006-12-31": "1838.00000", "2006-09-30": "1751.00000", "2006-06-30": "1754.00000", "2006-03-31": "1750.00000", "2005-12-31": "1766.00000", "2005-09-30": "1863.00000", "2005-06-30": "1959.00000", "2005-03-31": "1982.00000"}, "Inventory": {"2020-12-31": "", "2020-09-30": "1988.00000", "2020-06-30": "1905.00000", "2020-03-31": "1694.00000", "2019-12-31": "1653.00000", "2019-09-30": "1715.00000", "2019-06-30": "1757.00000", "2019-03-31": "1751.00000", "2018-12-31": "1667.00000", "2018-09-30": "1718.00000", "2018-06-30": "1622.00000", "2018-03-31": "1581.00000", "2017-12-31": "1475.00000", "2017-09-30": "1550.00000", "2017-06-30": "1525.00000", "2017-03-31": "1480.00000", "2016-12-31": "1430.00000", "2016-09-30": "1568.00000", "2016-06-30": "1591.00000", "2016-03-31": "1682.00000", "2015-12-31": "1604.00000", "2015-09-30": "1696.00000", "2015-06-30": "3842.00000", "2015-03-31": "3501.00000", "2014-12-31": "1577.00000", "2014-09-30": "3704.00000", "2014-06-30": "3836.00000", "2014-03-31": "3748.00000", "2013-12-31": "3499.00000", "2013-09-30": "3581.00000", "2013-06-30": "3069.00000", "2013-03-31": "2963.00000", "2012-12-31": "2803.00000", "2012-09-30": "2831.00000", "2012-06-30": "2730.00000", "2012-03-31": "2737.00000", "2011-12-31": "2628.00000", "2011-09-30": "2621.00000", "2011-06-30": "2648.00000", "2011-03-31": "2517.00000", "2010-12-31": "2371.00000", "2010-09-30": "2500.00000", "2010-06-30": "2384.00000", "2010-03-31": "2477.00000", "2009-12-31": "2557.00000", "2009-09-30": "2628.00000", "2009-06-30": "2496.00000", "2009-03-31": "2421.00000", "2008-12-31": "2361.00000", "2008-09-30": "2520.00000", "2008-06-30": "2571.00000", "2008-03-31": "2536.00000", "2007-12-31": "2334.00000", "2007-09-30": "2320.00000", "2007-06-30": "2186.00000", "2007-03-31": "2119.00000", "2006-12-31": "2066.00000", "2006-09-30": "2089.00000", "2006-06-30": "2020.00000", "2006-03-31": "2006.00000", "2005-12-31": "1925.00000", "2005-09-30": "1948.00000", "2005-06-30": "1944.00000", "2005-03-31": "2105.00000"}, "Pre-Paid Expenses": {"2020-12-31": "", "2020-09-30": "685.00000", "2020-06-30": "692.00000", "2020-03-31": "637.00000", "2019-12-31": "619.00000", "2019-09-30": "672.00000", "2019-06-30": "651.00000", "2019-03-31": "626.00000", "2018-12-31": "614.00000", "2018-09-30": "624.00000", "2018-06-30": "628.00000", "2018-03-31": "621.00000", "2017-12-31": "601.00000", "2017-09-30": "633.00000", "2017-06-30": "619.00000", "2017-03-31": "603.00000", "2016-12-31": "602.00000", "2016-09-30": "634.00000", "2016-06-30": "711.00000", "2016-03-31": "951.00000", "2015-12-31": "855.00000", "2015-09-30": "1334.00000", "2015-06-30": "1123.00000", "2015-03-31": "1104.00000", "2014-12-31": "478.00000", "2014-09-30": "850.00000", "2014-06-30": "871.00000", "2014-03-31": "883.00000", "2013-12-31": "548.00000", "2013-09-30": "874.00000", "2013-06-30": "785.00000", "2013-03-31": "843.00000", "2012-12-31": "418.00000", "2012-09-30": "759.00000", "2012-06-30": "740.00000", "2012-03-31": "767.00000", "2011-12-31": "402.00000", "2011-09-30": "696.00000", "2011-06-30": "652.00000", "2011-03-31": "677.00000", "2010-12-31": "345.00000", "2010-09-30": "647.00000", "2010-06-30": "619.00000", "2010-03-31": "611.00000", "2009-12-31": "400.00000", "2009-09-30": "636.00000", "2009-06-30": "641.00000", "2009-03-31": "626.00000", "2008-12-31": "425.00000", "2008-09-30": "", "2008-06-30": "", "2008-03-31": "", "2007-12-31": "395.00000", "2007-09-30": "", "2007-06-30": "", "2007-03-31": "", "2006-12-31": "350.00000", "2006-09-30": "", "2006-06-30": "", "2006-03-31": "", "2005-12-31": "324.00000", "2005-09-30": "284.00000", "2005-06-30": "273.00000", "2005-03-31": "339.00000"}, "Other Current Assets": {"2020-12-31": "", "2020-09-30": "", "2020-06-30": "", "2020-03-31": "", "2019-12-31": "", "2019-09-30": "", "2019-06-30": "", "2019-03-31": "", "2018-12-31": "", "2018-09-30": "", "2018-06-30": "", "2018-03-31": "", "2017-12-31": "", "2017-09-30": "", "2017-06-30": "22.00000", "2017-03-31": "46.00000", "2016-12-31": "50.00000", "2016-09-30": "51.00000", "2016-06-30": "78.00000", "2016-03-31": "111.00000", "2015-12-31": "245.00000", "2015-09-30": "210.00000", "2015-06-30": "", "2015-03-31": "", "2014-12-31": "3298.00000", "2014-09-30": "157.00000", "2014-06-30": "", "2014-03-31": "", "2013-12-31": "", "2013-09-30": "", "2013-06-30": "", "2013-03-31": "", "2012-12-31": "", "2012-09-30": "", "2012-06-30": "", "2012-03-31": "", "2011-12-31": "", "2011-09-30": "", "2011-06-30": "", "2011-03-31": "", "2010-12-31": "", "2010-09-30": "", "2010-06-30": "", "2010-03-31": "", "2009-12-31": "", "2009-09-30": "", "2009-06-30": "", "2009-03-31": "", "2008-12-31": "", "2008-09-30": "625.00000", "2008-06-30": "624.00000", "2008-03-31": "645.00000", "2007-12-31": "", "2007-09-30": "526.00000", "2007-06-30": "520.00000", "2007-03-31": "572.00000", "2006-12-31": "", "2006-09-30": "512.00000", "2006-06-30": "592.00000", "2006-03-31": "594.00000", "2005-12-31": "", "2005-09-30": "", "2005-06-30": "", "2005-03-31": ""}, "Total Current Assets": {"2020-12-31": "", "2020-09-30": "9033.00000", "2020-06-30": "8566.00000", "2020-03-31": "8333.00000", "2019-12-31": "7503.00000", "2019-09-30": "7210.00000", "2019-06-30": "7218.00000", "2019-03-31": "6087.00000", "2018-12-31": "5959.00000", "2018-09-30": "7028.00000", "2018-06-30": "6890.00000", "2018-03-31": "6956.00000", "2017-12-31": "7263.00000", "2017-09-30": "7448.00000", "2017-06-30": "7704.00000", "2017-03-31": "6633.00000", "2016-12-31": "6574.00000", "2016-09-30": "6589.00000", "2016-06-30": "6823.00000", "2016-03-31": "8017.00000", "2015-12-31": "11796.00000", "2015-09-30": "11138.00000", "2015-06-30": "14497.00000", "2015-03-31": "9734.00000", "2014-12-31": "10162.00000", "2014-09-30": "9631.00000", "2014-06-30": "9487.00000", "2014-03-31": "9388.00000", "2013-12-31": "10195.00000", "2013-09-30": "9597.00000", "2013-06-30": "12185.00000", "2013-03-31": "8814.00000", "2012-12-31": "9260.00000", "2012-09-30": "9105.00000", "2012-06-30": "8048.00000", "2012-03-31": "8117.00000", "2011-12-31": "8650.00000", "2011-09-30": "8002.00000", "2011-06-30": "7809.00000", "2011-03-31": "7761.00000", "2010-12-31": "7989.00000", "2010-09-30": "8140.00000", "2010-06-30": "7375.00000", "2010-03-31": "8015.00000", "2009-12-31": "8271.00000", "2009-09-30": "8064.00000", "2009-06-30": "7072.00000", "2009-03-31": "6690.00000", "2008-12-31": "7148.00000", "2008-09-30": "7437.00000", "2008-06-30": "7559.00000", "2008-03-31": "7013.00000", "2007-12-31": "7555.00000", "2007-09-30": "6640.00000", "2007-06-30": "7185.00000", "2007-03-31": "6974.00000", "2006-12-31": "6970.00000", "2006-09-30": "6419.00000", "2006-06-30": "5427.00000", "2006-03-31": "5231.00000", "2005-12-31": "5116.00000", "2005-09-30": "6079.00000", "2005-06-30": "5839.00000", "2005-03-31": "5781.00000"}, "Property, Plant, And Equipment": {"2020-12-31": "", "2020-09-30": "4460.00000", "2020-06-30": "4382.00000", "2020-03-31": "4340.00000", "2019-12-31": "4512.00000", "2019-09-30": "4406.00000", "2019-06-30": "4541.00000", "2019-03-31": "4539.00000", "2018-12-31": "4530.00000", "2018-09-30": "4520.00000", "2018-06-30": "4531.00000", "2018-03-31": "4614.00000", "2017-12-31": "4588.00000", "2017-09-30": "4488.00000", "2017-06-30": "4337.00000", "2017-03-31": "4274.00000", "2016-12-31": "4289.00000", "2016-09-30": "4327.00000", "2016-06-30": "4329.00000", "2016-03-31": "4403.00000", "2015-12-31": "4386.00000", "2015-09-30": "4338.00000", "2015-06-30": "8967.00000", "2015-03-31": "8492.00000", "2014-12-31": "4434.00000", "2014-09-30": "8448.00000", "2014-06-30": "8152.00000", "2014-03-31": "7962.00000", "2013-12-31": "7832.00000", "2013-09-30": "7518.00000", "2013-06-30": "6361.00000", "2013-03-31": "6205.00000", "2012-12-31": "6098.00000", "2012-09-30": "5862.00000", "2012-06-30": "5623.00000", "2012-03-31": "5637.00000", "2011-12-31": "5525.00000", "2011-09-30": "5426.00000", "2011-06-30": "5481.00000", "2011-03-31": "5419.00000", "2010-12-31": "5260.00000", "2010-09-30": "5208.00000", "2010-06-30": "4983.00000", "2010-03-31": "5064.00000", "2009-12-31": "5159.00000", "2009-09-30": "4963.00000", "2009-06-30": "4757.00000", "2009-03-31": "4598.00000", "2008-12-31": "4609.00000", "2008-09-30": "4598.00000", "2008-06-30": "4680.00000", "2008-03-31": "4633.00000", "2007-12-31": "4487.00000", "2007-09-30": "4216.00000", "2007-06-30": "4110.00000", "2007-03-31": "4047.00000", "2006-12-31": "4229.00000", "2006-09-30": "4095.00000", "2006-06-30": "4159.00000", "2006-03-31": "4122.00000", "2005-12-31": "4144.00000", "2005-09-30": "4114.00000", "2005-06-30": "4157.00000", "2005-03-31": "4310.00000"}, "Long-Term Investments": {"2020-12-31": "", "2020-09-30": "", "2020-06-30": "", "2020-03-31": "", "2019-12-31": "", "2019-09-30": "", "2019-06-30": "", "2019-03-31": "", "2018-12-31": "", "2018-09-30": "", "2018-06-30": "", "2018-03-31": "", "2017-12-31": "", "2017-09-30": "", "2017-06-30": "", "2017-03-31": "", "2016-12-31": "", "2016-09-30": "", "2016-06-30": "", "2016-03-31": "", "2015-12-31": "", "2015-09-30": "", "2015-06-30": "", "2015-03-31": "", "2014-12-31": "", "2014-09-30": "", "2014-06-30": "", "2014-03-31": "", "2013-12-31": "", "2013-09-30": "", "2013-06-30": "", "2013-03-31": "", "2012-12-31": "", "2012-09-30": "", "2012-06-30": "", "2012-03-31": "", "2011-12-31": "", "2011-09-30": "", "2011-06-30": "", "2011-03-31": "", "2010-12-31": "", "2010-09-30": "", "2010-06-30": "", "2010-03-31": "", "2009-12-31": "", "2009-09-30": "", "2009-06-30": "", "2009-03-31": "", "2008-12-31": "", "2008-09-30": "", "2008-06-30": "", "2008-03-31": "", "2007-12-31": "", "2007-09-30": "", "2007-06-30": "", "2007-03-31": "", "2006-12-31": "", "2006-09-30": "", "2006-06-30": "", "2006-03-31": "", "2005-12-31": "", "2005-09-30": "", "2005-06-30": "", "2005-03-31": ""}, "Goodwill And Intangible Assets": {"2020-12-31": "", "2020-09-30": "4772.00000", "2020-06-30": "4768.00000", "2020-03-31": "4720.00000", "2019-12-31": "4501.00000", "2019-09-30": "4212.00000", "2019-06-30": "4302.00000", "2019-03-31": "4371.00000", "2018-12-31": "4412.00000", "2018-09-30": "4382.00000", "2018-06-30": "4411.00000", "2018-03-31": "4614.00000", "2017-12-31": "4473.00000", "2017-09-30": "4488.00000", "2017-06-30": "3855.00000", "2017-03-31": "3724.00000", "2016-12-31": "3706.00000", "2016-09-30": "3859.00000", "2016-06-30": "3912.00000", "2016-03-31": "4086.00000", "2015-12-31": "4036.00000", "2015-09-30": "4128.00000", "2015-06-30": "5876.00000", "2015-03-31": "5762.00000", "2014-12-31": "4547.00000", "2014-09-30": "6201.00000", "2014-06-30": "6555.00000", "2014-03-31": "6495.00000", "2013-12-31": "6499.00000", "2013-09-30": "6462.00000", "2013-06-30": "3551.00000", "2013-03-31": "3637.00000", "2012-12-31": "3316.00000", "2012-09-30": "3365.00000", "2012-06-30": "3354.00000", "2012-03-31": "3405.00000", "2011-12-31": "3143.00000", "2011-09-30": "2829.00000", "2011-06-30": "2870.00000", "2011-03-31": "2560.00000", "2010-12-31": "2515.00000", "2010-09-30": "2545.00000", "2010-06-30": "2478.00000", "2010-03-31": "2558.00000", "2009-12-31": "2338.00000", "2009-09-30": "2374.00000", "2009-06-30": "2267.00000", "2009-03-31": "2043.00000", "2008-12-31": "2044.00000", "2008-09-30": "2120.00000", "2008-06-30": "2205.00000", "2008-03-31": "2229.00000", "2007-12-31": "2145.00000", "2007-09-30": "2106.00000", "2007-06-30": "2078.00000", "2007-03-31": "2080.00000", "2006-12-31": "2098.00000", "2006-09-30": "2072.00000", "2006-06-30": "2068.00000", "2006-03-31": "2050.00000", "2005-12-31": "2046.00000", "2005-09-30": "2059.00000", "2005-06-30": "2062.00000", "2005-03-31": "2153.00000"}, "Other Long-Term Assets": {"2020-12-31": "", "2020-09-30": "1255.00000", "2020-06-30": "1168.00000", "2020-03-31": "1105.00000", "2019-12-31": "1069.00000", "2019-09-30": "882.00000", "2019-06-30": "895.00000", "2019-03-31": "836.00000", "2018-12-31": "819.00000", "2018-09-30": "917.00000", "2018-06-30": "746.00000", "2018-03-31": "706.00000", "2017-12-31": "787.00000", "2017-09-30": "1117.00000", "2017-06-30": "1067.00000", "2017-03-31": "1028.00000", "2016-12-31": "977.00000", "2016-09-30": "1020.00000", "2016-06-30": "918.00000", "2016-03-31": "844.00000", "2015-12-31": "744.00000", "2015-09-30": "568.00000", "2015-06-30": "675.00000", "2015-03-31": "873.00000", "2014-12-31": "6995.00000", "2014-09-30": "1283.00000", "2014-06-30": "1435.00000", "2014-03-31": "1416.00000", "2013-12-31": "698.00000", "2013-09-30": "1673.00000", "2013-06-30": "1654.00000", "2013-03-31": "1662.00000", "2012-12-31": "1716.00000", "2012-09-30": "1493.00000", "2012-06-30": "1421.00000", "2012-03-31": "1625.00000", "2011-12-31": "1755.00000", "2011-09-30": "1586.00000", "2011-06-30": "1581.00000", "2011-03-31": "1673.00000", "2010-12-31": "1725.00000", "2010-09-30": "1670.00000", "2010-06-30": "1651.00000", "2010-03-31": "1529.00000", "2009-12-31": "1586.00000", "2009-09-30": "1553.00000", "2009-06-30": "1647.00000", "2009-03-31": "1622.00000", "2008-12-31": "1604.00000", "2008-09-30": "1054.00000", "2008-06-30": "1026.00000", "2008-03-31": "1097.00000", "2007-12-31": "1107.00000", "2007-09-30": "1185.00000", "2007-06-30": "1286.00000", "2007-03-31": "1382.00000", "2006-12-31": "1389.00000", "2006-09-30": "1345.00000", "2006-06-30": "1353.00000", "2006-03-31": "1377.00000", "2005-12-31": "1421.00000", "2005-09-30": "1531.00000", "2005-06-30": "1568.00000", "2005-03-31": "1564.00000"}, "Total Long-Term Assets": {"2020-12-31": "", "2020-09-30": "11065.00000", "2020-06-30": "10899.00000", "2020-03-31": "10742.00000", "2019-12-31": "10690.00000", "2019-09-30": "10089.00000", "2019-06-30": "10326.00000", "2019-03-31": "10263.00000", "2018-12-31": "9761.00000", "2018-09-30": "9819.00000", "2018-06-30": "9688.00000", "2018-03-31": "9934.00000", "2017-12-31": "9848.00000", "2017-09-30": "10093.00000", "2017-06-30": "9259.00000", "2017-03-31": "9026.00000", "2016-12-31": "8972.00000", "2016-09-30": "9206.00000", "2016-06-30": "9159.00000", "2016-03-31": "9333.00000", "2015-12-31": "9166.00000", "2015-09-30": "9034.00000", "2015-06-30": "15518.00000", "2015-03-31": "15127.00000", "2014-12-31": "15976.00000", "2014-09-30": "15932.00000", "2014-06-30": "16142.00000", "2014-03-31": "15873.00000", "2013-12-31": "15029.00000", "2013-09-30": "15653.00000", "2013-06-30": "11566.00000", "2013-03-31": "11504.00000", "2012-12-31": "11130.00000", "2012-09-30": "10720.00000", "2012-06-30": "10398.00000", "2012-03-31": "10667.00000", "2011-12-31": "10423.00000", "2011-09-30": "9841.00000", "2011-06-30": "9932.00000", "2011-03-31": "9652.00000", "2010-12-31": "9500.00000", "2010-09-30": "9423.00000", "2010-06-30": "9112.00000", "2010-03-31": "9151.00000", "2009-12-31": "9083.00000", "2009-09-30": "8890.00000", "2009-06-30": "8671.00000", "2009-03-31": "8263.00000", "2008-12-31": "8257.00000", "2008-09-30": "7772.00000", "2008-06-30": "7911.00000", "2008-03-31": "7959.00000", "2007-12-31": "7739.00000", "2007-09-30": "7507.00000", "2007-06-30": "7474.00000", "2007-03-31": "7509.00000", "2006-12-31": "7716.00000", "2006-09-30": "7512.00000", "2006-06-30": "7580.00000", "2006-03-31": "7549.00000", "2005-12-31": "7611.00000", "2005-09-30": "7704.00000", "2005-06-30": "7787.00000", "2005-03-31": "8027.00000"}, "Total Assets": {"2020-12-31": "0.00000", "2020-09-30": "20098.00000", "2020-06-30": "19465.00000", "2020-03-31": "19075.00000", "2019-12-31": "18193.00000", "2019-09-30": "17299.00000", "2019-06-30": "17544.00000", "2019-03-31": "16350.00000", "2018-12-31": "15720.00000", "2018-09-30": "16847.00000", "2018-06-30": "16578.00000", "2018-03-31": "16890.00000", "2017-12-31": "17111.00000", "2017-09-30": "17541.00000", "2017-06-30": "16963.00000", "2017-03-31": "15659.00000", "2016-12-31": "15546.00000", "2016-09-30": "15795.00000", "2016-06-30": "15982.00000", "2016-03-31": "17350.00000", "2015-12-31": "20962.00000", "2015-09-30": "20172.00000", "2015-06-30": "30015.00000", "2015-03-31": "24861.00000", "2014-12-31": "26138.00000", "2014-09-30": "25563.00000", "2014-06-30": "25629.00000", "2014-03-31": "25261.00000", "2013-12-31": "25224.00000", "2013-09-30": "25250.00000", "2013-06-30": "23751.00000", "2013-03-31": "20318.00000", "2012-12-31": "20390.00000", "2012-09-30": "19825.00000", "2012-06-30": "18446.00000", "2012-03-31": "18784.00000", "2011-12-31": "19073.00000", "2011-09-30": "17843.00000", "2011-06-30": "17741.00000", "2011-03-31": "17413.00000", "2010-12-31": "17489.00000", "2010-09-30": "17563.00000", "2010-06-30": "16487.00000", "2010-03-31": "17166.00000", "2009-12-31": "17354.00000", "2009-09-30": "16954.00000", "2009-06-30": "15743.00000", "2009-03-31": "14953.00000", "2008-12-31": "15405.00000", "2008-09-30": "15209.00000", "2008-06-30": "15470.00000", "2008-03-31": "14972.00000", "2007-12-31": "15294.00000", "2007-09-30": "14147.00000", "2007-06-30": "14659.00000", "2007-03-31": "14483.00000", "2006-12-31": "14686.00000", "2006-09-30": "13931.00000", "2006-06-30": "13007.00000", "2006-03-31": "12780.00000", "2005-12-31": "12727.00000", "2005-09-30": "13783.00000", "2005-06-30": "13626.00000", "2005-03-31": "13808.00000"}, "Total Current Liabilities": {"2020-12-31": "", "2020-09-30": "3422.00000", "2020-06-30": "2880.00000", "2020-03-31": "3036.00000", "2019-12-31": "3230.00000", "2019-09-30": "2611.00000", "2019-06-30": "2597.00000", "2019-03-31": "3327.00000", "2018-12-31": "2814.00000", "2018-09-30": "2704.00000", "2018-06-30": "2629.00000", "2018-03-31": "2642.00000", "2017-12-31": "2821.00000", "2017-09-30": "2662.00000", "2017-06-30": "2558.00000", "2017-03-31": "2438.00000", "2016-12-31": "2744.00000", "2016-09-30": "2606.00000", "2016-06-30": "3723.00000", "2016-03-31": "3823.00000", "2015-12-31": "5750.00000", "2015-09-30": "5981.00000", "2015-06-30": "6312.00000", "2015-03-31": "6074.00000", "2014-12-31": "6037.00000", "2014-09-30": "5990.00000", "2014-06-30": "5795.00000", "2014-03-31": "5645.00000", "2013-12-31": "5248.00000", "2013-09-30": "4996.00000", "2013-06-30": "4516.00000", "2013-03-31": "4778.00000", "2012-12-31": "4759.00000", "2012-09-30": "4458.00000", "2012-06-30": "4870.00000", "2012-03-31": "4857.00000", "2011-12-31": "4857.00000", "2011-09-30": "4165.00000", "2011-06-30": "4031.00000", "2011-03-31": "3889.00000", "2010-12-31": "4041.00000", "2010-09-30": "4199.00000", "2010-06-30": "4085.00000", "2010-03-31": "4284.00000", "2009-12-31": "4464.00000", "2009-09-30": "3468.00000", "2009-06-30": "3395.00000", "2009-03-31": "3122.00000", "2008-12-31": "3635.00000", "2008-09-30": "3324.00000", "2008-06-30": "3393.00000", "2008-03-31": "3236.00000", "2007-12-31": "3812.00000", "2007-09-30": "3689.00000", "2007-06-30": "3792.00000", "2007-03-31": "3624.00000", "2006-12-31": "3610.00000", "2006-09-30": "2969.00000", "2006-06-30": "2961.00000", "2006-03-31": "2925.00000", "2005-12-31": "4165.00000", "2005-09-30": "4271.00000", "2005-06-30": "4361.00000", "2005-03-31": "4695.00000"}, "Long Term Debt": {"2020-12-31": "", "2020-09-30": "5760.00000", "2020-06-30": "6055.00000", "2020-03-31": "5996.00000", "2019-12-31": "4809.00000", "2019-09-30": "5063.00000", "2019-06-30": "5157.00000", "2019-03-31": "3451.00000", "2018-12-31": "3481.00000", "2018-09-30": "3485.00000", "2018-06-30": "3495.00000", "2018-03-31": "3550.00000", "2017-12-31": "3509.00000", "2017-09-30": "3495.00000", "2017-06-30": "3454.00000", "2017-03-31": "2784.00000", "2016-12-31": "2779.00000", "2016-09-30": "2834.00000", "2016-06-30": "2094.00000", "2016-03-31": "2068.00000", "2015-12-31": "3922.00000", "2015-09-30": "3791.00000", "2015-06-30": "12054.00000", "2015-03-31": "7680.00000", "2014-12-31": "7331.00000", "2014-09-30": "7753.00000", "2014-06-30": "7528.00000", "2014-03-31": "7517.00000", "2013-12-31": "8126.00000", "2013-09-30": "8652.00000", "2013-06-30": "8624.00000", "2013-03-31": "5157.00000", "2012-12-31": "5580.00000", "2012-09-30": "5614.00000", "2012-06-30": "4432.00000", "2012-03-31": "4411.00000", "2011-12-31": "4749.00000", "2011-09-30": "4447.00000", "2011-06-30": "4378.00000", "2011-03-31": "4351.00000", "2010-12-31": "4363.00000", "2010-09-30": "4360.00000", "2010-06-30": "4119.00000", "2010-03-31": "4056.00000", "2009-12-31": "3440.00000", "2009-09-30": "4136.00000", "2009-06-30": "3593.00000", "2009-03-31": "3675.00000", "2008-12-31": "3362.00000", "2008-09-30": "3185.00000", "2008-06-30": "3172.00000", "2008-03-31": "2731.00000", "2007-12-31": "2664.00000", "2007-09-30": "2024.00000", "2007-06-30": "2051.00000", "2007-03-31": "2124.00000", "2006-12-31": "2567.00000", "2006-09-30": "2680.00000", "2006-06-30": "2244.00000", "2006-03-31": "2276.00000", "2005-12-31": "2414.00000", "2005-09-30": "3008.00000", "2005-06-30": "3039.00000", "2005-03-31": "3022.00000"}, "Other Non-Current Liabilities": {"2020-12-31": "", "2020-09-30": "1824.00000", "2020-06-30": "1882.00000", "2020-03-31": "1827.00000", "2019-12-31": "1732.00000", "2019-09-30": "1514.00000", "2019-06-30": "1464.00000", "2019-03-31": "1483.00000", "2018-12-31": "1559.00000", "2018-09-30": "1545.00000", "2018-06-30": "1585.00000", "2018-03-31": "1605.00000", "2017-12-31": "1665.00000", "2017-09-30": "1925.00000", "2017-06-30": "1786.00000", "2017-03-31": "1762.00000", "2016-12-31": "1743.00000", "2016-09-30": "1691.00000", "2016-06-30": "1655.00000", "2016-03-31": "2439.00000", "2015-12-31": "2425.00000", "2015-09-30": "2555.00000", "2015-06-30": "3628.00000", "2015-03-31": "3819.00000", "2014-12-31": "4614.00000", "2014-09-30": "3394.00000", "2014-06-30": "3619.00000", "2014-03-31": "3406.00000", "2013-12-31": "3364.00000", "2013-09-30": "3856.00000", "2013-06-30": "3296.00000", "2013-03-31": "3382.00000", "2012-12-31": "3073.00000", "2012-09-30": "2563.00000", "2012-06-30": "2532.00000", "2012-03-31": "2552.00000", "2011-12-31": "2639.00000", "2011-09-30": "2041.00000", "2011-06-30": "2088.00000", "2011-03-31": "2202.00000", "2010-12-31": "2289.00000", "2010-09-30": "2241.00000", "2010-06-30": "2149.00000", "2010-03-31": "2167.00000", "2009-12-31": "2030.00000", "2009-09-30": "2039.00000", "2009-06-30": "1981.00000", "2009-03-31": "1998.00000", "2008-12-31": "2117.00000", "2008-09-30": "1641.00000", "2008-06-30": "1686.00000", "2008-03-31": "2008.00000", "2007-12-31": "1902.00000", "2007-09-30": "2142.00000", "2007-06-30": "2127.00000", "2007-03-31": "2131.00000", "2006-12-31": "2237.00000", "2006-09-30": "1944.00000", "2006-06-30": "1937.00000", "2006-03-31": "1832.00000", "2005-12-31": "1849.00000", "2005-09-30": "2128.00000", "2005-06-30": "2016.00000", "2005-03-31": "2081.00000"}, "Total Long Term Liabilities": {"2020-12-31": "", "2020-09-30": "8074.00000", "2020-06-30": "8425.00000", "2020-03-31": "8309.00000", "2019-12-31": "7051.00000", "2019-09-30": "7071.00000", "2019-06-30": "7111.00000", "2019-03-31": "5354.00000", "2018-12-31": "5040.00000", "2018-09-30": "5030.00000", "2018-06-30": "5080.00000", "2018-03-31": "5155.00000", "2017-12-31": "5174.00000", "2017-09-30": "5420.00000", "2017-06-30": "5240.00000", "2017-03-31": "4546.00000", "2016-12-31": "4522.00000", "2016-09-30": "4525.00000", "2016-06-30": "3749.00000", "2016-03-31": "4507.00000", "2015-12-31": "6347.00000", "2015-09-30": "6346.00000", "2015-06-30": "15682.00000", "2015-03-31": "11499.00000", "2014-12-31": "11945.00000", "2014-09-30": "11147.00000", "2014-06-30": "11147.00000", "2014-03-31": "10923.00000", "2013-12-31": "11490.00000", "2013-09-30": "12508.00000", "2013-06-30": "11920.00000", "2013-03-31": "8539.00000", "2012-12-31": "8653.00000", "2012-09-30": "8177.00000", "2012-06-30": "6964.00000", "2012-03-31": "6963.00000", "2011-12-31": "7388.00000", "2011-09-30": "6488.00000", "2011-06-30": "6466.00000", "2011-03-31": "6553.00000", "2010-12-31": "6652.00000", "2010-09-30": "6601.00000", "2010-06-30": "6268.00000", "2010-03-31": "6223.00000", "2009-12-31": "5470.00000", "2009-09-30": "6175.00000", "2009-06-30": "5574.00000", "2009-03-31": "5673.00000", "2008-12-31": "5479.00000", "2008-09-30": "4826.00000", "2008-06-30": "4858.00000", "2008-03-31": "4739.00000", "2007-12-31": "4566.00000", "2007-09-30": "4166.00000", "2007-06-30": "4178.00000", "2007-03-31": "4255.00000", "2006-12-31": "4804.00000", "2006-09-30": "4624.00000", "2006-06-30": "4181.00000", "2006-03-31": "4108.00000", "2005-12-31": "4263.00000", "2005-09-30": "5136.00000", "2005-06-30": "5055.00000", "2005-03-31": "5103.00000"}, "Total Liabilities": {"2020-12-31": "", "2020-09-30": "11496.00000", "2020-06-30": "11305.00000", "2020-03-31": "11345.00000", "2019-12-31": "10281.00000", "2019-09-30": "9682.00000", "2019-06-30": "9708.00000", "2019-03-31": "8681.00000", "2018-12-31": "7854.00000", "2018-09-30": "7734.00000", "2018-06-30": "7709.00000", "2018-03-31": "7797.00000", "2017-12-31": "7995.00000", "2017-09-30": "8082.00000", "2017-06-30": "7798.00000", "2017-03-31": "6984.00000", "2016-12-31": "7266.00000", "2016-09-30": "7131.00000", "2016-06-30": "7472.00000", "2016-03-31": "8330.00000", "2015-12-31": "12097.00000", "2015-09-30": "12327.00000", "2015-06-30": "21994.00000", "2015-03-31": "17573.00000", "2014-12-31": "17982.00000", "2014-09-30": "17137.00000", "2014-06-30": "16942.00000", "2014-03-31": "16568.00000", "2013-12-31": "16738.00000", "2013-09-30": "17504.00000", "2013-06-30": "16436.00000", "2013-03-31": "13317.00000", "2012-12-31": "13412.00000", "2012-09-30": "12635.00000", "2012-06-30": "11834.00000", "2012-03-31": "11820.00000", "2011-12-31": "12245.00000", "2011-09-30": "10653.00000", "2011-06-30": "10497.00000", "2011-03-31": "10442.00000", "2010-12-31": "10693.00000", "2010-09-30": "10800.00000", "2010-06-30": "10353.00000", "2010-03-31": "10507.00000", "2009-12-31": "9934.00000", "2009-09-30": "9643.00000", "2009-06-30": "8969.00000", "2009-03-31": "8795.00000", "2008-12-31": "9114.00000", "2008-09-30": "8150.00000", "2008-06-30": "8251.00000", "2008-03-31": "7975.00000", "2007-12-31": "8378.00000", "2007-09-30": "7855.00000", "2007-06-30": "7970.00000", "2007-03-31": "7879.00000", "2006-12-31": "8414.00000", "2006-09-30": "7593.00000", "2006-06-30": "7142.00000", "2006-03-31": "7033.00000", "2005-12-31": "8428.00000", "2005-09-30": "9407.00000", "2005-06-30": "9416.00000", "2005-03-31": "9798.00000"}, "Common Stock Net": {"2020-12-31": "", "2020-09-30": "683.00000", "2020-06-30": "683.00000", "2020-03-31": "683.00000", "2019-12-31": "683.00000", "2019-09-30": "683.00000", "2019-06-30": "683.00000", "2019-03-31": "683.00000", "2018-12-31": "683.00000", "2018-09-30": "683.00000", "2018-06-30": "683.00000", "2018-03-31": "683.00000", "2017-12-31": "683.00000", "2017-09-30": "683.00000", "2017-06-30": "683.00000", "2017-03-31": "683.00000", "2016-12-31": "683.00000", "2016-09-30": "683.00000", "2016-06-30": "683.00000", "2016-03-31": "683.00000", "2015-12-31": "683.00000", "2015-09-30": "683.00000", "2015-06-30": "683.00000", "2015-03-31": "683.00000", "2014-12-31": "683.00000", "2014-09-30": "683.00000", "2014-06-30": "683.00000", "2014-03-31": "683.00000", "2013-12-31": "683.00000", "2013-09-30": "683.00000", "2013-06-30": "683.00000", "2013-03-31": "683.00000", "2012-12-31": "683.00000", "2012-09-30": "683.00000", "2012-06-30": "683.00000", "2012-03-31": "683.00000", "2011-12-31": "683.00000", "2011-09-30": "683.00000", "2011-06-30": "683.00000", "2011-03-31": "683.00000", "2010-12-31": "683.00000", "2010-09-30": "683.00000", "2010-06-30": "683.00000", "2010-03-31": "683.00000", "2009-12-31": "683.00000", "2009-09-30": "683.00000", "2009-06-30": "683.00000", "2009-03-31": "683.00000", "2008-12-31": "683.00000", "2008-09-30": "683.00000", "2008-06-30": "683.00000", "2008-03-31": "683.00000", "2007-12-31": "683.00000", "2007-09-30": "683.00000", "2007-06-30": "683.00000", "2007-03-31": "683.00000", "2006-12-31": "683.00000", "2006-09-30": "683.00000", "2006-06-30": "683.00000", "2006-03-31": "683.00000", "2005-12-31": "648.00000", "2005-09-30": "648.00000", "2005-06-30": "648.00000", "2005-03-31": "648.00000"}, "Retained Earnings (Accumulated Deficit)": {"2020-12-31": "", "2020-09-30": "16285.00000", "2020-06-30": "16055.00000", "2020-03-31": "15935.00000", "2019-12-31": "15718.00000", "2019-09-30": "15849.00000", "2019-06-30": "16184.00000", "2019-03-31": "15970.00000", "2018-12-31": "15075.00000", "2018-09-30": "15394.00000", "2018-06-30": "14966.00000", "2018-03-31": "14734.00000", "2017-12-31": "14483.00000", "2017-09-30": "14615.00000", "2017-06-30": "14480.00000", "2017-03-31": "14323.00000", "2016-12-31": "14200.00000", "2016-09-30": "14049.00000", "2016-06-30": "14037.00000", "2016-03-31": "12923.00000", "2015-12-31": "9683.00000", "2015-09-30": "9578.00000", "2015-06-30": "13389.00000", "2015-03-31": "13352.00000", "2014-12-31": "13227.00000", "2014-09-30": "12563.00000", "2014-06-30": "12378.00000", "2014-03-31": "12142.00000", "2013-12-31": "11852.00000", "2013-09-30": "11792.00000", "2013-06-30": "11517.00000", "2013-03-31": "11194.00000", "2012-12-31": "10888.00000", "2012-09-30": "10642.00000", "2012-06-30": "10306.00000", "2012-03-31": "9831.00000", "2011-12-31": "9429.00000", "2011-09-30": "9154.00000", "2011-06-30": "8754.00000", "2011-03-31": "8316.00000", "2010-12-31": "7925.00000", "2010-09-30": "7717.00000", "2010-06-30": "7376.00000", "2010-03-31": "7030.00000", "2009-12-31": "7343.00000", "2009-09-30": "6954.00000", "2009-06-30": "6580.00000", "2009-03-31": "6152.00000", "2008-12-31": "5795.00000", "2008-09-30": "5415.00000", "2008-06-30": "5078.00000", "2008-03-31": "4671.00000", "2007-12-31": "4379.00000", "2007-09-30": "4039.00000", "2007-06-30": "3767.00000", "2007-03-31": "3491.00000", "2006-12-31": "3271.00000", "2006-09-30": "3816.00000", "2006-06-30": "3442.00000", "2006-03-31": "3133.00000", "2005-12-31": "2430.00000", "2005-09-30": "2923.00000", "2005-06-30": "2807.00000", "2005-03-31": "2485.00000"}, "Comprehensive Income": {"2020-12-31": "", "2020-09-30": "-3839.00000", "2020-06-30": "-3988.00000", "2020-03-31": "-4177.00000", "2019-12-31": "-3710.00000", "2019-09-30": "-4288.00000", "2019-06-30": "-4639.00000", "2019-03-31": "-4562.00000", "2018-12-31": "-3823.00000", "2018-09-30": "-4239.00000", "2018-06-30": "-4199.00000", "2018-03-31": "-3876.00000", "2017-12-31": "-4001.00000", "2017-09-30": "-3994.00000", "2017-06-30": "-4176.00000", "2017-03-31": "-4418.00000", "2016-12-31": "-4556.00000", "2016-09-30": "-4172.00000", "2016-06-30": "-4204.00000", "2016-03-31": "-3035.00000", "2015-12-31": "224.00000", "2015-09-30": "-617.00000", "2015-06-30": "-4146.00000", "2015-03-31": "-4709.00000", "2014-12-31": "-3650.00000", "2014-09-30": "-2654.00000", "2014-06-30": "-2145.00000", "2014-03-31": "-1946.00000", "2013-12-31": "-1976.00000", "2013-09-30": "-2600.00000", "2013-06-30": "-2765.00000", "2013-03-31": "-2757.00000", "2012-12-31": "-2810.00000", "2012-09-30": "-2549.00000", "2012-06-30": "-2737.00000", "2012-03-31": "-2449.00000", "2011-12-31": "-2591.00000", "2011-09-30": "-2049.00000", "2011-06-30": "-1772.00000", "2011-03-31": "-1875.00000", "2010-12-31": "-2139.00000", "2010-09-30": "-1971.00000", "2010-06-30": "-2348.00000", "2010-03-31": "-2033.00000", "2009-12-31": "-1777.00000", "2009-09-30": "-1609.00000", "2009-06-30": "-1752.00000", "2009-03-31": "-1977.00000", "2008-12-31": "-1885.00000", "2008-09-30": "-966.00000", "2008-06-30": "-711.00000", "2008-03-31": "-749.00000", "2007-12-31": "-940.00000", "2007-09-30": "-1261.00000", "2007-06-30": "-1295.00000", "2007-03-31": "-1365.00000", "2006-12-31": "-1426.00000", "2006-09-30": "-1458.00000", "2006-06-30": "-1494.00000", "2006-03-31": "-1471.00000", "2005-12-31": "-1496.00000", "2005-09-30": "-1443.00000", "2005-06-30": "-1436.00000", "2005-03-31": "-1267.00000"}, "Other Share Holders Equity": {"2020-12-31": "", "2020-09-30": "", "2020-06-30": "", "2020-03-31": "", "2019-12-31": "", "2019-09-30": "", "2019-06-30": "", "2019-03-31": "", "2018-12-31": "", "2018-09-30": "", "2018-06-30": "", "2018-03-31": "", "2017-12-31": "", "2017-09-30": "", "2017-06-30": "", "2017-03-31": "", "2016-12-31": "", "2016-09-30": "", "2016-06-30": "", "2016-03-31": "", "2015-12-31": "", "2015-09-30": "", "2015-06-30": "", "2015-03-31": "", "2014-12-31": "", "2014-09-30": "", "2014-06-30": "", "2014-03-31": "", "2013-12-31": "", "2013-09-30": "", "2013-06-30": "", "2013-03-31": "", "2012-12-31": "", "2012-09-30": "", "2012-06-30": "", "2012-03-31": "", "2011-12-31": "", "2011-09-30": "", "2011-06-30": "", "2011-03-31": "", "2010-12-31": "", "2010-09-30": "", "2010-06-30": "", "2010-03-31": "", "2009-12-31": "", "2009-09-30": "", "2009-06-30": "", "2009-03-31": "", "2008-12-31": "", "2008-09-30": "", "2008-06-30": "", "2008-03-31": "", "2007-12-31": "", "2007-09-30": "", "2007-06-30": "", "2007-03-31": "", "2006-12-31": "", "2006-09-30": "", "2006-06-30": "", "2006-03-31": "", "2005-12-31": "", "2005-09-30": "", "2005-06-30": "", "2005-03-31": ""}, "Share Holder Equity": {"2020-12-31": "", "2020-09-30": "8602.00000", "2020-06-30": "8160.00000", "2020-03-31": "7730.00000", "2019-12-31": "7912.00000", "2019-09-30": "7617.00000", "2019-06-30": "7836.00000", "2019-03-31": "7669.00000", "2018-12-31": "7866.00000", "2018-09-30": "9113.00000", "2018-06-30": "8869.00000", "2018-03-31": "9093.00000", "2017-12-31": "9116.00000", "2017-09-30": "9459.00000", "2017-06-30": "9165.00000", "2017-03-31": "8675.00000", "2016-12-31": "8280.00000", "2016-09-30": "8664.00000", "2016-06-30": "8510.00000", "2016-03-31": "9020.00000", "2015-12-31": "8865.00000", "2015-09-30": "7845.00000", "2015-06-30": "8021.00000", "2015-03-31": "7288.00000", "2014-12-31": "8156.00000", "2014-09-30": "8426.00000", "2014-06-30": "8687.00000", "2014-03-31": "8693.00000", "2013-12-31": "8486.00000", "2013-09-30": "7746.00000", "2013-06-30": "7315.00000", "2013-03-31": "7001.00000", "2012-12-31": "6978.00000", "2012-09-30": "7190.00000", "2012-06-30": "6612.00000", "2012-03-31": "6964.00000", "2011-12-31": "6828.00000", "2011-09-30": "7190.00000", "2011-06-30": "7244.00000", "2011-03-31": "6971.00000", "2010-12-31": "6796.00000", "2010-09-30": "6763.00000", "2010-06-30": "6134.00000", "2010-03-31": "6659.00000", "2009-12-31": "7420.00000", "2009-09-30": "7311.00000", "2009-06-30": "6774.00000", "2009-03-31": "6158.00000", "2008-12-31": "6291.00000", "2008-09-30": "7059.00000", "2008-06-30": "7219.00000", "2008-03-31": "6997.00000", "2007-12-31": "6916.00000", "2007-09-30": "6292.00000", "2007-06-30": "6689.00000", "2007-03-31": "6604.00000", "2006-12-31": "6272.00000", "2006-09-30": "6338.00000", "2006-06-30": "5865.00000", "2006-03-31": "5747.00000", "2005-12-31": "4299.00000", "2005-09-30": "4376.00000", "2005-06-30": "4210.00000", "2005-03-31": "4010.00000"}, "Total Liabilities And Share Holders Equity": {"2020-12-31": "", "2020-09-30": "20098.00000", "2020-06-30": "19465.00000", "2020-03-31": "19075.00000", "2019-12-31": "18193.00000", "2019-09-30": "17299.00000", "2019-06-30": "17544.00000", "2019-03-31": "16350.00000", "2018-12-31": "15720.00000", "2018-09-30": "16847.00000", "2018-06-30": "16578.00000", "2018-03-31": "16890.00000", "2017-12-31": "17111.00000", "2017-09-30": "17541.00000", "2017-06-30": "16963.00000", "2017-03-31": "15659.00000", "2016-12-31": "15546.00000", "2016-09-30": "15795.00000", "2016-06-30": "15982.00000", "2016-03-31": "17350.00000", "2015-12-31": "20962.00000", "2015-09-30": "20172.00000", "2015-06-30": "30015.00000", "2015-03-31": "24861.00000", "2014-12-31": "26138.00000", "2014-09-30": "25563.00000", "2014-06-30": "25629.00000", "2014-03-31": "25261.00000", "2013-12-31": "25224.00000", "2013-09-30": "25250.00000", "2013-06-30": "23751.00000", "2013-03-31": "20318.00000", "2012-12-31": "20390.00000", "2012-09-30": "19825.00000", "2012-06-30": "18446.00000", "2012-03-31": "18784.00000", "2011-12-31": "19073.00000", "2011-09-30": "17843.00000", "2011-06-30": "17741.00000", "2011-03-31": "17413.00000", "2010-12-31": "17489.00000", "2010-09-30": "17563.00000", "2010-06-30": "16487.00000", "2010-03-31": "17166.00000", "2009-12-31": "17354.00000", "2009-09-30": "16954.00000", "2009-06-30": "15743.00000", "2009-03-31": "14953.00000", "2008-12-31": "15405.00000", "2008-09-30": "15209.00000", "2008-06-30": "15470.00000", "2008-03-31": "14972.00000", "2007-12-31": "15294.00000", "2007-09-30": "14147.00000", "2007-06-30": "14659.00000", "2007-03-31": "14483.00000", "2006-12-31": "14686.00000", "2006-09-30": "13931.00000", "2006-06-30": "13007.00000", "2006-03-31": "12780.00000", "2005-12-31": "12727.00000", "2005-09-30": "13783.00000", "2005-06-30": "13626.00000", "2005-03-31": "13808.00000"}}, "cash flow statement": {"Net Income/Loss": {"2020-12-31": "0.00000", "2019-12-31": "1011.00000", "2018-12-31": "1546.00000", "2017-12-31": "602.00000", "2016-12-31": "4965.00000", "2015-12-31": "968.00000", "2014-12-31": "2497.00000", "2013-12-31": "2012.00000", "2012-12-31": "2326.00000", "2011-12-31": "2256.00000", "2010-12-31": "1427.00000", "2009-12-31": "2215.00000", "2008-12-31": "2025.00000", "2007-12-31": "1721.00000", "2006-12-31": "1397.00000", "2005-12-31": "956.00000"}, "Total Depreciation And Amortization - Cash Flow": {"2020-12-31": "", "2019-12-31": "820.00000", "2018-12-31": "771.00000", "2017-12-31": "750.00000", "2016-12-31": "800.00000", "2015-12-31": "759.00000", "2014-12-31": "792.00000", "2013-12-31": "635.00000", "2012-12-31": "712.00000", "2011-12-31": "670.00000", "2010-12-31": "685.00000", "2009-12-31": "638.00000", "2008-12-31": "631.00000", "2007-12-31": "581.00000", "2006-12-31": "575.00000", "2005-12-31": "580.00000"}, "Other Non-Cash Items": {"2020-12-31": "", "2019-12-31": "583.00000", "2018-12-31": "-102.00000", "2017-12-31": "434.00000", "2016-12-31": "-4181.00000", "2015-12-31": "341.00000", "2014-12-31": "321.00000", "2013-12-31": "602.00000", "2012-12-31": "608.00000", "2011-12-31": "552.00000", "2010-12-31": "1092.00000", "2009-12-31": "396.00000", "2008-12-31": "439.00000", "2007-12-31": "422.00000", "2006-12-31": "107.00000", "2005-12-31": "160.00000"}, "Total Non-Cash Items": {"2020-12-31": "", "2019-12-31": "1403.00000", "2018-12-31": "669.00000", "2017-12-31": "1184.00000", "2016-12-31": "-3381.00000", "2015-12-31": "1100.00000", "2014-12-31": "1113.00000", "2013-12-31": "1237.00000", "2012-12-31": "1320.00000", "2011-12-31": "1222.00000", "2010-12-31": "1777.00000", "2009-12-31": "1034.00000", "2008-12-31": "1070.00000", "2007-12-31": "1003.00000", "2006-12-31": "682.00000", "2005-12-31": "740.00000"}, "Change In Accounts Receivable": {"2020-12-31": "", "2019-12-31": "-65.00000", "2018-12-31": "-12.00000", "2017-12-31": "30.00000", "2016-12-31": "15.00000", "2015-12-31": "-4.00000", "2014-12-31": "-93.00000", "2013-12-31": "16.00000", "2012-12-31": "-41.00000", "2011-12-31": "-229.00000", "2010-12-31": "-122.00000", "2009-12-31": "-167.00000", "2008-12-31": "-98.00000", "2007-12-31": "-278.00000", "2006-12-31": "-16.00000", "2005-12-31": "178.00000"}, "Change In Inventories": {"2020-12-31": "", "2019-12-31": "4.00000", "2018-12-31": "-197.00000", "2017-12-31": "76.00000", "2016-12-31": "80.00000", "2015-12-31": "-118.00000", "2014-12-31": "-143.00000", "2013-12-31": "-49.00000", "2012-12-31": "-129.00000", "2011-12-31": "-315.00000", "2010-12-31": "20.00000", "2009-12-31": "-60.00000", "2008-12-31": "-163.00000", "2007-12-31": "-211.00000", "2006-12-31": "-35.00000", "2005-12-31": "88.00000"}, "Change In Accounts Payable": {"2020-12-31": "", "2019-12-31": "", "2018-12-31": "", "2017-12-31": "", "2016-12-31": "", "2015-12-31": "", "2014-12-31": "", "2013-12-31": "", "2012-12-31": "", "2011-12-31": "", "2010-12-31": "", "2009-12-31": "", "2008-12-31": "", "2007-12-31": "", "2006-12-31": "", "2005-12-31": ""}, "Change In Assets/Liabilities": {"2020-12-31": "", "2019-12-31": "-152.00000", "2018-12-31": "-99.00000", "2017-12-31": "-227.00000", "2016-12-31": "-74.00000", "2015-12-31": "-453.00000", "2014-12-31": "-141.00000", "2013-12-31": "-120.00000", "2012-12-31": "-476.00000", "2011-12-31": "-247.00000", "2010-12-31": "-182.00000", "2009-12-31": "-59.00000", "2008-12-31": "-120.00000", "2007-12-31": "88.00000", "2006-12-31": "91.00000", "2005-12-31": "-135.00000"}, "Total Change In Assets/Liabilities": {"2020-12-31": "", "2019-12-31": "-425.00000", "2018-12-31": "-248.00000", "2017-12-31": "-110.00000", "2016-12-31": "-176.00000", "2015-12-31": "-339.00000", "2014-12-31": "-414.00000", "2013-12-31": "22.00000", "2012-12-31": "-606.00000", "2011-12-31": "-693.00000", "2010-12-31": "-258.00000", "2009-12-31": "-341.00000", "2008-12-31": "-620.00000", "2007-12-31": "-400.00000", "2006-12-31": "70.00000", "2005-12-31": "-194.00000"}, "Cash Flow From Operating Activities": {"2020-12-31": "", "2019-12-31": "2104.00000", "2018-12-31": "2017.00000", "2017-12-31": "1714.00000", "2016-12-31": "1654.00000", "2015-12-31": "1771.00000", "2014-12-31": "3215.00000", "2013-12-31": "3198.00000", "2012-12-31": "3106.00000", "2011-12-31": "2817.00000", "2010-12-31": "3003.00000", "2009-12-31": "2909.00000", "2008-12-31": "2515.00000", "2007-12-31": "2305.00000", "2006-12-31": "2183.00000", "2005-12-31": "1550.00000"}, "Net Change In Property, Plant, And Equipment": {"2020-12-31": "", "2019-12-31": "-696.00000", "2018-12-31": "-659.00000", "2017-12-31": "-616.00000", "2016-12-31": "-719.00000", "2015-12-31": "-911.00000", "2014-12-31": "-925.00000", "2013-12-31": "-706.00000", "2012-12-31": "-1161.00000", "2011-12-31": "-960.00000", "2010-12-31": "-963.00000", "2009-12-31": "-1014.00000", "2008-12-31": "-954.00000", "2007-12-31": "-692.00000", "2006-12-31": "-526.00000", "2005-12-31": "-444.00000"}, "Net Change In Intangible Assets": {"2020-12-31": "", "2019-12-31": "", "2018-12-31": "", "2017-12-31": "", "2016-12-31": "", "2015-12-31": "", "2014-12-31": "", "2013-12-31": "", "2012-12-31": "", "2011-12-31": "", "2010-12-31": "", "2009-12-31": "", "2008-12-31": "", "2007-12-31": "", "2006-12-31": "", "2005-12-31": ""}, "Net Acquisitions/Divestitures": {"2020-12-31": "", "2019-12-31": "-418.00000", "2018-12-31": "-268.00000", "2017-12-31": "-686.00000", "2016-12-31": "-11.00000", "2015-12-31": "50.00000", "2014-12-31": "4.00000", "2013-12-31": "-3642.00000", "2012-12-31": "-408.00000", "2011-12-31": "-467.00000", "2010-12-31": "-301.00000", "2009-12-31": "-132.00000", "2008-12-31": "-39.00000", "2007-12-31": "387.00000", "2006-12-31": "184.00000", "2005-12-31": "77.00000"}, "Net Change In Short-term Investments": {"2020-12-31": "", "2019-12-31": "", "2018-12-31": "", "2017-12-31": "", "2016-12-31": "", "2015-12-31": "", "2014-12-31": "", "2013-12-31": "", "2012-12-31": "", "2011-12-31": "", "2010-12-31": "", "2009-12-31": "", "2008-12-31": "", "2007-12-31": "", "2006-12-31": "", "2005-12-31": ""}, "Net Change In Long-Term Investments": {"2020-12-31": "", "2019-12-31": "", "2018-12-31": "", "2017-12-31": "", "2016-12-31": "", "2015-12-31": "", "2014-12-31": "", "2013-12-31": "", "2012-12-31": "", "2011-12-31": "", "2010-12-31": "", "2009-12-31": "", "2008-12-31": "", "2007-12-31": "", "2006-12-31": "", "2005-12-31": ""}, "Net Change In Investments - Total": {"2020-12-31": "", "2019-12-31": "", "2018-12-31": "", "2017-12-31": "", "2016-12-31": "", "2015-12-31": "", "2014-12-31": "", "2013-12-31": "", "2012-12-31": "", "2011-12-31": "", "2010-12-31": "", "2009-12-31": "", "2008-12-31": "", "2007-12-31": "", "2006-12-31": "", "2005-12-31": ""}, "Investing Activities - Other": {"2020-12-31": "", "2019-12-31": "14.00000", "2018-12-31": "11.00000", "2017-12-31": "10.00000", "2016-12-31": "15.00000", "2015-12-31": "-946.00000", "2014-12-31": "-621.00000", "2013-12-31": "-1014.00000", "2012-12-31": "", "2011-12-31": "", "2010-12-31": "", "2009-12-31": "", "2008-12-31": "", "2007-12-31": "", "2006-12-31": "", "2005-12-31": ""}, "Cash Flow From Investing Activities": {"2020-12-31": "", "2019-12-31": "-1100.00000", "2018-12-31": "-916.00000", "2017-12-31": "-1292.00000", "2016-12-31": "-715.00000", "2015-12-31": "-1807.00000", "2014-12-31": "-1542.00000", "2013-12-31": "-5362.00000", "2012-12-31": "-1569.00000", "2011-12-31": "-1427.00000", "2010-12-31": "-1264.00000", "2009-12-31": "-1146.00000", "2008-12-31": "-993.00000", "2007-12-31": "-305.00000", "2006-12-31": "-342.00000", "2005-12-31": "-367.00000"}, "Net Long-Term Debt": {"2020-12-31": "", "2019-12-31": "1883.00000", "2018-12-31": "", "2017-12-31": "665.00000", "2016-12-31": "260.00000", "2015-12-31": "3082.00000", "2014-12-31": "-988.00000", "2013-12-31": "3096.00000", "2012-12-31": "1015.00000", "2011-12-31": "483.00000", "2010-12-31": "91.00000", "2009-12-31": "673.00000", "2008-12-31": "-279.00000", "2007-12-31": "-51.00000", "2006-12-31": "-543.00000", "2005-12-31": "-1264.00000"}, "Net Current Debt": {"2020-12-31": "", "2019-12-31": "", "2018-12-31": "", "2017-12-31": "", "2016-12-31": "-300.00000", "2015-12-31": "-575.00000", "2014-12-31": "875.00000", "2013-12-31": "", "2012-12-31": "-250.00000", "2011-12-31": "250.00000", "2010-12-31": "", "2009-12-31": "-200.00000", "2008-12-31": "200.00000", "2007-12-31": "", "2006-12-31": "", "2005-12-31": ""}, "Debt Issuance/Retirement Net - Total": {"2020-12-31": "", "2019-12-31": "1883.00000", "2018-12-31": "", "2017-12-31": "665.00000", "2016-12-31": "-40.00000", "2015-12-31": "2507.00000", "2014-12-31": "-113.00000", "2013-12-31": "3096.00000", "2012-12-31": "765.00000", "2011-12-31": "733.00000", "2010-12-31": "91.00000", "2009-12-31": "473.00000", "2008-12-31": "-79.00000", "2007-12-31": "-51.00000", "2006-12-31": "-543.00000", "2005-12-31": "-1264.00000"}, "Net Common Equity Issued/Repurchased": {"2020-12-31": "", "2019-12-31": "-914.00000", "2018-12-31": "-2194.00000", "2017-12-31": "-217.00000", "2016-12-31": "-6.00000", "2015-12-31": "193.00000", "2014-12-31": "-550.00000", "2013-12-31": "-913.00000", "2012-12-31": "-1480.00000", "2011-12-31": "-1583.00000", "2010-12-31": "-1453.00000", "2009-12-31": "-1216.00000", "2008-12-31": "-1986.00000", "2007-12-31": "-1216.00000", "2006-12-31": "784.00000", "2005-12-31": "176.00000"}, "Net Total Equity Issued/Repurchased": {"2020-12-31": "", "2019-12-31": "-914.00000", "2018-12-31": "-2194.00000", "2017-12-31": "-217.00000", "2016-12-31": "-6.00000", "2015-12-31": "193.00000", "2014-12-31": "-550.00000", "2013-12-31": "-913.00000", "2012-12-31": "-1480.00000", "2011-12-31": "-1583.00000", "2010-12-31": "-1453.00000", "2009-12-31": "-1216.00000", "2008-12-31": "-1986.00000", "2007-12-31": "-1216.00000", "2006-12-31": "784.00000", "2005-12-31": "176.00000"}, "Total Common And Preferred Stock Dividends Paid": {"2020-12-31": "", "2019-12-31": "-423.00000", "2018-12-31": "-376.00000", "2017-12-31": "-315.00000", "2016-12-31": "-268.00000", "2015-12-31": "-910.00000", "2014-12-31": "-1095.00000", "2013-12-31": "-1023.00000", "2012-12-31": "-804.00000", "2011-12-31": "-709.00000", "2010-12-31": "-688.00000", "2009-12-31": "-632.00000", "2008-12-31": "-546.00000", "2007-12-31": "-704.00000", "2006-12-31": "-364.00000", "2005-12-31": "-359.00000"}, "Financial Activities - Other": {"2020-12-31": "", "2019-12-31": "-48.00000", "2018-12-31": "-33.00000", "2017-12-31": "-40.00000", "2016-12-31": "-10.00000", "2015-12-31": "-2271.00000", "2014-12-31": "356.00000", "2013-12-31": "485.00000", "2012-12-31": "404.00000", "2011-12-31": "422.00000", "2010-12-31": "334.00000", "2009-12-31": "363.00000", "2008-12-31": "680.00000", "2007-12-31": "", "2006-12-31": "", "2005-12-31": ""}, "Cash Flow From Financial Activities": {"2020-12-31": "", "2019-12-31": "498.00000", "2018-12-31": "-2603.00000", "2017-12-31": "93.00000", "2016-12-31": "-324.00000", "2015-12-31": "-481.00000", "2014-12-31": "-1402.00000", "2013-12-31": "1645.00000", "2012-12-31": "-1115.00000", "2011-12-31": "-1137.00000", "2010-12-31": "-1716.00000", "2009-12-31": "-1012.00000", "2008-12-31": "-1931.00000", "2007-12-31": "-1971.00000", "2006-12-31": "-123.00000", "2005-12-31": "-1447.00000"}, "Net Cash Flow": {"2020-12-31": "", "2019-12-31": "1497.00000", "2018-12-31": "-1565.00000", "2017-12-31": "617.00000", "2016-12-31": "588.00000", "2015-12-31": "-712.00000", "2014-12-31": "192.00000", "2013-12-31": "-537.00000", "2012-12-31": "365.00000", "2011-12-31": "220.00000", "2010-12-31": "-101.00000", "2009-12-31": "655.00000", "2008-12-31": "-408.00000", "2007-12-31": "54.00000", "2006-12-31": "1644.00000", "2005-12-31": "-268.00000"}, "Stock-Based Compensation": {"2020-12-31": "", "2019-12-31": "122.00000", "2018-12-31": "115.00000", "2017-12-31": "107.00000", "2016-12-31": "115.00000", "2015-12-31": "126.00000", "2014-12-31": "126.00000", "2013-12-31": "122.00000", "2012-12-31": "130.00000", "2011-12-31": "119.00000", "2010-12-31": "120.00000", "2009-12-31": "140.00000", "2008-12-31": "146.00000", "2007-12-31": "136.00000", "2006-12-31": "94.00000", "2005-12-31": "9.00000"}, "Common Stock Dividends Paid": {"2020-12-31": "", "2019-12-31": "-423.00000", "2018-12-31": "-376.00000", "2017-12-31": "-315.00000", "2016-12-31": "-268.00000", "2015-12-31": "-910.00000", "2014-12-31": "-1095.00000", "2013-12-31": "-1023.00000", "2012-12-31": "-804.00000", "2011-12-31": "-709.00000", "2010-12-31": "-688.00000", "2009-12-31": "-632.00000", "2008-12-31": "-546.00000", "2007-12-31": "-704.00000", "2006-12-31": "-364.00000", "2005-12-31": "-359.00000"}}, "cash flow statement, quarterly": {"Net Income/Loss": {"2020-12-31": -939, "2020-09-30": 359, "2020-06-30": 247, "2020-03-31": "333.00000", "2019-12-31": -19, "2019-09-30": 375, "2019-06-30": 313, "2019-03-31": "342.00000", "2018-12-31": 305, "2018-09-30": 509, "2018-06-30": 343, "2018-03-31": "389.00000", "2017-12-31": -186, "2017-09-30": 251, "2017-06-30": 265, "2017-03-31": "272.00000", "2016-12-31": 243, "2016-09-30": 130, "2016-06-30": 1212, "2016-03-31": "3380.00000", "2015-12-31": 205, "2015-09-30": 1, "2015-06-30": 332, "2015-03-31": "430.00000", "2014-12-31": 953, "2014-09-30": 468, "2014-06-30": 520, "2014-03-31": "556.00000", "2013-12-31": 326, "2013-09-30": 544, "2013-06-30": 590, "2013-03-31": "552.00000", "2012-12-31": 494, "2012-09-30": 583, "2012-06-30": 661, "2012-03-31": "588.00000", "2011-12-31": 472, "2011-09-30": 578, "2011-06-30": 629, "2011-03-31": "577.00000", "2010-12-31": 426, "2010-09-30": 524, "2010-06-30": 537, "2010-03-31": "-60.00000", "2009-12-31": 576, "2009-09-30": 532, "2009-06-30": 589, "2009-03-31": "518.00000", "2008-12-31": 569, "2008-09-30": 476, "2008-06-30": 548, "2008-03-31": "432.00000", "2007-12-31": 492, "2007-09-30": 395, "2007-06-30": 431, "2007-03-31": "403.00000", "2006-12-31": 432, "2006-09-30": 374, "2006-06-30": 309, "2006-03-31": "282.00000", "2005-12-31": 292, "2005-09-30": 116, "2005-06-30": 322, "2005-03-31": "226.00000"}, "Total Depreciation And Amortization - Cash Flow": {"2020-12-31": -627, "2020-09-30": 209, "2020-06-30": 219, "2020-03-31": "199.00000", "2019-12-31": 209, "2019-09-30": 195, "2019-06-30": 224, "2019-03-31": "192.00000", "2018-12-31": 185, "2018-09-30": 199, "2018-06-30": 195, "2018-03-31": "192.00000", "2017-12-31": 188, "2017-09-30": 184, "2017-06-30": 184, "2017-03-31": "194.00000", "2016-12-31": 201, "2016-09-30": 204, "2016-06-30": 206, "2016-03-31": "189.00000", "2015-12-31": 166, "2015-09-30": 216, "2015-06-30": 190, "2015-03-31": "187.00000", "2014-12-31": 200, "2014-09-30": 103, "2014-06-30": 253, "2014-03-31": "236.00000", "2013-12-31": 62, "2013-09-30": 207, "2013-06-30": 183, "2013-03-31": "183.00000", "2012-12-31": 178, "2012-09-30": 179, "2012-06-30": 180, "2012-03-31": "175.00000", "2011-12-31": 167, "2011-09-30": 176, "2011-06-30": 169, "2011-03-31": "158.00000", "2010-12-31": 179, "2010-09-30": 171, "2010-06-30": 169, "2010-03-31": "166.00000", "2009-12-31": 172, "2009-09-30": 164, "2009-06-30": 154, "2009-03-31": "148.00000", "2008-12-31": 150, "2008-09-30": 165, "2008-06-30": 160, "2008-03-31": "156.00000", "2007-12-31": 153, "2007-09-30": 141, "2007-06-30": 147, "2007-03-31": "140.00000", "2006-12-31": 144, "2006-09-30": 146, "2006-06-30": 146, "2006-03-31": "139.00000", "2005-12-31": 143, "2005-09-30": 145, "2005-06-30": 145, "2005-03-31": "147.00000"}, "Other Non-Cash Items": {"2020-12-31": -109, "2020-09-30": 30, "2020-06-30": 49, "2020-03-31": "30.00000", "2019-12-31": 534, "2019-09-30": 54, "2019-06-30": -18, "2019-03-31": "13.00000", "2018-12-31": 71, "2018-09-30": -183, "2018-06-30": 40, "2018-03-31": "-30.00000", "2017-12-31": 317, "2017-09-30": 157, "2017-06-30": -82, "2017-03-31": "42.00000", "2016-12-31": 323, "2016-09-30": -33, "2016-06-30": -1062, "2016-03-31": "-3409.00000", "2015-12-31": 240, "2015-09-30": -46, "2015-06-30": 182, "2015-03-31": "-35.00000", "2014-12-31": -114, "2014-09-30": 160, "2014-06-30": 235, "2014-03-31": "40.00000", "2013-12-31": 144, "2013-09-30": 333, "2013-06-30": -1, "2013-03-31": "126.00000", "2012-12-31": 554, "2012-09-30": 43, "2012-06-30": 20, "2012-03-31": "-9.00000", "2011-12-31": 515, "2011-09-30": -24, "2011-06-30": 7, "2011-03-31": "54.00000", "2010-12-31": 228, "2010-09-30": 168, "2010-06-30": 41, "2010-03-31": "655.00000", "2009-12-31": 144, "2009-09-30": 152, "2009-06-30": 102, "2009-03-31": "-2.00000", "2008-12-31": 59, "2008-09-30": 170, "2008-06-30": 70, "2008-03-31": "140.00000", "2007-12-31": 195, "2007-09-30": 82, "2007-06-30": 134, "2007-03-31": "11.00000", "2006-12-31": -79, "2006-09-30": 79, "2006-06-30": 106, "2006-03-31": "1.00000", "2005-12-31": 54, "2005-09-30": 83, "2005-06-30": 42, "2005-03-31": "-19.00000"}, "Total Non-Cash Items": {"2020-12-31": -736, "2020-09-30": 239, "2020-06-30": 268, "2020-03-31": "229.00000", "2019-12-31": 743, "2019-09-30": 249, "2019-06-30": 206, "2019-03-31": "205.00000", "2018-12-31": 256, "2018-09-30": 16, "2018-06-30": 235, "2018-03-31": "162.00000", "2017-12-31": 505, "2017-09-30": 341, "2017-06-30": 102, "2017-03-31": "236.00000", "2016-12-31": 524, "2016-09-30": 171, "2016-06-30": -856, "2016-03-31": "-3220.00000", "2015-12-31": 406, "2015-09-30": 170, "2015-06-30": 372, "2015-03-31": "152.00000", "2014-12-31": 86, "2014-09-30": 263, "2014-06-30": 488, "2014-03-31": "276.00000", "2013-12-31": 206, "2013-09-30": 540, "2013-06-30": 182, "2013-03-31": "309.00000", "2012-12-31": 732, "2012-09-30": 222, "2012-06-30": 200, "2012-03-31": "166.00000", "2011-12-31": 682, "2011-09-30": 152, "2011-06-30": 176, "2011-03-31": "212.00000", "2010-12-31": 407, "2010-09-30": 339, "2010-06-30": 210, "2010-03-31": "821.00000", "2009-12-31": 316, "2009-09-30": 316, "2009-06-30": 256, "2009-03-31": "146.00000", "2008-12-31": 209, "2008-09-30": 335, "2008-06-30": 230, "2008-03-31": "296.00000", "2007-12-31": 348, "2007-09-30": 223, "2007-06-30": 281, "2007-03-31": "151.00000", "2006-12-31": 65, "2006-09-30": 225, "2006-06-30": 252, "2006-03-31": "140.00000", "2005-12-31": 197, "2005-09-30": 228, "2005-06-30": 187, "2005-03-31": "128.00000"}, "Change In Accounts Receivable": {"2020-12-31": 126, "2020-09-30": -101, "2020-06-30": 35, "2020-03-31": "-60.00000", "2019-12-31": -42, "2019-09-30": 37, "2019-06-30": -92, "2019-03-31": "32.00000", "2018-12-31": 4, "2018-09-30": -59, "2018-06-30": -33, "2018-03-31": "76.00000", "2017-12-31": -2, "2017-09-30": -11, "2017-06-30": -35, "2017-03-31": "78.00000", "2016-12-31": -7, "2016-09-30": 60, "2016-06-30": -54, "2016-03-31": "16.00000", "2015-12-31": -9, "2015-09-30": -45, "2015-06-30": 0, "2015-03-31": "50.00000", "2014-12-31": -82, "2014-09-30": -14, "2014-06-30": -230, "2014-03-31": "233.00000", "2013-12-31": -54, "2013-09-30": 58, "2013-06-30": -73, "2013-03-31": "85.00000", "2012-12-31": -113, "2012-09-30": -42, "2012-06-30": 90, "2012-03-31": "24.00000", "2011-12-31": -127, "2011-09-30": 55, "2011-06-30": -89, "2011-03-31": "-68.00000", "2010-12-31": -95, "2010-09-30": 11, "2010-06-30": -5, "2010-03-31": "-33.00000", "2009-12-31": -59, "2009-09-30": -50, "2009-06-30": -103, "2009-03-31": "45.00000", "2008-12-31": -12, "2008-09-30": 7, "2008-06-30": -111, "2008-03-31": "18.00000", "2007-12-31": -164, "2007-09-30": 40, "2007-06-30": -56, "2007-03-31": "-98.00000", "2006-12-31": -49, "2006-09-30": 18, "2006-06-30": -23, "2006-03-31": "38.00000", "2005-12-31": 45, "2005-09-30": 98, "2005-06-30": -24, "2005-03-31": "59.00000"}, "Change In Inventories": {"2020-12-31": 305, "2020-09-30": -44, "2020-06-30": -178, "2020-03-31": "-83.00000", "2019-12-31": 92, "2019-09-30": 3, "2019-06-30": -9, "2019-03-31": "-82.00000", "2018-12-31": 29, "2018-09-30": -92, "2018-06-30": -78, "2018-03-31": "-56.00000", "2017-12-31": 76, "2017-09-30": 38, "2017-06-30": -9, "2017-03-31": "-29.00000", "2016-12-31": 91, "2016-09-30": 14, "2016-06-30": 1, "2016-03-31": "-26.00000", "2015-12-31": 87, "2015-09-30": -35, "2015-06-30": -48, "2015-03-31": "-122.00000", "2014-12-31": 32, "2014-09-30": 185, "2014-06-30": -127, "2014-03-31": "-233.00000", "2013-12-31": 363, "2013-09-30": -106, "2013-06-30": -125, "2013-03-31": "-181.00000", "2012-12-31": 7, "2012-09-30": -36, "2012-06-30": -28, "2012-03-31": "-72.00000", "2011-12-31": -43, "2011-09-30": -58, "2011-06-30": -153, "2011-03-31": "-61.00000", "2010-12-31": 114, "2010-09-30": 25, "2010-06-30": -25, "2010-03-31": "-94.00000", "2009-12-31": 56, "2009-09-30": -31, "2009-06-30": 1, "2009-03-31": "-86.00000", "2008-12-31": 44, "2008-09-30": -52, "2008-06-30": -50, "2008-03-31": "-105.00000", "2007-12-31": 50, "2007-09-30": -91, "2007-06-30": -42, "2007-03-31": "-128.00000", "2006-12-31": 73, "2006-09-30": -58, "2006-06-30": 13, "2006-03-31": "-63.00000", "2005-12-31": 20, "2005-09-30": -22, "2005-06-30": 71, "2005-03-31": "19.00000"}, "Change In Accounts Payable": {"2020-12-31": 0, "2020-09-30": 0, "2020-06-30": 0, "2020-03-31": "", "2019-12-31": 0, "2019-09-30": 0, "2019-06-30": 0, "2019-03-31": "", "2018-12-31": 0, "2018-09-30": 0, "2018-06-30": 0, "2018-03-31": "", "2017-12-31": 0, "2017-09-30": 0, "2017-06-30": 0, "2017-03-31": "", "2016-12-31": 0, "2016-09-30": 0, "2016-06-30": 0, "2016-03-31": "", "2015-12-31": 0, "2015-09-30": 0, "2015-06-30": 0, "2015-03-31": "", "2014-12-31": 0, "2014-09-30": 0, "2014-06-30": 0, "2014-03-31": "", "2013-12-31": 0, "2013-09-30": 0, "2013-06-30": 0, "2013-03-31": "", "2012-12-31": 0, "2012-09-30": 0, "2012-06-30": 0, "2012-03-31": "", "2011-12-31": 0, "2011-09-30": 0, "2011-06-30": 0, "2011-03-31": "", "2010-12-31": 0, "2010-09-30": 0, "2010-06-30": 0, "2010-03-31": "", "2009-12-31": 0, "2009-09-30": 0, "2009-06-30": 0, "2009-03-31": "", "2008-12-31": 0, "2008-09-30": 0, "2008-06-30": 0, "2008-03-31": "", "2007-12-31": 0, "2007-09-30": 0, "2007-06-30": 0, "2007-03-31": "", "2006-12-31": 0, "2006-09-30": 0, "2006-06-30": 0, "2006-03-31": "", "2005-12-31": 0, "2005-09-30": 0, "2005-06-30": 0, "2005-03-31": ""}, "Change In Assets/Liabilities": {"2020-12-31": 178, "2020-09-30": -54, "2020-06-30": -74, "2020-03-31": "-50.00000", "2019-12-31": -7, "2019-09-30": -59, "2019-06-30": -38, "2019-03-31": "-48.00000", "2018-12-31": -4, "2018-09-30": -11, "2018-06-30": -51, "2018-03-31": "-33.00000", "2017-12-31": -18, "2017-09-30": -114, "2017-06-30": 10, "2017-03-31": "-105.00000", "2016-12-31": -76, "2016-09-30": -59, "2016-06-30": 203, "2016-03-31": "-142.00000", "2015-12-31": -237, "2015-09-30": -63, "2015-06-30": -132, "2015-03-31": "-21.00000", "2014-12-31": 78, "2014-09-30": -98, "2014-06-30": -125, "2014-03-31": "4.00000", "2013-12-31": 86, "2013-09-30": -135, "2013-06-30": 19, "2013-03-31": "-90.00000", "2012-12-31": -610, "2012-09-30": 36, "2012-06-30": 45, "2012-03-31": "53.00000", "2011-12-31": -209, "2011-09-30": 76, "2011-06-30": 48, "2011-03-31": "-162.00000", "2010-12-31": 18, "2010-09-30": -30, "2010-06-30": 93, "2010-03-31": "-263.00000", "2009-12-31": 23, "2009-09-30": -14, "2009-06-30": 23, "2009-03-31": "-91.00000", "2008-12-31": -136, "2008-09-30": -46, "2008-06-30": 6, "2008-03-31": "56.00000", "2007-12-31": -21, "2007-09-30": 51, "2007-06-30": 54, "2007-03-31": "4.00000", "2006-12-31": 62, "2006-09-30": 14, "2006-06-30": -3, "2006-03-31": "18.00000", "2005-12-31": -282, "2005-09-30": 41, "2005-06-30": 24, "2005-03-31": "82.00000"}, "Total Change In Assets/Liabilities": {"2020-12-31": 573, "2020-09-30": -115, "2020-06-30": -155, "2020-03-31": "-303.00000", "2019-12-31": 80, "2019-09-30": 31, "2019-06-30": -103, "2019-03-31": "-433.00000", "2018-12-31": 121, "2018-09-30": -85, "2018-06-30": -168, "2018-03-31": "-116.00000", "2017-12-31": 103, "2017-09-30": -11, "2017-06-30": 116, "2017-03-31": "-318.00000", "2016-12-31": 137, "2016-09-30": 32, "2016-06-30": 245, "2016-03-31": "-590.00000", "2015-12-31": 63, "2015-09-30": -12, "2015-06-30": 9, "2015-03-31": "-399.00000", "2014-12-31": 158, "2014-09-30": 167, "2014-06-30": -465, "2014-03-31": "-274.00000", "2013-12-31": 626, "2013-09-30": -68, "2013-06-30": -51, "2013-03-31": "-485.00000", "2012-12-31": -394, "2012-09-30": -95, "2012-06-30": 166, "2012-03-31": "-283.00000", "2011-12-31": -191, "2011-09-30": 107, "2011-06-30": -183, "2011-03-31": "-426.00000", "2010-12-31": 101, "2010-09-30": 120, "2010-06-30": 12, "2010-03-31": "-491.00000", "2009-12-31": 128, "2009-09-30": 6, "2009-06-30": -39, "2009-03-31": "-436.00000", "2008-12-31": -107, "2008-09-30": -73, "2008-06-30": -68, "2008-03-31": "-372.00000", "2007-12-31": -49, "2007-09-30": 6, "2007-06-30": 23, "2007-03-31": "-380.00000", "2006-12-31": 275, "2006-09-30": -48, "2006-06-30": -45, "2006-03-31": "-112.00000", "2005-12-31": -255, "2005-09-30": 172, "2005-06-30": -12, "2005-03-31": "-99.00000"}, "Cash Flow From Operating Activities": {"2020-12-31": -1156, "2020-09-30": 510, "2020-06-30": 374, "2020-03-31": "272.00000", "2019-12-31": 829, "2019-09-30": 701, "2019-06-30": 446, "2019-03-31": "128.00000", "2018-12-31": 709, "2018-09-30": 456, "2018-06-30": 405, "2018-03-31": "447.00000", "2017-12-31": 391, "2017-09-30": 605, "2017-06-30": 529, "2017-03-31": "189.00000", "2016-12-31": 713, "2016-09-30": 532, "2016-06-30": 742, "2016-03-31": "-333.00000", "2015-12-31": 724, "2015-09-30": 255, "2015-06-30": 696, "2015-03-31": "96.00000", "2014-12-31": 1143, "2014-09-30": 914, "2014-06-30": 599, "2014-03-31": "559.00000", "2013-12-31": 1083, "2013-09-30": 966, "2013-06-30": 763, "2013-03-31": "386.00000", "2012-12-31": 945, "2012-09-30": 747, "2012-06-30": 968, "2012-03-31": "446.00000", "2011-12-31": 892, "2011-09-30": 922, "2011-06-30": 632, "2011-03-31": "371.00000", "2010-12-31": 935, "2010-09-30": 1006, "2010-06-30": 783, "2010-03-31": "279.00000", "2009-12-31": 986, "2009-09-30": 875, "2009-06-30": 811, "2009-03-31": "237.00000", "2008-12-31": 620, "2008-09-30": 813, "2008-06-30": 720, "2008-03-31": "362.00000", "2007-12-31": 751, "2007-09-30": 608, "2007-06-30": 731, "2007-03-31": "215.00000", "2006-12-31": 762, "2006-09-30": 573, "2006-06-30": 543, "2006-03-31": "305.00000", "2005-12-31": 236, "2005-09-30": 536, "2005-06-30": 506, "2005-03-31": "272.00000"}, "Net Change In Property, Plant, And Equipment": {"2020-12-31": 472, "2020-09-30": -156, "2020-06-30": -144, "2020-03-31": "-172.00000", "2019-12-31": -191, "2019-09-30": -167, "2019-06-30": -145, "2019-03-31": "-193.00000", "2018-12-31": -206, "2018-09-30": -142, "2018-06-30": -156, "2018-03-31": "-155.00000", "2017-12-31": -206, "2017-09-30": -131, "2017-06-30": -156, "2017-03-31": "-123.00000", "2016-12-31": -200, "2016-09-30": -167, "2016-06-30": -168, "2016-03-31": "-184.00000", "2015-12-31": -253, "2015-09-30": -234, "2015-06-30": -210, "2015-03-31": "-214.00000", "2014-12-31": -301, "2014-09-30": 220, "2014-06-30": -423, "2014-03-31": "-421.00000", "2013-12-31": 331, "2013-09-30": -398, "2013-06-30": -347, "2013-03-31": "-292.00000", "2012-12-31": -399, "2012-09-30": -259, "2012-06-30": -264, "2012-03-31": "-239.00000", "2011-12-31": -317, "2011-09-30": -235, "2011-06-30": -210, "2011-03-31": "-198.00000", "2010-12-31": -264, "2010-09-30": -232, "2010-06-30": -237, "2010-03-31": "-230.00000", "2009-12-31": -380, "2009-09-30": -247, "2009-06-30": -216, "2009-03-31": "-171.00000", "2008-12-31": -339, "2008-09-30": -251, "2008-06-30": -207, "2008-03-31": "-157.00000", "2007-12-31": -268, "2007-09-30": -166, "2007-06-30": -165, "2007-03-31": "-93.00000", "2006-12-31": -190, "2006-09-30": -138, "2006-06-30": -122, "2006-03-31": "-76.00000", "2005-12-31": -165, "2005-09-30": -116, "2005-06-30": -98, "2005-03-31": "-65.00000"}, "Net Change In Intangible Assets": {"2020-12-31": 0, "2020-09-30": 0, "2020-06-30": 0, "2020-03-31": "", "2019-12-31": 0, "2019-09-30": 0, "2019-06-30": 0, "2019-03-31": "", "2018-12-31": 0, "2018-09-30": 0, "2018-06-30": 0, "2018-03-31": "", "2017-12-31": 0, "2017-09-30": 0, "2017-06-30": 0, "2017-03-31": "", "2016-12-31": 0, "2016-09-30": 0, "2016-06-30": 0, "2016-03-31": "", "2015-12-31": 0, "2015-09-30": 0, "2015-06-30": 0, "2015-03-31": "", "2014-12-31": 0, "2014-09-30": 0, "2014-06-30": 0, "2014-03-31": "", "2013-12-31": 0, "2013-09-30": 0, "2013-06-30": 0, "2013-03-31": "", "2012-12-31": 0, "2012-09-30": 0, "2012-06-30": 0, "2012-03-31": "", "2011-12-31": 0, "2011-09-30": 0, "2011-06-30": 0, "2011-03-31": "", "2010-12-31": 0, "2010-09-30": 0, "2010-06-30": 0, "2010-03-31": "", "2009-12-31": 0, "2009-09-30": 0, "2009-06-30": 0, "2009-03-31": "", "2008-12-31": 0, "2008-09-30": 0, "2008-06-30": 0, "2008-03-31": "", "2007-12-31": 0, "2007-09-30": 0, "2007-06-30": 0, "2007-03-31": "", "2006-12-31": 0, "2006-09-30": 0, "2006-06-30": 0, "2006-03-31": "", "2005-12-31": 0, "2005-09-30": 0, "2005-06-30": 0, "2005-03-31": ""}, "Net Acquisitions/Divestitures": {"2020-12-31": 466, "2020-09-30": -13, "2020-06-30": -10, "2020-03-31": "-443.00000", "2019-12-31": -232, "2019-09-30": -75, "2019-06-30": -2, "2019-03-31": "-109.00000", "2018-12-31": -13, "2018-09-30": -27, "2018-06-30": -9, "2018-03-31": "-219.00000", "2017-12-31": -8, "2017-09-30": -644, "2017-06-30": -40, "2017-03-31": "6.00000", "2016-12-31": 19, "2016-09-30": 1, "2016-06-30": -1, "2016-03-31": "-30.00000", "2015-12-31": 21, "2015-09-30": 19, "2015-06-30": 13, "2015-03-31": "-3.00000", "2014-12-31": -47, "2014-09-30": 133, "2014-06-30": -119, "2014-03-31": "37.00000", "2013-12-31": 116, "2013-09-30": -3681, "2013-06-30": -20, "2013-03-31": "-57.00000", "2012-12-31": 87, "2012-09-30": -116, "2012-06-30": -42, "2012-03-31": "-337.00000", "2011-12-31": -344, "2011-09-30": -27, "2011-06-30": -82, "2011-03-31": "-14.00000", "2010-12-31": -27, "2010-09-30": -20, "2010-06-30": -20, "2010-03-31": "-234.00000", "2009-12-31": -13, "2009-09-30": -9, "2009-06-30": -85, "2009-03-31": "-25.00000", "2008-12-31": -11, "2008-09-30": -9, "2008-06-30": 42, "2008-03-31": "-61.00000", "2007-12-31": -20, "2007-09-30": -17, "2007-06-30": 8, "2007-03-31": "416.00000", "2006-12-31": 47, "2006-09-30": 112, "2006-06-30": 14, "2006-03-31": "11.00000", "2005-12-31": 42, "2005-09-30": -14, "2005-06-30": 0, "2005-03-31": "49.00000"}, "Net Change In Short-term Investments": {"2020-12-31": 0, "2020-09-30": 0, "2020-06-30": 0, "2020-03-31": "", "2019-12-31": 0, "2019-09-30": 0, "2019-06-30": 0, "2019-03-31": "", "2018-12-31": 0, "2018-09-30": 0, "2018-06-30": 0, "2018-03-31": "", "2017-12-31": 0, "2017-09-30": 0, "2017-06-30": 0, "2017-03-31": "", "2016-12-31": 0, "2016-09-30": 0, "2016-06-30": 0, "2016-03-31": "", "2015-12-31": 0, "2015-09-30": 0, "2015-06-30": 0, "2015-03-31": "", "2014-12-31": 0, "2014-09-30": 0, "2014-06-30": 0, "2014-03-31": "", "2013-12-31": 0, "2013-09-30": 0, "2013-06-30": 0, "2013-03-31": "", "2012-12-31": 0, "2012-09-30": 0, "2012-06-30": 0, "2012-03-31": "", "2011-12-31": 0, "2011-09-30": 0, "2011-06-30": 0, "2011-03-31": "", "2010-12-31": 0, "2010-09-30": 0, "2010-06-30": 0, "2010-03-31": "", "2009-12-31": 0, "2009-09-30": 0, "2009-06-30": 0, "2009-03-31": "", "2008-12-31": 0, "2008-09-30": 0, "2008-06-30": 0, "2008-03-31": "", "2007-12-31": 0, "2007-09-30": 0, "2007-06-30": 0, "2007-03-31": "", "2006-12-31": 0, "2006-09-30": 0, "2006-06-30": 0, "2006-03-31": "", "2005-12-31": 0, "2005-09-30": 0, "2005-06-30": 0, "2005-03-31": ""}, "Net Change In Long-Term Investments": {"2020-12-31": 0, "2020-09-30": 0, "2020-06-30": 0, "2020-03-31": "", "2019-12-31": 0, "2019-09-30": 0, "2019-06-30": 0, "2019-03-31": "", "2018-12-31": 0, "2018-09-30": 0, "2018-06-30": 0, "2018-03-31": "", "2017-12-31": 0, "2017-09-30": 0, "2017-06-30": 0, "2017-03-31": "", "2016-12-31": 0, "2016-09-30": 0, "2016-06-30": 0, "2016-03-31": "", "2015-12-31": 0, "2015-09-30": 0, "2015-06-30": 0, "2015-03-31": "", "2014-12-31": 0, "2014-09-30": 0, "2014-06-30": 0, "2014-03-31": "", "2013-12-31": 0, "2013-09-30": 0, "2013-06-30": 0, "2013-03-31": "", "2012-12-31": 0, "2012-09-30": 0, "2012-06-30": 0, "2012-03-31": "", "2011-12-31": 0, "2011-09-30": 0, "2011-06-30": 0, "2011-03-31": "", "2010-12-31": 0, "2010-09-30": 0, "2010-06-30": 0, "2010-03-31": "", "2009-12-31": 0, "2009-09-30": 0, "2009-06-30": 0, "2009-03-31": "", "2008-12-31": 0, "2008-09-30": 0, "2008-06-30": 0, "2008-03-31": "", "2007-12-31": 0, "2007-09-30": 0, "2007-06-30": 0, "2007-03-31": "", "2006-12-31": 0, "2006-09-30": 0, "2006-06-30": 0, "2006-03-31": "", "2005-12-31": 0, "2005-09-30": 0, "2005-06-30": 0, "2005-03-31": ""}, "Net Change In Investments - Total": {"2020-12-31": 0, "2020-09-30": 0, "2020-06-30": 0, "2020-03-31": "", "2019-12-31": 0, "2019-09-30": 0, "2019-06-30": 0, "2019-03-31": "", "2018-12-31": 0, "2018-09-30": 0, "2018-06-30": 0, "2018-03-31": "", "2017-12-31": 0, "2017-09-30": 0, "2017-06-30": 0, "2017-03-31": "", "2016-12-31": 0, "2016-09-30": 0, "2016-06-30": 0, "2016-03-31": "", "2015-12-31": 0, "2015-09-30": 0, "2015-06-30": 0, "2015-03-31": "", "2014-12-31": 0, "2014-09-30": 0, "2014-06-30": 0, "2014-03-31": "", "2013-12-31": 0, "2013-09-30": 0, "2013-06-30": 0, "2013-03-31": "", "2012-12-31": 0, "2012-09-30": 0, "2012-06-30": 0, "2012-03-31": "", "2011-12-31": 0, "2011-09-30": 0, "2011-06-30": 0, "2011-03-31": "", "2010-12-31": 0, "2010-09-30": 0, "2010-06-30": 0, "2010-03-31": "", "2009-12-31": 0, "2009-09-30": 0, "2009-06-30": 0, "2009-03-31": "", "2008-12-31": 0, "2008-09-30": 0, "2008-06-30": 0, "2008-03-31": "", "2007-12-31": 0, "2007-09-30": 0, "2007-06-30": 0, "2007-03-31": "", "2006-12-31": 0, "2006-09-30": 0, "2006-06-30": 0, "2006-03-31": "", "2005-12-31": 0, "2005-09-30": 0, "2005-06-30": 0, "2005-03-31": ""}, "Investing Activities - Other": {"2020-12-31": -23, "2020-09-30": 12, "2020-06-30": 0, "2020-03-31": "11.00000", "2019-12-31": 2, "2019-09-30": 11, "2019-06-30": 0, "2019-03-31": "1.00000", "2018-12-31": 3, "2018-09-30": 8, "2018-06-30": 0, "2018-03-31": "", "2017-12-31": 10, "2017-09-30": 0, "2017-06-30": 0, "2017-03-31": "", "2016-12-31": 2, "2016-09-30": 0, "2016-06-30": 0, "2016-03-31": "13.00000", "2015-12-31": 0, "2015-09-30": 0, "2015-06-30": -393, "2015-03-31": "-553.00000", "2014-12-31": 351, "2014-09-30": -972, "2014-06-30": 0, "2014-03-31": "", "2013-12-31": -1014, "2013-09-30": 0, "2013-06-30": 0, "2013-03-31": "", "2012-12-31": -86, "2012-09-30": 12, "2012-06-30": 31, "2012-03-31": "43.00000", "2011-12-31": 0, "2011-09-30": 0, "2011-06-30": 0, "2011-03-31": "", "2010-12-31": 0, "2010-09-30": 0, "2010-06-30": 0, "2010-03-31": "", "2009-12-31": 0, "2009-09-30": 0, "2009-06-30": 0, "2009-03-31": "", "2008-12-31": 0, "2008-09-30": 0, "2008-06-30": -29, "2008-03-31": "29.00000", "2007-12-31": 0, "2007-09-30": 0, "2007-06-30": 0, "2007-03-31": "", "2006-12-31": 0, "2006-09-30": 0, "2006-06-30": 0, "2006-03-31": "", "2005-12-31": 0, "2005-09-30": 0, "2005-06-30": 0, "2005-03-31": ""}, "Cash Flow From Investing Activities": {"2020-12-31": 915, "2020-09-30": -157, "2020-06-30": -154, "2020-03-31": "-604.00000", "2019-12-31": -421, "2019-09-30": -231, "2019-06-30": -147, "2019-03-31": "-301.00000", "2018-12-31": -216, "2018-09-30": -161, "2018-06-30": -165, "2018-03-31": "-374.00000", "2017-12-31": -204, "2017-09-30": -775, "2017-06-30": -196, "2017-03-31": "-117.00000", "2016-12-31": -179, "2016-09-30": -166, "2016-06-30": -169, "2016-03-31": "-201.00000", "2015-12-31": -232, "2015-09-30": -215, "2015-06-30": -590, "2015-03-31": "-770.00000", "2014-12-31": 3, "2014-09-30": -619, "2014-06-30": -542, "2014-03-31": "-384.00000", "2013-12-31": -567, "2013-09-30": -4079, "2013-06-30": -367, "2013-03-31": "-349.00000", "2012-12-31": -398, "2012-09-30": -363, "2012-06-30": -275, "2012-03-31": "-533.00000", "2011-12-31": -661, "2011-09-30": -262, "2011-06-30": -292, "2011-03-31": "-212.00000", "2010-12-31": -291, "2010-09-30": -252, "2010-06-30": -257, "2010-03-31": "-464.00000", "2009-12-31": -393, "2009-09-30": -256, "2009-06-30": -301, "2009-03-31": "-196.00000", "2008-12-31": -350, "2008-09-30": -260, "2008-06-30": -194, "2008-03-31": "-189.00000", "2007-12-31": -288, "2007-09-30": -183, "2007-06-30": -157, "2007-03-31": "323.00000", "2006-12-31": -143, "2006-09-30": -26, "2006-06-30": -108, "2006-03-31": "-65.00000", "2005-12-31": -123, "2005-09-30": -130, "2005-06-30": -98, "2005-03-31": "-16.00000"}, "Net Long-Term Debt": {"2020-12-31": -1240, "2020-09-30": 0, "2020-06-30": 0, "2020-03-31": "1240.00000", "2019-12-31": 222, "2019-09-30": 0, "2019-06-30": 1661, "2019-03-31": "", "2018-12-31": 0, "2018-09-30": 0, "2018-06-30": 0, "2018-03-31": "", "2017-12-31": 32, "2017-09-30": 0, "2017-06-30": 633, "2017-03-31": "", "2016-12-31": 2, "2016-09-30": 430, "2016-06-30": -213, "2016-03-31": "41.00000", "2015-12-31": -63, "2015-09-30": -2658, "2015-06-30": 5521, "2015-03-31": "282.00000", "2014-12-31": -503, "2014-09-30": 7, "2014-06-30": -14, "2014-03-31": "-478.00000", "2013-12-31": 124, "2013-09-30": -213, "2013-06-30": 3478, "2013-03-31": "-293.00000", "2012-12-31": 11, "2012-09-30": 997, "2012-06-30": -2, "2012-03-31": "9.00000", "2011-12-31": 488, "2011-09-30": -2, "2011-06-30": -2, "2011-03-31": "-1.00000", "2010-12-31": -498, "2010-09-30": 2, "2010-06-30": -2, "2010-03-31": "589.00000", "2009-12-31": 4, "2009-09-30": 491, "2009-06-30": -16, "2009-03-31": "194.00000", "2008-12-31": -47, "2008-09-30": -66, "2008-06-30": 289, "2008-03-31": "-455.00000", "2007-12-31": 377, "2007-09-30": -236, "2007-06-30": 14, "2007-03-31": "-206.00000", "2006-12-31": -15, "2006-09-30": 431, "2006-06-30": -31, "2006-03-31": "-928.00000", "2005-12-31": -755, "2005-09-30": -107, "2005-06-30": -73, "2005-03-31": "-329.00000"}, "Net Current Debt": {"2020-12-31": 226, "2020-09-30": -1, "2020-06-30": -225, "2020-03-31": "", "2019-12-31": 0, "2019-09-30": 0, "2019-06-30": -795, "2019-03-31": "795.00000", "2018-12-31": 0, "2018-09-30": 0, "2018-06-30": 0, "2018-03-31": "", "2017-12-31": 0, "2017-09-30": 0, "2017-06-30": 0, "2017-03-31": "", "2016-12-31": 0, "2016-09-30": -781, "2016-06-30": 31, "2016-03-31": "450.00000", "2015-12-31": -125, "2015-09-30": 425, "2015-06-30": -1236, "2015-03-31": "361.00000", "2014-12-31": 525, "2014-09-30": 200, "2014-06-30": 150, "2014-03-31": "", "2013-12-31": 0, "2013-09-30": 0, "2013-06-30": -300, "2013-03-31": "300.00000", "2012-12-31": 0, "2012-09-30": -375, "2012-06-30": 75, "2012-03-31": "50.00000", "2011-12-31": 175, "2011-09-30": 75, "2011-06-30": 0, "2011-03-31": "", "2010-12-31": 0, "2010-09-30": 0, "2010-06-30": 0, "2010-03-31": "", "2009-12-31": 0, "2009-09-30": -200, "2009-06-30": 0, "2009-03-31": "", "2008-12-31": 200, "2008-09-30": 0, "2008-06-30": 0, "2008-03-31": "", "2007-12-31": 0, "2007-09-30": 0, "2007-06-30": 0, "2007-03-31": "", "2006-12-31": 0, "2006-09-30": 0, "2006-06-30": 0, "2006-03-31": "", "2005-12-31": -265, "2005-09-30": -47, "2005-06-30": -45, "2005-03-31": "357.00000"}, "Debt Issuance/Retirement Net - Total": {"2020-12-31": -1014, "2020-09-30": -1, "2020-06-30": -225, "2020-03-31": "1240.00000", "2019-12-31": 222, "2019-09-30": 0, "2019-06-30": 866, "2019-03-31": "795.00000", "2018-12-31": 0, "2018-09-30": 0, "2018-06-30": 0, "2018-03-31": "", "2017-12-31": 32, "2017-09-30": 0, "2017-06-30": 633, "2017-03-31": "", "2016-12-31": 2, "2016-09-30": -351, "2016-06-30": -182, "2016-03-31": "491.00000", "2015-12-31": -188, "2015-09-30": -2233, "2015-06-30": 4285, "2015-03-31": "643.00000", "2014-12-31": 22, "2014-09-30": 207, "2014-06-30": 136, "2014-03-31": "-478.00000", "2013-12-31": 124, "2013-09-30": -213, "2013-06-30": 3178, "2013-03-31": "7.00000", "2012-12-31": 11, "2012-09-30": 622, "2012-06-30": 73, "2012-03-31": "59.00000", "2011-12-31": 663, "2011-09-30": 73, "2011-06-30": -2, "2011-03-31": "-1.00000", "2010-12-31": -498, "2010-09-30": 2, "2010-06-30": -2, "2010-03-31": "589.00000", "2009-12-31": 4, "2009-09-30": 291, "2009-06-30": -16, "2009-03-31": "194.00000", "2008-12-31": 153, "2008-09-30": -66, "2008-06-30": 289, "2008-03-31": "-455.00000", "2007-12-31": 377, "2007-09-30": -236, "2007-06-30": 14, "2007-03-31": "-206.00000", "2006-12-31": -15, "2006-09-30": 431, "2006-06-30": -31, "2006-03-31": "-928.00000", "2005-12-31": -1020, "2005-09-30": -154, "2005-06-30": -118, "2005-03-31": "28.00000"}, "Net Common Equity Issued/Repurchased": {"2020-12-31": -180, "2020-09-30": 29, "2020-06-30": 85, "2020-03-31": "66.00000", "2019-12-31": -219, "2019-09-30": -237, "2019-06-30": -34, "2019-03-31": "-424.00000", "2018-12-31": -1398, "2018-09-30": -185, "2018-06-30": -171, "2018-03-31": "-440.00000", "2017-12-31": -240, "2017-09-30": -82, "2017-06-30": 45, "2017-03-31": "60.00000", "2016-12-31": -212, "2016-09-30": 38, "2016-06-30": 84, "2016-03-31": "84.00000", "2015-12-31": 193, "2015-09-30": 0, "2015-06-30": 0, "2015-03-31": "", "2014-12-31": -50, "2014-09-30": -50, "2014-06-30": -200, "2014-03-31": "-250.00000", "2013-12-31": -50, "2013-09-30": -146, "2013-06-30": -183, "2013-03-31": "-534.00000", "2012-12-31": -415, "2012-09-30": -105, "2012-06-30": -385, "2012-03-31": "-575.00000", "2011-12-31": -170, "2011-09-30": -298, "2011-06-30": -478, "2011-03-31": "-637.00000", "2010-12-31": -180, "2010-09-30": -161, "2010-06-30": -677, "2010-03-31": "-435.00000", "2009-12-31": -250, "2009-09-30": -304, "2009-06-30": -96, "2009-03-31": "-566.00000", "2008-12-31": -1011, "2008-09-30": -287, "2008-06-30": -255, "2008-03-31": "-433.00000", "2007-12-31": -75, "2007-09-30": -755, "2007-06-30": -342, "2007-03-31": "-44.00000", "2006-12-31": -181, "2006-09-30": 33, "2006-06-30": -190, "2006-03-31": "1122.00000", "2005-12-31": 41, "2005-09-30": 45, "2005-06-30": 37, "2005-03-31": "53.00000"}, "Net Total Equity Issued/Repurchased": {"2020-12-31": -180, "2020-09-30": 29, "2020-06-30": 85, "2020-03-31": "66.00000", "2019-12-31": -219, "2019-09-30": -237, "2019-06-30": -34, "2019-03-31": "-424.00000", "2018-12-31": -1398, "2018-09-30": -185, "2018-06-30": -171, "2018-03-31": "-440.00000", "2017-12-31": -240, "2017-09-30": -82, "2017-06-30": 45, "2017-03-31": "60.00000", "2016-12-31": -212, "2016-09-30": 38, "2016-06-30": 84, "2016-03-31": "84.00000", "2015-12-31": 193, "2015-09-30": 0, "2015-06-30": 0, "2015-03-31": "", "2014-12-31": -50, "2014-09-30": -50, "2014-06-30": -200, "2014-03-31": "-250.00000", "2013-12-31": -50, "2013-09-30": -146, "2013-06-30": -183, "2013-03-31": "-534.00000", "2012-12-31": -415, "2012-09-30": -105, "2012-06-30": -385, "2012-03-31": "-575.00000", "2011-12-31": -170, "2011-09-30": -298, "2011-06-30": -478, "2011-03-31": "-637.00000", "2010-12-31": -180, "2010-09-30": -161, "2010-06-30": -677, "2010-03-31": "-435.00000", "2009-12-31": -250, "2009-09-30": -304, "2009-06-30": -96, "2009-03-31": "-566.00000", "2008-12-31": -1011, "2008-09-30": -287, "2008-06-30": -255, "2008-03-31": "-433.00000", "2007-12-31": -75, "2007-09-30": -755, "2007-06-30": -342, "2007-03-31": "-44.00000", "2006-12-31": -181, "2006-09-30": 33, "2006-06-30": -190, "2006-03-31": "1122.00000", "2005-12-31": 41, "2005-09-30": 45, "2005-06-30": 37, "2005-03-31": "53.00000"}, "Total Common And Preferred Stock Dividends Paid": {"2020-12-31": 348, "2020-09-30": -125, "2020-06-30": -112, "2020-03-31": "-111.00000", "2019-12-31": -113, "2019-09-30": -112, "2019-06-30": -97, "2019-03-31": "-101.00000", "2018-12-31": -102, "2018-09-30": -101, "2018-06-30": -86, "2018-03-31": "-87.00000", "2017-12-31": -87, "2017-09-30": -87, "2017-06-30": -71, "2017-03-31": "-70.00000", "2016-12-31": -71, "2016-09-30": -71, "2016-06-30": -63, "2016-03-31": "-63.00000", "2015-12-31": -63, "2015-09-30": -283, "2015-06-30": -282, "2015-03-31": "-282.00000", "2014-12-31": -282, "2014-09-30": -282, "2014-06-30": -265, "2014-03-31": "-266.00000", "2013-12-31": -266, "2013-09-30": -267, "2013-06-30": -244, "2013-03-31": "-246.00000", "2012-12-31": -246, "2012-09-30": -184, "2012-06-30": -186, "2012-03-31": "-188.00000", "2011-12-31": -175, "2011-09-30": -176, "2011-06-30": -178, "2011-03-31": "-180.00000", "2010-12-31": -169, "2010-09-30": -171, "2010-06-30": -174, "2010-03-31": "-174.00000", "2009-12-31": -157, "2009-09-30": -157, "2009-06-30": -158, "2009-03-31": "-160.00000", "2008-12-31": -135, "2008-09-30": -136, "2008-06-30": -137, "2008-03-31": "-138.00000", "2007-12-31": -106, "2007-09-30": -109, "2007-06-30": -109, "2007-03-31": "-380.00000", "2006-12-31": -1, "2006-09-30": 0, "2006-06-30": 0, "2006-03-31": "-363.00000", "2005-12-31": 0, "2005-09-30": 0, "2005-06-30": 0, "2005-03-31": "-359.00000"}, "Financial Activities - Other": {"2020-12-31": 48, "2020-09-30": -14, "2020-06-30": -9, "2020-03-31": "-25.00000", "2019-12-31": -6, "2019-09-30": -5, "2019-06-30": -5, "2019-03-31": "-32.00000", "2018-12-31": -8, "2018-09-30": -1, "2018-06-30": -6, "2018-03-31": "-18.00000", "2017-12-31": -3, "2017-09-30": -6, "2017-06-30": -4, "2017-03-31": "-27.00000", "2016-12-31": 1, "2016-09-30": -21, "2016-06-30": 12, "2016-03-31": "-2.00000", "2015-12-31": -170, "2015-09-30": -2193, "2015-06-30": 69, "2015-03-31": "23.00000", "2014-12-31": 35, "2014-09-30": 70, "2014-06-30": 109, "2014-03-31": "142.00000", "2013-12-31": 42, "2013-09-30": 126, "2013-06-30": 144, "2013-03-31": "173.00000", "2012-12-31": 199, "2012-09-30": 127, "2012-06-30": -78, "2012-03-31": "156.00000", "2011-12-31": 37, "2011-09-30": 95, "2011-06-30": 160, "2011-03-31": "130.00000", "2010-12-31": 109, "2010-09-30": 22, "2010-06-30": 64, "2010-03-31": "139.00000", "2009-12-31": 74, "2009-09-30": 289, "2009-06-30": -139, "2009-03-31": "139.00000", "2008-12-31": 680, "2008-09-30": 0, "2008-06-30": 0, "2008-03-31": "", "2007-12-31": 0, "2007-09-30": 0, "2007-06-30": 0, "2007-03-31": "", "2006-12-31": 0, "2006-09-30": 0, "2006-06-30": 0, "2006-03-31": "", "2005-12-31": 0, "2005-09-30": 0, "2005-06-30": 0, "2005-03-31": ""}, "Cash Flow From Financial Activities": {"2020-12-31": -798, "2020-09-30": -111, "2020-06-30": -261, "2020-03-31": "1170.00000", "2019-12-31": -116, "2019-09-30": -354, "2019-06-30": 730, "2019-03-31": "238.00000", "2018-12-31": -1508, "2018-09-30": -287, "2018-06-30": -263, "2018-03-31": "-545.00000", "2017-12-31": -298, "2017-09-30": -175, "2017-06-30": 603, "2017-03-31": "-37.00000", "2016-12-31": -280, "2016-09-30": -405, "2016-06-30": -149, "2016-03-31": "510.00000", "2015-12-31": -228, "2015-09-30": -4709, "2015-06-30": 4072, "2015-03-31": "384.00000", "2014-12-31": -275, "2014-09-30": -55, "2014-06-30": -220, "2014-03-31": "-852.00000", "2013-12-31": -150, "2013-09-30": -500, "2013-06-30": 2895, "2013-03-31": "-600.00000", "2012-12-31": -451, "2012-09-30": 460, "2012-06-30": -576, "2012-03-31": "-548.00000", "2011-12-31": 355, "2011-09-30": -306, "2011-06-30": -498, "2011-03-31": "-688.00000", "2010-12-31": -738, "2010-09-30": -308, "2010-06-30": -789, "2010-03-31": "119.00000", "2009-12-31": -329, "2009-09-30": 119, "2009-06-30": -409, "2009-03-31": "-393.00000", "2008-12-31": -313, "2008-09-30": -489, "2008-06-30": -103, "2008-03-31": "-1026.00000", "2007-12-31": 196, "2007-09-30": -1100, "2007-06-30": -437, "2007-03-31": "-630.00000", "2006-12-31": -197, "2006-09-30": 464, "2006-06-30": -221, "2006-03-31": "-169.00000", "2005-12-31": -979, "2005-09-30": -109, "2005-06-30": -81, "2005-03-31": "-278.00000"}, "Net Cash Flow": {"2020-12-31": -1031, "2020-09-30": 272, "2020-06-30": -16, "2020-03-31": "775.00000", "2019-12-31": 326, "2019-09-30": 75, "2019-06-30": 1032, "2019-03-31": "64.00000", "2018-12-31": -1025, "2018-09-30": -3, "2018-06-30": -90, "2018-03-31": "-447.00000", "2017-12-31": -99, "2017-09-30": -300, "2017-06-30": 959, "2017-03-31": "57.00000", "2016-12-31": 204, "2016-09-30": -33, "2016-06-30": 419, "2016-03-31": "-2.00000", "2015-12-31": 243, "2015-09-30": -4710, "2015-06-30": 4150, "2015-03-31": "-395.00000", "2014-12-31": 847, "2014-09-30": 212, "2014-06-30": -183, "2014-03-31": "-684.00000", "2013-12-31": 357, "2013-09-30": -3613, "2013-06-30": 3300, "2013-03-31": "-581.00000", "2012-12-31": 79, "2012-09-30": 838, "2012-06-30": 81, "2012-03-31": "-633.00000", "2011-12-31": 567, "2011-09-30": 320, "2011-06-30": -150, "2011-03-31": "-517.00000", "2010-12-31": -103, "2010-09-30": 488, "2010-06-30": -373, "2010-03-31": "-113.00000", "2009-12-31": 215, "2009-09-30": 769, "2009-06-30": 99, "2009-03-31": "-428.00000", "2008-12-31": -60, "2008-09-30": 44, "2008-06-30": 411, "2008-03-31": "-803.00000", "2007-12-31": 721, "2007-09-30": -668, "2007-06-30": 102, "2007-03-31": "-101.00000", "2006-12-31": 418, "2006-09-30": 1006, "2006-06-30": 180, "2006-03-31": "40.00000", "2005-12-31": -871, "2005-09-30": 284, "2005-06-30": 322, "2005-03-31": "-3.00000"}, "Stock-Based Compensation": {"2020-12-31": -97, "2020-09-30": 33, "2020-06-30": 35, "2020-03-31": "29.00000", "2019-12-31": 30, "2019-09-30": 35, "2019-06-30": 35, "2019-03-31": "22.00000", "2018-12-31": 28, "2018-09-30": 33, "2018-06-30": 34, "2018-03-31": "20.00000", "2017-12-31": 30, "2017-09-30": 31, "2017-06-30": 28, "2017-03-31": "18.00000", "2016-12-31": 31, "2016-09-30": 30, "2016-06-30": 31, "2016-03-31": "23.00000", "2015-12-31": 30, "2015-09-30": 30, "2015-06-30": 37, "2015-03-31": "29.00000", "2014-12-31": 35, "2014-09-30": 19, "2014-06-30": 41, "2014-03-31": "31.00000", "2013-12-31": 11, "2013-09-30": 39, "2013-06-30": 40, "2013-03-31": "32.00000", "2012-12-31": 33, "2012-09-30": 34, "2012-06-30": 35, "2012-03-31": "28.00000", "2011-12-31": 25, "2011-09-30": 33, "2011-06-30": 33, "2011-03-31": "28.00000", "2010-12-31": 28, "2010-09-30": 29, "2010-06-30": 33, "2010-03-31": "30.00000", "2009-12-31": 34, "2009-09-30": 32, "2009-06-30": 36, "2009-03-31": "38.00000", "2008-12-31": 35, "2008-09-30": 38, "2008-06-30": 35, "2008-03-31": "38.00000", "2007-12-31": 37, "2007-09-30": 36, "2007-06-30": 36, "2007-03-31": "27.00000", "2006-12-31": 26, "2006-09-30": 30, "2006-06-30": 20, "2006-03-31": "18.00000", "2005-12-31": 2, "2005-09-30": 3, "2005-06-30": 3, "2005-03-31": "1.00000"}, "Common Stock Dividends Paid": {"2020-12-31": 348, "2020-09-30": -125, "2020-06-30": -112, "2020-03-31": "-111.00000", "2019-12-31": -113, "2019-09-30": -112, "2019-06-30": -97, "2019-03-31": "-101.00000", "2018-12-31": -102, "2018-09-30": -101, "2018-06-30": -86, "2018-03-31": "-87.00000", "2017-12-31": -87, "2017-09-30": -87, "2017-06-30": -71, "2017-03-31": "-70.00000", "2016-12-31": -71, "2016-09-30": -71, "2016-06-30": -63, "2016-03-31": "-63.00000", "2015-12-31": -63, "2015-09-30": -283, "2015-06-30": -282, "2015-03-31": "-282.00000", "2014-12-31": -282, "2014-09-30": -282, "2014-06-30": -265, "2014-03-31": "-266.00000", "2013-12-31": -266, "2013-09-30": -267, "2013-06-30": -244, "2013-03-31": "-246.00000", "2012-12-31": -246, "2012-09-30": -184, "2012-06-30": -186, "2012-03-31": "-188.00000", "2011-12-31": -175, "2011-09-30": -176, "2011-06-30": -178, "2011-03-31": "-180.00000", "2010-12-31": -169, "2010-09-30": -171, "2010-06-30": -174, "2010-03-31": "-174.00000", "2009-12-31": -157, "2009-09-30": -157, "2009-06-30": -158, "2009-03-31": "-160.00000", "2008-12-31": -135, "2008-09-30": -136, "2008-06-30": -137, "2008-03-31": "-138.00000", "2007-12-31": -106, "2007-09-30": -109, "2007-06-30": -109, "2007-03-31": "-380.00000", "2006-12-31": -1, "2006-09-30": 0, "2006-06-30": 0, "2006-03-31": "-363.00000", "2005-12-31": 0, "2005-09-30": 0, "2005-06-30": 0, "2005-03-31": "-359.00000"}}, "financial ratios": {"Current Ratio": {"2019-12-31": "2.32290", "2018-12-31": "2.11760", "2017-12-31": "2.57460", "2016-12-31": "2.39580", "2015-12-31": "2.05150", "2014-12-31": "1.68330", "2013-12-31": "1.94260", "2012-12-31": "1.94580", "2011-12-31": "1.78090", "2010-12-31": "1.97700", "2009-12-31": "1.85280", "2008-12-31": "1.96640", "2007-12-31": "1.98190", "2006-12-31": "1.93070", "2005-12-31": "1.22830"}, "Long-term Debt / Capital": {"2019-12-31": "0.37800", "2018-12-31": "0.30680", "2017-12-31": "0.27790", "2016-12-31": "0.25130", "2015-12-31": "0.30670", "2014-12-31": "0.47340", "2013-12-31": "0.48920", "2012-12-31": "0.44430", "2011-12-31": "0.41020", "2010-12-31": "0.39100", "2009-12-31": "0.31680", "2008-12-31": "0.34830", "2007-12-31": "0.27810", "2006-12-31": "0.29040", "2005-12-31": "0.35960"}, "Debt/Equity Ratio": {"2019-12-31": "0.67620", "2018-12-31": "0.44300", "2017-12-31": "0.38530", "2016-12-31": "0.33600", "2015-12-31": "0.73400", "2014-12-31": "1.10700", "2013-12-31": "1.08010", "2012-12-31": "0.84980", "2011-12-31": "0.76080", "2010-12-31": "0.64550", "2009-12-31": "0.55940", "2008-12-31": "0.59700", "2007-12-31": "0.44660", "2006-12-31": "0.44660", "2005-12-31": "0.77650"}, "Gross Margin": {"2019-12-31": "41.90280", "2018-12-31": "42.87770", "2017-12-31": "42.27140", "2016-12-31": "40.49990", "2015-12-31": "41.59310", "2014-12-31": "42.73720", "2013-12-31": "44.21550", "2012-12-31": "51.19120", "2011-12-31": "50.71620", "2010-12-31": "46.39100", "2009-12-31": "51.94240", "2008-12-31": "49.64370", "2007-12-31": "49.00120", "2006-12-31": "45.64460", "2005-12-31": "41.55750"}, "Operating Margin": {"2019-12-31": "15.59590", "2018-12-31": "14.27160", "2017-12-31": "12.16930", "2016-12-31": "7.33050", "2015-12-31": "4.50440", "2014-12-31": "6.12000", "2013-12-31": "5.26930", "2012-12-31": "19.87660", "2011-12-31": "21.20490", "2010-12-31": "16.63160", "2009-12-31": "22.90240", "2008-12-31": "20.76450", "2007-12-31": "19.87040", "2006-12-31": "17.73950", "2005-12-31": "15.53460"}, "EBIT Margin": {"2019-12-31": "15.59590", "2018-12-31": "14.27160", "2017-12-31": "12.16930", "2016-12-31": "7.33050", "2015-12-31": "4.50440", "2014-12-31": "6.12000", "2013-12-31": "5.26930", "2012-12-31": "19.87660", "2011-12-31": "21.20490", "2010-12-31": "16.63160", "2009-12-31": "22.90240", "2008-12-31": "20.76450", "2007-12-31": "19.87040", "2006-12-31": "17.73950", "2005-12-31": "15.53460"}, "EBITDA Margin": {"2019-12-31": "22.81290", "2018-12-31": "21.21810", "2017-12-31": "19.25550", "2016-12-31": "15.20220", "2015-12-31": "12.11880", "2014-12-31": "13.50870", "2013-12-31": "12.01530", "2012-12-31": "24.98570", "2011-12-31": "26.02750", "2010-12-31": "21.96530", "2009-12-31": "27.98120", "2008-12-31": "25.87460", "2007-12-31": "25.02890", "2006-12-31": "23.28000", "2005-12-31": "21.42350"}, "Pre-Tax Profit Margin": {"2019-12-31": "8.53720", "2018-12-31": "14.56890", "2017-12-31": "10.39310", "2016-12-31": "48.74550", "2015-12-31": "4.29370", "2014-12-31": "4.57130", "2013-12-31": "3.98390", "2012-12-31": "20.36450", "2011-12-31": "20.21880", "2010-12-31": "14.71620", "2009-12-31": "21.76410", "2008-12-31": "19.93850", "2007-12-31": "18.89370", "2006-12-31": "16.82410", "2005-12-31": "14.66140"}, "Net Profit Margin": {"2019-12-31": "8.81010", "2018-12-31": "13.92920", "2017-12-31": "5.68780", "2016-12-31": "48.85370", "2015-12-31": "9.71110", "2014-12-31": "23.29510", "2013-12-31": "21.37470", "2012-12-31": "16.69060", "2011-12-31": "16.00810", "2010-12-31": "11.05660", "2009-12-31": "17.55290", "2008-12-31": "16.31030", "2007-12-31": "15.15580", "2006-12-31": "13.46120", "2005-12-31": "9.70660"}, "Asset Turnover": {"2019-12-31": "0.62450", "2018-12-31": "0.70600", "2017-12-31": "0.61850", "2016-12-31": "0.65370", "2015-12-31": "0.47550", "2014-12-31": "0.41010", "2013-12-31": "0.37320", "2012-12-31": "0.68350", "2011-12-31": "0.72840", "2010-12-31": "0.73430", "2009-12-31": "0.72390", "2008-12-31": "0.80160", "2007-12-31": "0.73640", "2006-12-31": "0.70670", "2005-12-31": "0.77390"}, "Inventory Turnover Ratio": {"2019-12-31": "3.99330", "2018-12-31": "3.80320", "2017-12-31": "4.14240", "2016-12-31": "4.22870", "2015-12-31": "3.62970", "2014-12-31": "3.89220", "2013-12-31": "1.50070", "2012-12-31": "2.42670", "2011-12-31": "2.60540", "2010-12-31": "2.90380", "2009-12-31": "2.36100", "2008-12-31": "2.63360", "2007-12-31": "2.46100", "2006-12-31": "2.73040", "2005-12-31": "2.99010"}, "Receiveable Turnover": {"2019-12-31": "5.99260", "2018-12-31": "6.03210", "2017-12-31": "5.90300", "2016-12-31": "6.01010", "2015-12-31": "5.75850", "2014-12-31": "5.68950", "2013-12-31": "3.23360", "2012-12-31": "5.74680", "2011-12-31": "5.74090", "2010-12-31": "5.67020", "2009-12-31": "5.45700", "2008-12-31": "6.23640", "2007-12-31": "5.55920", "2006-12-31": "5.64640", "2005-12-31": "5.57700"}, "Days Sales In Receivables": {"2019-12-31": "60.90830", "2018-12-31": "60.51000", "2017-12-31": "61.83340", "2016-12-31": "60.73160", "2015-12-31": "63.38430", "2014-12-31": "64.15340", "2013-12-31": "112.87740", "2012-12-31": "63.51360", "2011-12-31": "63.57880", "2010-12-31": "64.37160", "2009-12-31": "66.88660", "2008-12-31": "58.52770", "2007-12-31": "65.65660", "2006-12-31": "64.64350", "2005-12-31": "65.44730"}, "ROE - Return On Equity": {"2019-12-31": "12.77810", "2018-12-31": "19.73050", "2017-12-31": "6.68060", "2016-12-31": "59.97590", "2015-12-31": "4.43320", "2014-12-31": "5.60320", "2013-12-31": "3.71200", "2012-12-31": "32.71710", "2011-12-31": "33.04040", "2010-12-31": "20.99760", "2009-12-31": "29.85180", "2008-12-31": "32.18880", "2007-12-31": "24.88430", "2006-12-31": "22.28950", "2005-12-31": "22.28430"}, "Return On Tangible Equity": {"2019-12-31": "29.63940", "2018-12-31": "44.93340", "2017-12-31": "13.11650", "2016-12-31": "108.57020", "2015-12-31": "8.13830", "2014-12-31": "12.66280", "2013-12-31": "15.85300", "2012-12-31": "62.34300", "2011-12-31": "61.22120", "2010-12-31": "33.33330", "2009-12-31": "43.58520", "2008-12-31": "47.68070", "2007-12-31": "36.07210", "2006-12-31": "33.49310", "2005-12-31": "42.52110"}, "ROA - Return On Assets": {"2019-12-31": "5.55710", "2018-12-31": "9.87280", "2017-12-31": "3.55910", "2016-12-31": "31.94390", "2015-12-31": "1.87480", "2014-12-31": "1.74840", "2013-12-31": "1.24880", "2012-12-31": "11.19670", "2011-12-31": "11.82820", "2010-12-31": "8.15940", "2009-12-31": "12.76360", "2008-12-31": "13.14510", "2007-12-31": "11.25280", "2006-12-31": "9.51930", "2005-12-31": "7.52730"}, "ROI - Return On Investment": {"2019-12-31": "7.94750", "2018-12-31": "13.67760", "2017-12-31": "4.82380", "2016-12-31": "44.90460", "2015-12-31": "3.07340", "2014-12-31": "2.95090", "2013-12-31": "1.89620", "2012-12-31": "18.17970", "2011-12-31": "19.48690", "2010-12-31": "12.78790", "2009-12-31": "20.39600", "2008-12-31": "20.97790", "2007-12-31": "17.96450", "2006-12-31": "15.81630", "2005-12-31": "14.27080"}, "Book Value Per Share": {"2019-12-31": "15.63160", "2018-12-31": "15.33340", "2017-12-31": "16.83540", "2016-12-31": "15.34460", "2015-12-31": "16.18720", "2014-12-31": "15.03750", "2013-12-31": "15.62690", "2012-12-31": "12.77520", "2011-12-31": "12.17180", "2010-12-31": "11.70250", "2009-12-31": "12.34670", "2008-12-31": "10.21280", "2007-12-31": "10.91480", "2006-12-31": "10.44250", "2005-12-31": "6.87840"}, "Operating Cash Flow Per Share": {"2019-12-31": 0.3599, "2018-12-31": 0.6058, "2017-12-31": 0.0865, "2016-12-31": -0.2241, "2015-12-31": -2.6516, "2014-12-31": 0.0524, "2013-12-31": 0.2388, "2012-12-31": 0.6701, "2011-12-31": -0.1394, "2010-12-31": 0.3178, "2009-12-31": 0.7896, "2008-12-31": 0.4237, "2007-12-31": 0.1968, "2006-12-31": 0.8635, "2005-12-31": 2.4642}, "Free Cash Flow Per Share": {"2019-12-31": 0.2257, "2018-12-31": 0.5088, "2017-12-31": 0.2815, "2016-12-31": 0.1304, "2015-12-31": -2.62, "2014-12-31": -0.3527, "2013-12-31": 1.041, "2012-12-31": 0.2574, "2011-12-31": -0.1935, "2010-12-31": 0.348, "2009-12-31": 0.6358, "2008-12-31": -0.0159, "2007-12-31": -0.0595, "2006-12-31": 0.7676, "2005-12-31": 1.7583}}, "financial ratios, quarterly": {"Current Ratio": {"2020-09-30": "2.63970", "2020-06-30": "2.97430", "2020-03-31": "2.74470", "2019-12-31": "2.32290", "2019-09-30": "2.76140", "2019-06-30": "2.77940", "2019-03-31": "1.82960", "2018-12-31": "2.11760", "2018-09-30": "2.59910", "2018-06-30": "2.62080", "2018-03-31": "2.63290", "2017-12-31": "2.57460", "2017-09-30": "2.79790", "2017-06-30": "3.01170", "2017-03-31": "2.72070", "2016-12-31": "2.39580", "2016-09-30": "2.52840", "2016-06-30": "1.83270", "2016-03-31": "2.09700", "2015-12-31": "2.05150", "2015-09-30": "1.86220", "2015-06-30": "2.29670", "2015-03-31": "1.60260", "2014-12-31": "1.68330", "2014-09-30": "1.60780", "2014-06-30": "1.63710", "2014-03-31": "1.66310", "2013-12-31": "1.94260", "2013-09-30": "1.92090", "2013-06-30": "2.69820", "2013-03-31": "1.84470", "2012-12-31": "1.94580", "2012-09-30": "2.04240", "2012-06-30": "1.65260", "2012-03-31": "1.67120", "2011-12-31": "1.78090", "2011-09-30": "1.92120", "2011-06-30": "1.93720", "2011-03-31": "1.99560", "2010-12-31": "1.97700", "2010-09-30": "1.93860", "2010-06-30": "1.80540", "2010-03-31": "1.87090", "2009-12-31": "1.85280", "2009-09-30": "2.32530", "2009-06-30": "2.08310", "2009-03-31": "2.14290", "2008-12-31": "1.96640", "2008-09-30": "2.23740", "2008-06-30": "2.22780", "2008-03-31": "2.16720", "2007-12-31": "1.98190", "2007-09-30": "1.79990", "2007-06-30": "1.89480", "2007-03-31": "1.92440", "2006-12-31": "1.93070", "2006-09-30": "2.16200", "2006-06-30": "1.83280", "2006-03-31": "1.78840", "2005-12-31": "1.22830", "2005-09-30": "1.42330", "2005-06-30": "1.33890", "2005-03-31": "1.23130"}, "Long-term Debt / Capital": {"2020-09-30": "0.40110", "2020-06-30": "0.42600", "2020-03-31": "0.43680", "2019-12-31": "0.37800", "2019-09-30": "0.39930", "2019-06-30": "0.39690", "2019-03-31": "0.31030", "2018-12-31": "0.30680", "2018-09-30": "0.27660", "2018-06-30": "0.28270", "2018-03-31": "0.28080", "2017-12-31": "0.27790", "2017-09-30": "0.26980", "2017-06-30": "0.27370", "2017-03-31": "0.24300", "2016-12-31": "0.25130", "2016-09-30": "0.24650", "2016-06-30": "0.19750", "2016-03-31": "0.18650", "2015-12-31": "0.30670", "2015-09-30": "0.32580", "2015-06-30": "0.60040", "2015-03-31": "0.51310", "2014-12-31": "0.47340", "2014-09-30": "0.47920", "2014-06-30": "0.46430", "2014-03-31": "0.46370", "2013-12-31": "0.48920", "2013-09-30": "0.52760", "2013-06-30": "0.54110", "2013-03-31": "0.42420", "2012-12-31": "0.44430", "2012-09-30": "0.43850", "2012-06-30": "0.40130", "2012-03-31": "0.38780", "2011-12-31": "0.41020", "2011-09-30": "0.38210", "2011-06-30": "0.37670", "2011-03-31": "0.38430", "2010-12-31": "0.39100", "2010-09-30": "0.39200", "2010-06-30": "0.40170", "2010-03-31": "0.37850", "2009-12-31": "0.31680", "2009-09-30": "0.36130", "2009-06-30": "0.34660", "2009-03-31": "0.37370", "2008-12-31": "0.34830", "2008-09-30": "0.31090", "2008-06-30": "0.30530", "2008-03-31": "0.28070", "2007-12-31": "0.27810", "2007-09-30": "0.24340", "2007-06-30": "0.23470", "2007-03-31": "0.24340", "2006-12-31": "0.29040", "2006-09-30": "0.29720", "2006-06-30": "0.27670", "2006-03-31": "0.28370", "2005-12-31": "0.35960", "2005-09-30": "0.40740", "2005-06-30": "0.41920", "2005-03-31": "0.42970"}, "Debt/Equity Ratio": {"2020-09-30": "0.75410", "2020-06-30": "0.78110", "2020-03-31": "0.84500", "2019-12-31": "0.67620", "2019-09-30": "0.66500", "2019-06-30": "0.65860", "2019-03-31": "0.55400", "2018-12-31": "0.44300", "2018-09-30": "0.38270", "2018-06-30": "0.39440", "2018-03-31": "0.39070", "2017-12-31": "0.38530", "2017-09-30": "0.36980", "2017-06-30": "0.37720", "2017-03-31": "0.32130", "2016-12-31": "0.33600", "2016-09-30": "0.32780", "2016-06-30": "0.37230", "2016-03-31": "0.37220", "2015-12-31": "0.73400", "2015-09-30": "0.85770", "2015-06-30": "1.77260", "2015-03-31": "1.37280", "2014-12-31": "1.10700", "2014-09-30": "1.09990", "2014-06-30": "1.01750", "2014-03-31": "1.00010", "2013-12-31": "1.08010", "2013-09-30": "1.17040", "2013-06-30": "1.23510", "2013-03-31": "0.83800", "2012-12-31": "0.84980", "2012-09-30": "0.82710", "2012-06-30": "0.80370", "2012-03-31": "0.74800", "2011-12-31": "0.76080", "2011-09-30": "0.63170", "2011-06-30": "0.60740", "2011-03-31": "0.62750", "2010-12-31": "0.64550", "2010-09-30": "0.72200", "2010-06-30": "0.78480", "2010-03-31": "0.71380", "2009-12-31": "0.55940", "2009-09-30": "0.57020", "2009-06-30": "0.56570", "2009-03-31": "0.63490", "2008-12-31": "0.59700", "2008-09-30": "0.48450", "2008-06-30": "0.44800", "2008-03-31": "0.41050", "2007-12-31": "0.44660", "2007-09-30": "0.40850", "2007-06-30": "0.40620", "2007-03-31": "0.41190", "2006-12-31": "0.44660", "2006-09-30": "0.44300", "2006-06-30": "0.40220", "2006-03-31": "0.41850", "2005-12-31": "0.77650", "2005-09-30": "0.99680", "2005-06-30": "1.06630", "2005-03-31": "1.14690"}, "Gross Margin": {"2020-09-30": "40.20860", "2020-06-30": "38.18990", "2020-03-31": "41.50610", "2019-12-31": "42.71140", "2019-09-30": "43.14280", "2019-06-30": "40.68450", "2019-03-31": "40.94010", "2018-12-31": "41.64600", "2018-09-30": "44.62150", "2018-06-30": "43.59610", "2018-03-31": "41.61380", "2017-12-31": "41.75900", "2017-09-30": "41.74360", "2017-06-30": "43.45490", "2017-03-31": "42.18180", "2016-12-31": "41.89040", "2016-09-30": "41.86870", "2016-06-30": "37.60160", "2016-03-31": "40.63160", "2015-12-31": "41.18330", "2015-09-30": "41.57620", "2015-06-30": "41.25250", "2015-03-31": "42.40530", "2014-12-31": "43.27720", "2014-09-30": "44.03840", "2014-06-30": "47.40010", "2014-03-31": "49.14240", "2013-12-31": "46.18230", "2013-09-30": "51.37470", "2013-06-30": "52.84820", "2013-03-31": "50.92810", "2012-12-31": "49.67130", "2012-09-30": "52.05640", "2012-06-30": "52.40760", "2012-03-31": "50.59030", "2011-12-31": "49.10960", "2011-09-30": "50.90540", "2011-06-30": "51.89480", "2011-03-31": "51.00490", "2010-12-31": "46.25500", "2010-09-30": "51.45780", "2010-06-30": "51.28370", "2010-03-31": "35.63380", "2009-12-31": "50.92220", "2009-09-30": "51.89190", "2009-06-30": "52.44960", "2009-03-31": "52.69120", "2008-12-31": "51.16580", "2008-09-30": "48.27040", "2008-06-30": "51.01910", "2008-03-31": "47.96660", "2007-12-31": "49.35190", "2007-09-30": "50.03640", "2007-06-30": "49.20470", "2007-03-31": "47.32710", "2006-12-31": "47.59320", "2006-09-30": "47.51660", "2006-06-30": "43.60140", "2006-03-31": "43.66960", "2005-12-31": "43.27580", "2005-09-30": "42.11840", "2005-06-30": "40.20180", "2005-03-31": "40.66300"}, "Operating Margin": {"2020-09-30": "15.81430", "2020-06-30": "12.17810", "2020-03-31": "14.59670", "2019-12-31": "17.63740", "2019-09-30": "17.64290", "2019-06-30": "12.35000", "2019-03-31": "14.51860", "2018-12-31": "13.69280", "2018-09-30": "13.83560", "2018-06-30": "13.51160", "2018-03-31": "16.13750", "2017-12-31": "10.29680", "2017-09-30": "11.08240", "2017-06-30": "13.32050", "2017-03-31": "14.26260", "2016-12-31": "11.45560", "2016-09-30": "7.27130", "2016-06-30": "2.63060", "2016-03-31": "7.91580", "2015-12-31": "6.83830", "2015-09-30": "3.69920", "2015-06-30": "3.51520", "2015-03-31": "3.82850", "2014-12-31": "6.84830", "2014-09-30": "8.01030", "2014-06-30": "15.86420", "2014-03-31": "17.46360", "2013-12-31": "12.63300", "2013-09-30": "17.62800", "2013-06-30": "22.56750", "2013-03-31": "20.73670", "2012-12-31": "14.94710", "2012-09-30": "22.34690", "2012-06-30": "21.75250", "2012-03-31": "20.45460", "2011-12-31": "17.39010", "2011-09-30": "21.41420", "2011-06-30": "23.50110", "2011-03-31": "22.68580", "2010-12-31": "14.95140", "2010-09-30": "24.25560", "2010-06-30": "21.85350", "2010-03-31": "4.54390", "2009-12-31": "21.12390", "2009-09-30": "23.27500", "2009-06-30": "23.91930", "2009-03-31": "23.54820", "2008-12-31": "22.42100", "2008-09-30": "19.35890", "2008-06-30": "22.01320", "2008-03-31": "19.11710", "2007-12-31": "20.27250", "2007-09-30": "18.54550", "2007-06-30": "20.99680", "2007-03-31": "19.58880", "2006-12-31": "18.89250", "2006-09-30": "19.71060", "2006-06-30": "16.11930", "2006-03-31": "16.10630", "2005-12-31": "17.06140", "2005-09-30": "16.09680", "2005-06-30": "14.20260", "2005-03-31": "14.81330"}, "EBIT Margin": {"2020-09-30": "15.81430", "2020-06-30": "12.17810", "2020-03-31": "14.59670", "2019-12-31": "17.63740", "2019-09-30": "17.64290", "2019-06-30": "12.35000", "2019-03-31": "14.51860", "2018-12-31": "13.69280", "2018-09-30": "13.83560", "2018-06-30": "13.51160", "2018-03-31": "16.13750", "2017-12-31": "10.29680", "2017-09-30": "11.08240", "2017-06-30": "13.32050", "2017-03-31": "14.26260", "2016-12-31": "11.45560", "2016-09-30": "7.27130", "2016-06-30": "2.63060", "2016-03-31": "7.91580", "2015-12-31": "6.83830", "2015-09-30": "3.69920", "2015-06-30": "3.51520", "2015-03-31": "3.82850", "2014-12-31": "6.84830", "2014-09-30": "8.01030", "2014-06-30": "15.86420", "2014-03-31": "17.46360", "2013-12-31": "12.63300", "2013-09-30": "17.62800", "2013-06-30": "22.56750", "2013-03-31": "20.73670", "2012-12-31": "14.94710", "2012-09-30": "22.34690", "2012-06-30": "21.75250", "2012-03-31": "20.45460", "2011-12-31": "17.39010", "2011-09-30": "21.41420", "2011-06-30": "23.50110", "2011-03-31": "22.68580", "2010-12-31": "14.95140", "2010-09-30": "24.25560", "2010-06-30": "21.85350", "2010-03-31": "4.54390", "2009-12-31": "21.12390", "2009-09-30": "23.27500", "2009-06-30": "23.91930", "2009-03-31": "23.54820", "2008-12-31": "22.42100", "2008-09-30": "19.35890", "2008-06-30": "22.01320", "2008-03-31": "19.11710", "2007-12-31": "20.27250", "2007-09-30": "18.54550", "2007-06-30": "20.99680", "2007-03-31": "19.58880", "2006-12-31": "18.89250", "2006-09-30": "19.71060", "2006-06-30": "16.11930", "2006-03-31": "16.10630", "2005-12-31": "17.06140", "2005-09-30": "16.09680", "2005-06-30": "14.20260", "2005-03-31": "14.81330"}, "EBITDA Margin": {"2020-09-30": "", "2020-06-30": "", "2020-03-31": "", "2019-12-31": "", "2019-09-30": "", "2019-06-30": "", "2019-03-31": "", "2018-12-31": "", "2018-09-30": "", "2018-06-30": "", "2018-03-31": "", "2017-12-31": "", "2017-09-30": "", "2017-06-30": "", "2017-03-31": "", "2016-12-31": "", "2016-09-30": "", "2016-06-30": "", "2016-03-31": "", "2015-12-31": "", "2015-09-30": "", "2015-06-30": "", "2015-03-31": "", "2014-12-31": "", "2014-09-30": "", "2014-06-30": "", "2014-03-31": "", "2013-12-31": "", "2013-09-30": "", "2013-06-30": "", "2013-03-31": "", "2012-12-31": "", "2012-09-30": "", "2012-06-30": "", "2012-03-31": "", "2011-12-31": "", "2011-09-30": "", "2011-06-30": "", "2011-03-31": "", "2010-12-31": "", "2010-09-30": "", "2010-06-30": "", "2010-03-31": "", "2009-12-31": "", "2009-09-30": "", "2009-06-30": "", "2009-03-31": "", "2008-12-31": "", "2008-09-30": "", "2008-06-30": "", "2008-03-31": "", "2007-12-31": "", "2007-09-30": "", "2007-06-30": "", "2007-03-31": "", "2006-12-31": "", "2006-09-30": "", "2006-06-30": "", "2006-03-31": "", "2005-12-31": "", "2005-09-30": "", "2005-06-30": "", "2005-03-31": ""}, "Pre-Tax Profit Margin": {"2020-09-30": "13.96370", "2020-06-30": "10.63280", "2020-03-31": "13.49040", "2019-12-31": "-7.33790", "2019-09-30": "16.87130", "2019-06-30": "11.50320", "2019-03-31": "14.63230", "2018-12-31": "14.29590", "2018-09-30": "13.47340", "2018-06-30": "14.21530", "2018-03-31": "16.36160", "2017-12-31": "6.29250", "2017-09-30": "10.71300", "2017-06-30": "11.74660", "2017-03-31": "13.25250", "2016-12-31": "10.54820", "2016-09-30": "5.00390", "2016-06-30": "47.11800", "2016-03-31": "140.16840", "2015-12-31": "7.87550", "2015-09-30": "-1.32690", "2015-06-30": "4.36360", "2015-03-31": "6.15900", "2014-12-31": "3.90820", "2014-09-30": "7.45660", "2014-06-30": "14.49210", "2014-03-31": "16.96990", "2013-12-31": "12.12400", "2013-09-30": "17.89760", "2013-06-30": "20.25080", "2013-03-31": "20.09860", "2012-12-31": "14.94710", "2012-09-30": "22.03050", "2012-06-30": "22.87230", "2012-03-31": "21.60570", "2011-12-31": "15.24760", "2011-09-30": "20.89680", "2011-06-30": "22.70930", "2011-03-31": "22.25940", "2010-12-31": "13.35050", "2010-09-30": "19.88210", "2010-06-30": "20.97680", "2010-03-31": "3.82640", "2009-12-31": "20.60520", "2009-09-30": "20.92210", "2009-06-30": "23.18280", "2009-03-31": "22.55670", "2008-12-31": "21.94190", "2008-09-30": "17.83560", "2008-06-30": "21.19790", "2008-03-31": "18.66530", "2007-12-31": "20.20610", "2007-09-30": "17.56360", "2007-06-30": "17.95690", "2007-03-31": "19.77570", "2006-12-31": "18.63920", "2006-09-30": "18.73290", "2006-06-30": "15.02450", "2006-03-31": "14.69490", "2005-12-31": "15.41550", "2005-09-30": "14.59550", "2005-06-30": "15.98760", "2005-03-31": "12.50530"}, "Net Profit Margin": {"2020-09-30": "11.97850", "2020-06-30": "9.05080", "2020-03-31": "11.84870", "2019-12-31": "-0.75680", "2019-09-30": "12.94280", "2019-06-30": "11.04450", "2019-03-31": "12.96440", "2018-12-31": "10.50020", "2018-09-30": "18.76130", "2018-06-30": "12.06900", "2018-03-31": "14.53120", "2017-12-31": "-6.65000", "2017-09-30": "9.27230", "2017-06-30": "10.17270", "2017-03-31": "10.98990", "2016-12-31": "9.18710", "2016-09-30": "5.08210", "2016-06-30": "46.88590", "2016-03-31": "142.31580", "2015-12-31": "7.87550", "2015-09-30": "0.04020", "2015-06-30": "13.41410", "2015-03-31": "17.89430", "2014-12-31": "34.17000", "2014-09-30": "17.27580", "2014-06-30": "12.51810", "2014-03-31": "14.44910", "2013-12-31": "7.54280", "2013-09-30": "14.66310", "2013-06-30": "16.08070", "2013-03-31": "16.00930", "2012-12-31": "14.11830", "2012-09-30": "16.76730", "2012-06-30": "18.50500", "2012-03-31": "17.35540", "2011-12-31": "12.88260", "2011-09-30": "16.55650", "2011-06-30": "17.39250", "2011-03-31": "17.35690", "2010-12-31": "12.09260", "2010-09-30": "16.28410", "2010-06-30": "16.75020", "2010-03-31": "-2.15240", "2009-12-31": "16.48420", "2009-09-30": "16.85220", "2009-06-30": "18.79600", "2009-03-31": "18.27200", "2008-12-31": "18.17310", "2008-09-30": "14.97940", "2008-06-30": "17.05860", "2008-03-31": "14.91140", "2007-12-31": "15.88570", "2007-09-30": "14.36360", "2007-06-30": "15.23510", "2007-03-31": "15.06540", "2006-12-31": "15.63520", "2006-09-30": "14.62650", "2006-06-30": "11.66480", "2006-03-31": "11.70610", "2005-12-31": "11.72220", "2005-09-30": "4.83740", "2005-06-30": "12.49520", "2005-03-31": "9.48380"}, "Asset Turnover": {"2020-09-30": "0.14790", "2020-06-30": "0.13960", "2020-03-31": "0.14690", "2019-12-31": "0.16700", "2019-09-30": "0.16480", "2019-06-30": "0.16150", "2019-03-31": "0.16130", "2018-12-31": "0.17930", "2018-09-30": "0.16390", "2018-06-30": "0.17140", "2018-03-31": "0.15850", "2017-12-31": "0.16350", "2017-09-30": "0.15430", "2017-06-30": "0.15360", "2017-03-31": "0.15810", "2016-12-31": "0.17010", "2016-09-30": "0.16200", "2016-06-30": "0.16170", "2016-03-31": "0.13690", "2015-12-31": "0.12420", "2015-09-30": "0.12330", "2015-06-30": "0.08250", "2015-03-31": "0.09670", "2014-12-31": "0.10670", "2014-09-30": "0.10600", "2014-06-30": "0.16210", "2014-03-31": "0.15230", "2013-12-31": "0.17130", "2013-09-30": "0.14690", "2013-06-30": "0.15450", "2013-03-31": "0.16970", "2012-12-31": "0.17160", "2012-09-30": "0.17540", "2012-06-30": "0.19360", "2012-03-31": "0.18040", "2011-12-31": "0.18840", "2011-09-30": "0.19500", "2011-06-30": "0.19930", "2011-03-31": "0.18860", "2010-12-31": "0.20000", "2010-09-30": "0.18360", "2010-06-30": "0.19370", "2010-03-31": "0.17050", "2009-12-31": "0.20000", "2009-09-30": "0.18550", "2009-06-30": "0.19840", "2009-03-31": "0.18890", "2008-12-31": "0.20320", "2008-09-30": "0.20720", "2008-06-30": "0.20610", "2008-03-31": "0.19220", "2007-12-31": "0.19670", "2007-09-30": "0.19440", "2007-06-30": "0.19300", "2007-03-31": "0.18470", "2006-12-31": "0.18810", "2006-09-30": "0.18350", "2006-06-30": "0.20370", "2006-03-31": "0.18850", "2005-12-31": "0.19570", "2005-09-30": "0.17400", "2005-06-30": "0.18910", "2005-03-31": "0.17260"}, "Inventory Turnover Ratio": {"2020-09-30": "0.89390", "2020-06-30": "0.88190", "2020-03-31": "0.96750", "2019-12-31": "1.05320", "2019-09-30": "0.94520", "2019-06-30": "0.95670", "2019-03-31": "0.88980", "2018-12-31": "0.98680", "2018-09-30": "0.89000", "2018-06-30": "0.98830", "2018-03-31": "0.98860", "2017-12-31": "1.10440", "2017-09-30": "1.01740", "2017-06-30": "0.96590", "2017-03-31": "0.96690", "2016-12-31": "1.07480", "2016-09-30": "0.94830", "2016-06-30": "1.01380", "2016-03-31": "0.83830", "2015-12-31": "0.95450", "2015-09-30": "0.85670", "2015-06-30": "0.37840", "2015-03-31": "0.39530", "2014-12-31": "1.00320", "2014-09-30": "0.40930", "2014-06-30": "0.56960", "2014-03-31": "0.52210", "2013-12-31": "0.66480", "2013-09-30": "0.50380", "2013-06-30": "0.56370", "2013-03-31": "0.57100", "2012-12-31": "0.62830", "2012-09-30": "0.58880", "2012-06-30": "0.62270", "2012-03-31": "0.61160", "2011-12-31": "0.69600", "2011-09-30": "0.65170", "2011-06-30": "0.64240", "2011-03-31": "0.63930", "2010-12-31": "0.79290", "2010-09-30": "0.62600", "2010-06-30": "0.65270", "2010-03-31": "0.76060", "2009-12-31": "0.66600", "2009-09-30": "0.57570", "2009-06-30": "0.59500", "2009-03-31": "0.55180", "2008-12-31": "0.64760", "2008-09-30": "0.64680", "2008-06-30": "0.60750", "2008-03-31": "0.59030", "2007-12-31": "0.65300", "2007-09-30": "0.59220", "2007-06-30": "0.65740", "2007-03-31": "0.66490", "2006-12-31": "0.70090", "2006-09-30": "0.64240", "2006-06-30": "0.73960", "2006-03-31": "0.67650", "2005-12-31": "0.73400", "2005-09-30": "0.71250", "2005-06-30": "0.79270", "2005-03-31": "0.67170"}, "Receiveable Turnover": {"2020-09-30": "1.48530", "2020-06-30": "1.44270", "2020-03-31": "1.48100", "2019-12-31": "1.60280", "2019-09-30": "1.57170", "2019-06-30": "1.50340", "2019-03-31": "1.46390", "2018-12-31": "1.53210", "2018-09-30": "1.51200", "2018-06-30": "1.59390", "2018-03-31": "1.48150", "2017-12-31": "1.56000", "2017-09-30": "1.54860", "2017-06-30": "1.51370", "2017-03-31": "1.50360", "2016-12-31": "1.56420", "2016-09-30": "1.47100", "2016-06-30": "1.42580", "2016-03-31": "1.29780", "2015-12-31": "1.50380", "2015-09-30": "1.40350", "2015-06-30": "0.86780", "2015-03-31": "0.92460", "2014-12-31": "1.48040", "2014-09-30": "0.95320", "2014-06-30": "1.42550", "2014-03-31": "1.42100", "2013-12-31": "1.48470", "2013-09-30": "1.34130", "2013-06-30": "1.56660", "2013-03-31": "1.48680", "2012-12-31": "1.44290", "2012-09-30": "1.49610", "2012-06-30": "1.60540", "2012-03-31": "1.44720", "2011-12-31": "1.48510", "2011-09-30": "1.48230", "2011-06-30": "1.41950", "2011-03-31": "1.36890", "2010-12-31": "1.54440", "2010-09-30": "1.46210", "2010-06-30": "1.54150", "2010-03-31": "1.29860", "2009-12-31": "1.50740", "2009-09-30": "1.41090", "2009-06-30": "1.46410", "2009-03-31": "1.45570", "2008-12-31": "1.58130", "2008-09-30": "1.49980", "2008-06-30": "1.43840", "2008-03-31": "1.37260", "2007-12-31": "1.48520", "2007-09-30": "1.39170", "2007-06-30": "1.41950", "2007-03-31": "1.40860", "2006-12-31": "1.50330", "2006-09-30": "1.46030", "2006-06-30": "1.51030", "2006-03-31": "1.37660", "2005-12-31": "1.41050", "2005-09-30": "1.28720", "2005-06-30": "1.31550", "2005-03-31": "1.20230"}, "Days Sales In Receivables": {"2020-09-30": "60.59560", "2020-06-30": "62.38410", "2020-03-31": "60.77090", "2019-12-31": "56.15010", "2019-09-30": "57.26410", "2019-06-30": "59.86240", "2019-03-31": "61.47840", "2018-12-31": "58.74420", "2018-09-30": "59.52190", "2018-06-30": "56.46380", "2018-03-31": "60.75080", "2017-12-31": "57.69400", "2017-09-30": "58.11600", "2017-06-30": "59.45870", "2017-03-31": "59.85460", "2016-12-31": "57.53880", "2016-09-30": "61.18450", "2016-06-30": "63.12190", "2016-03-31": "69.34740", "2015-12-31": "59.85020", "2015-09-30": "64.12550", "2015-06-30": "103.70910", "2015-03-31": "97.34080", "2014-12-31": "60.79600", "2014-09-30": "94.41860", "2014-06-30": "63.13430", "2014-03-31": "63.33680", "2013-12-31": "60.61780", "2013-09-30": "67.09970", "2013-06-30": "57.44890", "2013-03-31": "60.53070", "2012-12-31": "62.37500", "2012-09-30": "60.15530", "2012-06-30": "56.06100", "2012-03-31": "62.18710", "2011-12-31": "60.60100", "2011-09-30": "60.71570", "2011-06-30": "63.40220", "2011-03-31": "65.74600", "2010-12-31": "58.27620", "2010-09-30": "61.55400", "2010-06-30": "58.38450", "2010-03-31": "69.30650", "2009-12-31": "59.70610", "2009-09-30": "63.78700", "2009-06-30": "61.46970", "2009-03-31": "61.82720", "2008-12-31": "56.91470", "2008-09-30": "60.00950", "2008-06-30": "62.56820", "2008-03-31": "65.56830", "2007-12-31": "60.59820", "2007-09-30": "64.66910", "2007-06-30": "63.40400", "2007-03-31": "63.89160", "2006-12-31": "59.86970", "2006-09-30": "61.63080", "2006-06-30": "59.59230", "2006-03-31": "65.37980", "2005-12-31": "63.80570", "2005-09-30": "69.92080", "2005-06-30": "68.41680", "2005-03-31": "74.85520"}, "ROE - Return On Equity": {"2020-09-30": "4.17340", "2020-06-30": "3.02700", "2020-03-31": "4.30790", "2019-12-31": "-0.24010", "2019-09-30": "4.92320", "2019-06-30": "3.99440", "2019-03-31": "4.45950", "2018-12-31": "3.83930", "2018-09-30": "5.68420", "2018-06-30": "3.86740", "2018-03-31": "4.27800", "2017-12-31": "-1.93070", "2017-09-30": "2.62180", "2017-06-30": "2.88050", "2017-03-31": "3.14700", "2016-12-31": "2.89860", "2016-09-30": "1.46580", "2016-06-30": "14.24210", "2016-03-31": "37.54990", "2015-12-31": "2.14330", "2015-09-30": "0.02550", "2015-06-30": "0.92260", "2015-03-31": "1.83860", "2014-12-31": "1.55710", "2014-09-30": "2.07690", "2014-06-30": "5.38740", "2014-03-31": "5.83230", "2013-12-31": "4.81970", "2013-09-30": "6.81640", "2013-06-30": "8.06560", "2013-03-31": "7.88460", "2012-12-31": "6.46320", "2012-09-30": "8.10850", "2012-06-30": "9.99700", "2012-03-31": "8.44340", "2011-12-31": "6.91270", "2011-09-30": "8.03890", "2011-06-30": "8.68300", "2011-03-31": "8.27710", "2010-12-31": "6.26840", "2010-09-30": "7.74800", "2010-06-30": "8.75450", "2010-03-31": "-0.90100", "2009-12-31": "7.76280", "2009-09-30": "7.27670", "2009-06-30": "8.69500", "2009-03-31": "8.41180", "2008-12-31": "9.04470", "2008-09-30": "6.74320", "2008-06-30": "7.59110", "2008-03-31": "6.17410", "2007-12-31": "7.11390", "2007-09-30": "6.27780", "2007-06-30": "6.44340", "2007-03-31": "6.10240", "2006-12-31": "6.90370", "2006-09-30": "5.90090", "2006-06-30": "5.26850", "2006-03-31": "4.90690", "2005-12-31": "6.83880", "2005-09-30": "2.65080", "2005-06-30": "7.69600", "2005-03-31": "5.58600"}, "Return On Tangible Equity": {"2020-09-30": "9.37340", "2020-06-30": "7.28180", "2020-03-31": "11.06310", "2019-12-31": "-0.55700", "2019-09-30": "11.01320", "2019-06-30": "8.85680", "2019-03-31": "10.36990", "2018-12-31": "8.74350", "2018-09-30": "10.94910", "2018-06-30": "7.69400", "2018-03-31": "8.68500", "2017-12-31": "-3.79070", "2017-09-30": "4.98890", "2017-06-30": "4.97180", "2017-03-31": "5.51400", "2016-12-31": "5.24700", "2016-09-30": "2.64310", "2016-06-30": "26.35930", "2016-03-31": "68.64610", "2015-12-31": "3.93460", "2015-09-30": "0.05380", "2015-06-30": "3.44990", "2015-03-31": "8.78110", "2014-12-31": "3.51900", "2014-09-30": "7.86520", "2014-06-30": "21.95120", "2014-03-31": "23.06640", "2013-12-31": "20.58380", "2013-09-30": "41.12150", "2013-06-30": "15.67480", "2013-03-31": "16.40900", "2012-12-31": "12.31570", "2012-09-30": "15.24180", "2012-06-30": "20.28850", "2012-03-31": "16.52150", "2011-12-31": "12.80870", "2011-09-30": "13.25380", "2011-06-30": "14.38040", "2011-03-31": "13.08090", "2010-12-31": "9.95090", "2010-09-30": "12.42300", "2010-06-30": "14.68820", "2010-03-31": "-1.46310", "2009-12-31": "11.33410", "2009-09-30": "10.77580", "2009-06-30": "13.06860", "2009-03-31": "12.58810", "2008-12-31": "13.39770", "2008-09-30": "9.63760", "2008-06-30": "10.92940", "2008-03-31": "9.06040", "2007-12-31": "10.31230", "2007-09-30": "9.43620", "2007-06-30": "9.34720", "2007-03-31": "8.90800", "2006-12-31": "10.37370", "2006-09-30": "8.76700", "2006-06-30": "8.13800", "2006-03-31": "7.62780", "2005-12-31": "13.04930", "2005-09-30": "5.00650", "2005-06-30": "15.08380", "2005-03-31": "12.06250"}, "ROA - Return On Assets": {"2020-09-30": "1.78620", "2020-06-30": "1.26890", "2020-03-31": "1.74570", "2019-12-31": "-0.10440", "2019-09-30": "2.16780", "2019-06-30": "1.78410", "2019-03-31": "2.09170", "2018-12-31": "1.92110", "2018-09-30": "3.07470", "2018-06-30": "2.06900", "2018-03-31": "2.30310", "2017-12-31": "-1.02860", "2017-09-30": "1.41380", "2017-06-30": "1.55630", "2017-03-31": "1.74340", "2016-12-31": "1.54380", "2016-09-30": "0.80410", "2016-06-30": "7.58350", "2016-03-31": "19.52160", "2015-12-31": "0.90640", "2015-09-30": "0.00990", "2015-06-30": "0.24650", "2015-03-31": "0.53900", "2014-12-31": "0.48590", "2014-09-30": "0.68460", "2014-06-30": "1.82610", "2014-03-31": "2.00700", "2013-12-31": "1.62150", "2013-09-30": "2.09110", "2013-06-30": "2.48410", "2013-03-31": "2.71680", "2012-12-31": "2.21190", "2012-09-30": "2.94070", "2012-06-30": "3.58340", "2012-03-31": "3.13030", "2011-12-31": "2.47470", "2011-09-30": "3.23940", "2011-06-30": "3.54550", "2011-03-31": "3.31360", "2010-12-31": "2.43580", "2010-09-30": "2.98350", "2010-06-30": "3.25710", "2010-03-31": "-0.34950", "2009-12-31": "3.31910", "2009-09-30": "3.13790", "2009-06-30": "3.74130", "2009-03-31": "3.46420", "2008-12-31": "3.69360", "2008-09-30": "3.12970", "2008-06-30": "3.54230", "2008-03-31": "2.88540", "2007-12-31": "3.21690", "2007-09-30": "2.79210", "2007-06-30": "2.94020", "2007-03-31": "2.78260", "2006-12-31": "2.94840", "2006-09-30": "2.68470", "2006-06-30": "2.37560", "2006-03-31": "2.20660", "2005-12-31": "2.31010", "2005-09-30": "0.84160", "2005-06-30": "2.37780", "2005-03-31": "1.62220"}, "ROI - Return On Investment": {"2020-09-30": "2.49970", "2020-06-30": "1.73760", "2020-03-31": "2.42610", "2019-12-31": "-0.14940", "2019-09-30": "2.95740", "2019-06-30": "2.40900", "2019-03-31": "3.07550", "2018-12-31": "2.66150", "2018-09-30": "4.11180", "2018-06-30": "2.77420", "2018-03-31": "3.07680", "2017-12-31": "-1.39410", "2017-09-30": "1.91450", "2017-06-30": "2.09210", "2017-03-31": "2.38240", "2016-12-31": "2.17020", "2016-09-30": "1.10450", "2016-06-30": "11.42970", "2016-03-31": "30.54650", "2015-12-31": "1.48590", "2015-09-30": "0.01720", "2015-06-30": "0.36860", "2015-03-31": "0.89520", "2014-12-31": "0.82000", "2014-09-30": "1.08160", "2014-06-30": "2.88620", "2014-03-31": "3.12770", "2013-12-31": "2.46210", "2013-09-30": "3.21990", "2013-06-30": "3.70160", "2013-03-31": "4.54020", "2012-12-31": "3.59130", "2012-09-30": "4.55330", "2012-06-30": "5.98520", "2012-03-31": "5.16920", "2011-12-31": "4.07700", "2011-09-30": "4.96690", "2011-06-30": "5.41210", "2011-03-31": "5.09630", "2010-12-31": "3.81750", "2010-09-30": "4.71100", "2010-06-30": "5.23750", "2010-03-31": "-0.56000", "2009-12-31": "5.30390", "2009-09-30": "4.64750", "2009-06-30": "5.68150", "2009-03-31": "5.26800", "2008-12-31": "5.89450", "2008-09-30": "4.64660", "2008-06-30": "5.27380", "2008-03-31": "4.44080", "2007-12-31": "5.13570", "2007-09-30": "4.74990", "2007-06-30": "4.93140", "2007-03-31": "4.61730", "2006-12-31": "4.89870", "2006-09-30": "4.14730", "2006-06-30": "3.81060", "2006-03-31": "3.51490", "2005-12-31": "4.37960", "2005-09-30": "1.57100", "2005-06-30": "4.46960", "2005-03-31": "3.18540"}, "Book Value Per Share": {"2020-09-30": "16.84060", "2020-06-30": "15.99430", "2020-03-31": "15.20490", "2019-12-31": "15.63160", "2019-09-30": "14.99310", "2019-06-30": "15.35810", "2019-03-31": "15.03580", "2018-12-31": "15.33340", "2018-09-30": "17.08860", "2018-06-30": "16.57730", "2018-03-31": "16.94870", "2017-12-31": "16.83540", "2017-09-30": "17.36790", "2017-06-30": "16.82950", "2017-03-31": "15.98460", "2016-12-31": "15.34460", "2016-09-30": "15.92900", "2016-06-30": "15.69060", "2016-03-31": "16.36360", "2015-12-31": "16.18720", "2015-09-30": "14.34660", "2015-06-30": "14.71200", "2015-03-31": "13.40080", "2014-12-31": "15.03750", "2014-09-30": "15.53960", "2014-06-30": "16.03750", "2014-03-31": "16.02580", "2013-12-31": "15.62690", "2013-09-30": "14.26390", "2013-06-30": "13.48100", "2013-03-31": "12.90390", "2012-12-31": "12.77520", "2012-09-30": "13.10590", "2012-06-30": "12.06920", "2012-03-31": "12.56330", "2011-12-31": "12.17180", "2011-09-30": "12.76770", "2011-06-30": "12.78460", "2011-03-31": "12.20020", "2010-12-31": "11.70250", "2010-09-30": "11.62850", "2010-06-30": "10.49840", "2010-03-31": "11.13740", "2009-12-31": "12.34670", "2009-09-30": "12.11840", "2009-06-30": "11.22980", "2009-03-31": "10.13340", "2008-12-31": "10.21280", "2008-09-30": "11.33380", "2008-06-30": "11.55610", "2008-03-31": "11.14770", "2007-12-31": "10.91480", "2007-09-30": "9.92700", "2007-06-30": "10.33480", "2007-03-31": "10.14440", "2006-12-31": "10.44250", "2006-09-30": "9.69110", "2006-06-30": "8.98160", "2006-03-31": "8.74730", "2005-12-31": "6.87840", "2005-09-30": "7.02410", "2005-06-30": "6.77940", "2005-03-31": "6.46770"}, "Operating Cash Flow Per Share": {"2020-09-30": 0.9822, "2020-06-30": 0.7224, "2020-03-31": "0.52710", "2019-12-31": 1.6021, "2019-09-30": 1.3459, "2019-06-30": 0.8608, "2019-03-31": "0.24520", "2018-12-31": 1.2985, "2018-09-30": 0.838, "2018-06-30": 0.7463, "2018-03-31": "0.81130", "2017-12-31": 0.7131, "2017-09-30": 1.0815, "2017-06-30": 0.9507, "2017-03-31": "0.34300", "2016-12-31": 1.294, "2016-09-30": 0.9682, "2016-06-30": 1.3429, "2016-03-31": "-0.60330", "2015-12-31": 1.3129, "2015-09-30": 0.4645, "2015-06-30": 1.2674, "2015-03-31": "0.17520", "2014-12-31": 2.0896, "2014-09-30": 1.6748, "2014-06-30": 1.093, "2014-03-31": "1.02010", "2013-12-31": 1.9833, "2013-09-30": 1.7596, "2013-06-30": 1.3924, "2013-03-31": "0.70050", "2012-12-31": 1.6714, "2012-09-30": 1.3579, "2012-06-30": 1.7648, "2012-03-31": "0.79220", "2011-12-31": 1.5449, "2011-09-30": 1.627, "2011-06-30": 1.1057, "2011-03-31": "0.63860", "2010-12-31": 1.5326, "2010-09-30": 1.7411, "2010-06-30": 1.3184, "2010-03-31": "0.46350", "2009-12-31": 1.5956, "2009-09-30": 1.4298, "2009-06-30": 1.3308, "2009-03-31": "0.38160", "2008-12-31": 0.978, "2008-09-30": 1.2743, "2008-06-30": 1.1338, "2008-03-31": "0.56210", "2007-12-31": 1.1374, "2007-09-30": 0.9559, "2007-06-30": 1.1049, "2007-03-31": "0.32630", "2006-12-31": 1.1779, "2006-09-30": 0.863, "2006-06-30": 0.8161, "2006-03-31": "0.47070", "2005-12-31": 0.3851, "2005-09-30": 0.8363, "2005-06-30": 0.8062, "2005-03-31": "0.43660"}, "Free Cash Flow Per Share": {"2020-09-30": 0.6822, "2020-06-30": 0.4445, "2020-03-31": "0.19380", "2019-12-31": 1.2321, "2019-09-30": 1.0261, "2019-06-30": 0.5792, "2019-03-31": "-0.12450", "2018-12-31": 0.9213, "2018-09-30": 0.5769, "2018-06-30": 0.4591, "2018-03-31": "0.52990", "2017-12-31": 0.3393, "2017-09-30": 0.8481, "2017-06-30": 0.6712, "2017-03-31": "0.11980", "2016-12-31": 0.931, "2016-09-30": 0.6628, "2016-06-30": 1.0397, "2016-03-31": "-0.93660", "2015-12-31": 0.855, "2015-09-30": 0.0383, "2015-06-30": 0.8856, "2015-03-31": "-0.21530", "2014-12-31": 1.5393, "2014-09-30": 2.0742, "2014-06-30": 0.3212, "2014-03-31": "0.25180", "2013-12-31": 2.5838, "2013-09-30": 1.0346, "2013-06-30": 0.7584, "2013-03-31": "0.17060", "2012-12-31": 0.9638, "2012-09-30": 0.887, "2012-06-30": 1.2797, "2012-03-31": "0.36770", "2011-12-31": 0.9956, "2011-09-30": 1.2104, "2011-06-30": 0.737, "2011-03-31": "0.29780", "2010-12-31": 1.1021, "2010-09-30": 1.3339, "2010-06-30": 0.9169, "2010-03-31": "0.08140", "2009-12-31": 0.9801, "2009-09-30": 1.0261, "2009-06-30": 0.9738, "2009-03-31": "0.10630", "2008-12-31": 0.4442, "2008-09-30": 0.8809, "2008-06-30": 0.8071, "2008-03-31": "0.31830", "2007-12-31": 0.7306, "2007-09-30": 0.695, "2007-06-30": 0.8557, "2007-03-31": "0.18510", "2006-12-31": 0.8844, "2006-09-30": 0.6552, "2006-06-30": 0.6329, "2006-03-31": "0.35340", "2005-12-31": 0.1206, "2005-09-30": 0.6553, "2005-06-30": 0.6501, "2005-03-31": "0.33230"}}, "revenue": {"Baxter Annual Revenue (Millions of US $)": {"2020": "$11,673", "2019": "$11,362", "2018": "$11,099", "2017": "$10,584", "2016": "$10,163", "2015": "$9,968", "2014": "$10,719", "2013": "$9,413", "2012": "$13,936", "2011": "$13,893", "2010": "$12,843", "2009": "$12,562", "2008": "$12,348", "2007": "$11,263", "2006": "$10,378", "2005": "$9,849"}, "Baxter Quarterly Revenue (Millions of US $)": {"2020-12-31": "$3,181", "2020-09-30": "$2,972", "2020-06-30": "$2,718", "2020-03-31": "$2,802", "2019-12-31": "$3,039", "2019-09-30": "$2,851", "2019-06-30": "$2,834", "2019-03-31": "$2,638", "2018-12-31": "$2,819", "2018-09-30": "$2,761", "2018-06-30": "$2,842", "2018-03-31": "$2,677", "2017-12-31": "$2,797", "2017-09-30": "$2,707", "2017-06-30": "$2,605", "2017-03-31": "$2,475", "2016-12-31": "$2,645", "2016-09-30": "$2,558", "2016-06-30": "$2,585", "2016-03-31": "$2,375", "2015-12-31": "$2,603", "2015-09-30": "$2,487", "2015-06-30": "$2,475", "2015-03-31": "$2,403", "2014-12-31": "$2,789", "2014-09-30": "$2,709", "2014-06-30": "$4,154", "2014-03-31": "$3,848", "2013-12-31": "$4,322", "2013-09-30": "$3,710", "2013-06-30": "$3,669", "2013-03-31": "$3,448", "2012-12-31": "$3,499", "2012-09-30": "$3,477", "2012-06-30": "$3,572", "2012-03-31": "$3,388", "2011-12-31": "$3,594", "2011-09-30": "$3,479", "2011-06-30": "$3,536", "2011-03-31": "$3,284", "2010-12-31": "$3,498", "2010-09-30": "$3,224", "2010-06-30": "$3,194", "2010-03-31": "$2,927", "2009-12-31": "$3,470", "2009-09-30": "$3,145", "2009-06-30": "$3,123", "2009-03-31": "$2,824", "2008-12-31": "$3,131", "2008-09-30": "$3,151", "2008-06-30": "$3,189", "2008-03-31": "$2,877", "2007-12-31": "$3,009", "2007-09-30": "$2,750", "2007-06-30": "$2,829", "2007-03-31": "$2,675", "2006-12-31": "$2,763", "2006-09-30": "$2,557", "2006-06-30": "$2,649", "2006-03-31": "$2,409", "2005-12-31": "$2,491", "2005-09-30": "$2,398", "2005-06-30": "$2,577", "2005-03-31": "$2,383"}}, "gross-profit": {"Baxter Annual Gross Profit (Millions of US $)": {"2020": "$4,587", "2019": "$4,761", "2018": "$4,759", "2017": "$4,474", "2016": "$4,116", "2015": "$4,146", "2014": "$4,581", "2013": "$4,162", "2012": "$7,134", "2011": "$7,046", "2010": "$5,958", "2009": "$6,525", "2008": "$6,130", "2007": "$5,519", "2006": "$4,737", "2005": "$4,093"}, "Baxter Quarterly Gross Profit (Millions of US $)": {"2020-12-31": "$1,191", "2020-09-30": "$1,195", "2020-06-30": "$1,038", "2020-03-31": "$1,163", "2019-12-31": "$1,298", "2019-09-30": "$1,230", "2019-06-30": "$1,153", "2019-03-31": "$1,080", "2018-12-31": "$1,174", "2018-09-30": "$1,232", "2018-06-30": "$1,239", "2018-03-31": "$1,114", "2017-12-31": "$1,168", "2017-09-30": "$1,130", "2017-06-30": "$1,132", "2017-03-31": "$1,044", "2016-12-31": "$1,108", "2016-09-30": "$1,071", "2016-06-30": "$972", "2016-03-31": "$965", "2015-12-31": "$1,072", "2015-09-30": "$1,034", "2015-06-30": "$1,021", "2015-03-31": "$1,019", "2014-12-31": "$1,207", "2014-09-30": "$1,193", "2014-06-30": "$1,969", "2014-03-31": "$1,891", "2013-12-31": "$1,996", "2013-09-30": "$1,906", "2013-06-30": "$1,939", "2013-03-31": "$1,756", "2012-12-31": "$1,738", "2012-09-30": "$1,810", "2012-06-30": "$1,872", "2012-03-31": "$1,714", "2011-12-31": "$1,765", "2011-09-30": "$1,771", "2011-06-30": "$1,835", "2011-03-31": "$1,675", "2010-12-31": "$1,618", "2010-09-30": "$1,659", "2010-06-30": "$1,638", "2010-03-31": "$1,043", "2009-12-31": "$1,767", "2009-09-30": "$1,632", "2009-06-30": "$1,638", "2009-03-31": "$1,488", "2008-12-31": "$1,602", "2008-09-30": "$1,521", "2008-06-30": "$1,627", "2008-03-31": "$1,380", "2007-12-31": "$1,485", "2007-09-30": "$1,376", "2007-06-30": "$1,392", "2007-03-31": "$1,266", "2006-12-31": "$1,315", "2006-09-30": "$1,215", "2006-06-30": "$1,155", "2006-03-31": "$1,052", "2005-12-31": "$1,078", "2005-09-30": "$1,010", "2005-06-30": "$1,036", "2005-03-31": "$969"}}, "operating-income": {"Baxter Annual Operating Income (Millions of US $)": {"2020": "$1,616", "2019": "$1,772", "2018": "$1,584", "2017": "$1,288", "2016": "$745", "2015": "$449", "2014": "$656", "2013": "$496", "2012": "$2,770", "2011": "$2,946", "2010": "$2,136", "2009": "$2,877", "2008": "$2,564", "2007": "$2,238", "2006": "$1,841", "2005": "$1,530"}, "Baxter Quarterly Operating Income (Millions of US $)": {"2020-12-31": "$406", "2020-09-30": "$470", "2020-06-30": "$331", "2020-03-31": "$409", "2019-12-31": "$536", "2019-09-30": "$503", "2019-06-30": "$350", "2019-03-31": "$383", "2018-12-31": "$386", "2018-09-30": "$382", "2018-06-30": "$384", "2018-03-31": "$432", "2017-12-31": "$288", "2017-09-30": "$300", "2017-06-30": "$347", "2017-03-31": "$353", "2016-12-31": "$303", "2016-09-30": "$186", "2016-06-30": "$68", "2016-03-31": "$188", "2015-12-31": "$178", "2015-09-30": "$92", "2015-06-30": "$87", "2015-03-31": "$92", "2014-12-31": "$191", "2014-09-30": "$217", "2014-06-30": "$659", "2014-03-31": "$672", "2013-12-31": "$546", "2013-09-30": "$654", "2013-06-30": "$828", "2013-03-31": "$715", "2012-12-31": "$523", "2012-09-30": "$777", "2012-06-30": "$777", "2012-03-31": "$693", "2011-12-31": "$625", "2011-09-30": "$745", "2011-06-30": "$831", "2011-03-31": "$745", "2010-12-31": "$523", "2010-09-30": "$782", "2010-06-30": "$698", "2010-03-31": "$133", "2009-12-31": "$733", "2009-09-30": "$732", "2009-06-30": "$747", "2009-03-31": "$665", "2008-12-31": "$702", "2008-09-30": "$610", "2008-06-30": "$702", "2008-03-31": "$550", "2007-12-31": "$610", "2007-09-30": "$510", "2007-06-30": "$594", "2007-03-31": "$524", "2006-12-31": "$522", "2006-09-30": "$504", "2006-06-30": "$427", "2006-03-31": "$388", "2005-12-31": "$425", "2005-09-30": "$386", "2005-06-30": "$366", "2005-03-31": "$353"}}, "ebitda": {"Baxter Annual EBITDA (Millions of US $)": {"2019": "$2,592", "2018": "$2,355", "2017": "$2,038", "2016": "$1,545", "2015": "$1,208", "2014": "$1,448", "2013": "$1,131", "2012": "$3,482", "2011": "$3,616", "2010": "$2,821", "2009": "$3,515", "2008": "$3,195", "2007": "$2,819", "2006": "$2,416", "2005": "$2,110"}, "Baxter Quarterly EBITDA (Millions of US $)": {"2020-09-30": "$679", "2020-06-30": "$550", "2020-03-31": "$608", "2019-12-31": "$745", "2019-09-30": "$698", "2019-06-30": "$574", "2019-03-31": "$575", "2018-12-31": "$571", "2018-09-30": "$581", "2018-06-30": "$579", "2018-03-31": "$624", "2017-12-31": "$476", "2017-09-30": "$484", "2017-06-30": "$531", "2017-03-31": "$547", "2016-12-31": "$504", "2016-09-30": "$390", "2016-06-30": "$274", "2016-03-31": "$377", "2015-12-31": "$344", "2015-09-30": "$308", "2015-06-30": "$277", "2015-03-31": "$279", "2014-12-31": "$391", "2014-09-30": "$320", "2014-06-30": "$912", "2014-03-31": "$908", "2013-12-31": "$608", "2013-09-30": "$861", "2013-06-30": "$1,011", "2013-03-31": "$898", "2012-12-31": "$701", "2012-09-30": "$956", "2012-06-30": "$957", "2012-03-31": "$868", "2011-12-31": "$792", "2011-09-30": "$921", "2011-06-30": "$1,000", "2011-03-31": "$903", "2010-12-31": "$702", "2010-09-30": "$953", "2010-06-30": "$867", "2010-03-31": "$299", "2009-12-31": "$905", "2009-09-30": "$896", "2009-06-30": "$901", "2009-03-31": "$813", "2008-12-31": "$852", "2008-09-30": "$775", "2008-06-30": "$862", "2008-03-31": "$706", "2007-12-31": "$763", "2007-09-30": "$651", "2007-06-30": "$741", "2007-03-31": "$664", "2006-12-31": "$666", "2006-09-30": "$650", "2006-06-30": "$573", "2006-03-31": "$527", "2005-12-31": "$568", "2005-09-30": "$531", "2005-06-30": "$511", "2005-03-31": "$500"}}, "net-income": {"Baxter Annual Net Income (Millions of US $)": {"2020": "$1,102", "2019": "$1,001", "2018": "$1,546", "2017": "$602", "2016": "$4,965", "2015": "$968", "2014": "$2,497", "2013": "$2,012", "2012": "$2,326", "2011": "$2,224", "2010": "$1,420", "2009": "$2,205", "2008": "$2,014", "2007": "$1,707", "2006": "$1,397", "2005": "$956"}, "Baxter Quarterly Net Income (Millions of US $)": {"2020-12-31": "$168", "2020-09-30": "$356", "2020-06-30": "$246", "2020-03-31": "$332", "2019-12-31": "$-23", "2019-09-30": "$369", "2019-06-30": "$313", "2019-03-31": "$342", "2018-12-31": "$296", "2018-09-30": "$518", "2018-06-30": "$343", "2018-03-31": "$389", "2017-12-31": "$-186", "2017-09-30": "$251", "2017-06-30": "$265", "2017-03-31": "$272", "2016-12-31": "$243", "2016-09-30": "$130", "2016-06-30": "$1,212", "2016-03-31": "$3,380", "2015-12-31": "$205", "2015-09-30": "$1", "2015-06-30": "$332", "2015-03-31": "$430", "2014-12-31": "$953", "2014-09-30": "$468", "2014-06-30": "$520", "2014-03-31": "$556", "2013-12-31": "$326", "2013-09-30": "$544", "2013-06-30": "$590", "2013-03-31": "$552", "2012-12-31": "$494", "2012-09-30": "$583", "2012-06-30": "$661", "2012-03-31": "$588", "2011-12-31": "$463", "2011-09-30": "$576", "2011-06-30": "$615", "2011-03-31": "$570", "2010-12-31": "$423", "2010-09-30": "$525", "2010-06-30": "$535", "2010-03-31": "$-63", "2009-12-31": "$572", "2009-09-30": "$530", "2009-06-30": "$587", "2009-03-31": "$516", "2008-12-31": "$569", "2008-09-30": "$472", "2008-06-30": "$544", "2008-03-31": "$429", "2007-12-31": "$478", "2007-09-30": "$395", "2007-06-30": "$431", "2007-03-31": "$403", "2006-12-31": "$432", "2006-09-30": "$374", "2006-06-30": "$309", "2006-03-31": "$282", "2005-12-31": "$292", "2005-09-30": "$116", "2005-06-30": "$322", "2005-03-31": "$226"}}, "eps-earnings-per-share-diluted": {"Baxter Annual EPS": {"2020": "$2.13", "2019": "$1.93", "2018": "$2.83", "2017": "$1.08", "2016": "$9.01", "2015": "$1.76", "2014": "$4.56", "2013": "$3.66", "2012": "$4.18", "2011": "$3.88", "2010": "$2.39", "2009": "$3.59", "2008": "$3.16", "2007": "$2.61", "2006": "$2.13", "2005": "$1.52"}, "Baxter Quarterly EPS": {"2020-12-31": "$0.33", "2020-09-30": "$0.69", "2020-06-30": "$0.48", "2020-03-31": "$0.64", "2019-12-31": "$-0.04", "2019-09-30": "$0.71", "2019-06-30": "$0.60", "2019-03-31": "$0.66", "2018-12-31": "$0.54", "2018-09-30": "$0.95", "2018-06-30": "$0.63", "2018-03-31": "$0.71", "2017-12-31": "$-0.34", "2017-09-30": "$0.45", "2017-06-30": "$0.48", "2017-03-31": "$0.49", "2016-12-31": "$0.46", "2016-09-30": "$0.24", "2016-06-30": "$2.19", "2016-03-31": "$6.12", "2015-12-31": "$0.37", "2015-09-30": "$0.00", "2015-06-30": "$0.60", "2015-03-31": "$0.78", "2014-12-31": "$1.74", "2014-09-30": "$0.86", "2014-06-30": "$0.95", "2014-03-31": "$1.01", "2013-12-31": "$0.59", "2013-09-30": "$0.99", "2013-06-30": "$1.07", "2013-03-31": "$1.00", "2012-12-31": "$0.89", "2012-09-30": "$1.06", "2012-06-30": "$1.19", "2012-03-31": "$1.04", "2011-12-31": "$0.82", "2011-09-30": "$1.01", "2011-06-30": "$1.07", "2011-03-31": "$0.98", "2010-12-31": "$0.71", "2010-09-30": "$0.89", "2010-06-30": "$0.90", "2010-03-31": "$-0.11", "2009-12-31": "$0.93", "2009-09-30": "$0.87", "2009-06-30": "$0.96", "2009-03-31": "$0.83", "2008-12-31": "$0.90", "2008-09-30": "$0.74", "2008-06-30": "$0.85", "2008-03-31": "$0.67", "2007-12-31": "$0.74", "2007-09-30": "$0.61", "2007-06-30": "$0.65", "2007-03-31": "$0.61", "2006-12-31": "$0.66", "2006-09-30": "$0.57", "2006-06-30": "$0.47", "2006-03-31": "$0.43", "2005-12-31": "$0.47", "2005-09-30": "$0.18", "2005-06-30": "$0.51", "2005-03-31": "$0.36"}}, "shares-outstanding": {"Baxter Annual Shares Outstanding (Millions of Shares)": {"2020": "517", "2019": "519", "2018": "546", "2017": "555", "2016": "551", "2015": "549", "2014": "547", "2013": "549", "2012": "556", "2011": "573", "2010": "594", "2009": "614", "2008": "637", "2007": "654", "2006": "656", "2005": "629"}, "Baxter Quarterly Shares Outstanding (Millions of Shares)": {"2020-12-31": "516", "2020-09-30": "518", "2020-06-30": "517", "2020-03-31": "516", "2019-12-31": "519", "2019-09-30": "520", "2019-06-30": "519", "2019-03-31": "522", "2018-12-31": "546", "2018-09-30": "546", "2018-06-30": "547", "2018-03-31": "551", "2017-12-31": "555", "2017-09-30": "557", "2017-06-30": "555", "2017-03-31": "551", "2016-12-31": "551", "2016-09-30": "551", "2016-06-30": "553", "2016-03-31": "552", "2015-12-31": "550", "2015-09-30": "549", "2015-06-30": "549", "2015-03-31": "548", "2014-12-31": "547", "2014-09-30": "547", "2014-06-30": "548", "2014-03-31": "548", "2013-12-31": "548", "2013-09-30": "549", "2013-06-30": "549", "2013-03-31": "551", "2012-12-31": "556", "2012-09-30": "552", "2012-06-30": "553", "2012-03-31": "563", "2011-12-31": "573", "2011-09-30": "571", "2011-06-30": "575", "2011-03-31": "581", "2010-12-31": "594", "2010-09-30": "587", "2010-06-30": "596", "2010-03-31": "602", "2009-12-31": "614", "2009-09-30": "612", "2009-06-30": "612", "2009-03-31": "621", "2008-12-31": "637", "2008-09-30": "638", "2008-06-30": "638", "2008-03-31": "644", "2007-12-31": "654", "2007-09-30": "651", "2007-06-30": "661", "2007-03-31": "659", "2006-12-31": "656", "2006-09-30": "661", "2006-06-30": "659", "2006-03-31": "648", "2005-12-31": "629", "2005-09-30": "632", "2005-06-30": "626", "2005-03-31": "623"}}, "total-assets": {"Baxter Annual Total Assets (Millions of US $)": {"2019": "$18,193", "2018": "$15,720", "2017": "$17,111", "2016": "$15,546", "2015": "$20,962", "2014": "$26,138", "2013": "$25,224", "2012": "$20,390", "2011": "$19,073", "2010": "$17,489", "2009": "$17,354", "2008": "$15,405", "2007": "$15,294", "2006": "$14,686", "2005": "$12,727"}, "Baxter Quarterly Total Assets (Millions of US $)": {"2020-09-30": "$20,098", "2020-06-30": "$19,465", "2020-03-31": "$19,075", "2019-12-31": "$18,193", "2019-09-30": "$17,299", "2019-06-30": "$17,544", "2019-03-31": "$16,350", "2018-12-31": "$15,720", "2018-09-30": "$16,847", "2018-06-30": "$16,578", "2018-03-31": "$16,890", "2017-12-31": "$17,111", "2017-09-30": "$17,541", "2017-06-30": "$16,963", "2017-03-31": "$15,659", "2016-12-31": "$15,546", "2016-09-30": "$15,795", "2016-06-30": "$15,982", "2016-03-31": "$17,350", "2015-12-31": "$20,962", "2015-09-30": "$20,172", "2015-06-30": "$30,015", "2015-03-31": "$24,861", "2014-12-31": "$26,138", "2014-09-30": "$25,563", "2014-06-30": "$25,629", "2014-03-31": "$25,261", "2013-12-31": "$25,224", "2013-09-30": "$25,250", "2013-06-30": "$23,751", "2013-03-31": "$20,318", "2012-12-31": "$20,390", "2012-09-30": "$19,825", "2012-06-30": "$18,446", "2012-03-31": "$18,784", "2011-12-31": "$19,073", "2011-09-30": "$17,843", "2011-06-30": "$17,741", "2011-03-31": "$17,413", "2010-12-31": "$17,489", "2010-09-30": "$17,563", "2010-06-30": "$16,487", "2010-03-31": "$17,166", "2009-12-31": "$17,354", "2009-09-30": "$16,954", "2009-06-30": "$15,743", "2009-03-31": "$14,953", "2008-12-31": "$15,405", "2008-09-30": "$15,209", "2008-06-30": "$15,470", "2008-03-31": "$14,972", "2007-12-31": "$15,294", "2007-09-30": "$14,147", "2007-06-30": "$14,659", "2007-03-31": "$14,483", "2006-12-31": "$14,686", "2006-09-30": "$13,931", "2006-06-30": "$13,007", "2006-03-31": "$12,780", "2005-12-31": "$12,727", "2005-09-30": "$13,783", "2005-06-30": "$13,626", "2005-03-31": "$13,808"}}, "cash-on-hand": {"Baxter Annual Cash on Hand (Millions of US $)": {"2019": "$3,335", "2018": "$1,838", "2017": "$3,394", "2016": "$2,801", "2015": "$7,361", "2014": "$2,925", "2013": "$2,733", "2012": "$3,270", "2011": "$2,905", "2010": "$2,685", "2009": "$2,786", "2008": "$2,131", "2007": "$2,539", "2006": "$2,485", "2005": "$841"}, "Baxter Quarterly Cash on Hand (Millions of US $)": {"2020-09-30": "$4,359", "2020-06-30": "$4,085", "2020-03-31": "$4,110", "2019-12-31": "$3,335", "2019-09-30": "$3,009", "2019-06-30": "$2,925", "2019-03-31": "$1,908", "2018-12-31": "$1,838", "2018-09-30": "$2,860", "2018-06-30": "$2,857", "2018-03-31": "$2,947", "2017-12-31": "$3,394", "2017-09-30": "$3,517", "2017-06-30": "$3,817", "2017-03-31": "$2,858", "2016-12-31": "$2,801", "2016-09-30": "$2,597", "2016-06-30": "$2,630", "2016-03-31": "$3,443", "2015-12-31": "$7,361", "2015-09-30": "$6,126", "2015-06-30": "$6,680", "2015-03-31": "$2,530", "2014-12-31": "$2,925", "2014-09-30": "$2,078", "2014-06-30": "$1,866", "2014-03-31": "$2,049", "2013-12-31": "$2,733", "2013-09-30": "$2,376", "2013-06-30": "$5,989", "2013-03-31": "$2,689", "2012-12-31": "$3,270", "2012-09-30": "$3,191", "2012-06-30": "$2,353", "2012-03-31": "$2,272", "2011-12-31": "$2,905", "2011-09-30": "$2,338", "2011-06-30": "$2,018", "2011-03-31": "$2,168", "2010-12-31": "$2,685", "2010-09-30": "$2,788", "2010-06-30": "$2,300", "2010-03-31": "$2,673", "2009-12-31": "$2,786", "2009-09-30": "$2,571", "2009-06-30": "$1,802", "2009-03-31": "$1,703", "2008-12-31": "$2,131", "2008-09-30": "$2,191", "2008-06-30": "$2,147", "2008-03-31": "$1,736", "2007-12-31": "$2,539", "2007-09-30": "$1,818", "2007-06-30": "$2,486", "2007-03-31": "$2,384", "2006-12-31": "$2,485", "2006-09-30": "$2,067", "2006-06-30": "$1,061", "2006-03-31": "$881", "2005-12-31": "$841", "2005-09-30": "$1,712", "2005-06-30": "$1,428", "2005-03-31": "$1,106"}}, "long-term-debt": {"Baxter Annual Long Term Debt (Millions of US $)": {"2019": "$4,809", "2018": "$3,481", "2017": "$3,509", "2016": "$2,779", "2015": "$3,922", "2014": "$7,331", "2013": "$8,126", "2012": "$5,580", "2011": "$4,749", "2010": "$4,363", "2009": "$3,440", "2008": "$3,362", "2007": "$2,664", "2006": "$2,567", "2005": "$2,414"}, "Baxter Quarterly Long Term Debt (Millions of US $)": {"2020-09-30": "$5,760", "2020-06-30": "$6,055", "2020-03-31": "$5,996", "2019-12-31": "$4,809", "2019-09-30": "$5,063", "2019-06-30": "$5,157", "2019-03-31": "$3,451", "2018-12-31": "$3,481", "2018-09-30": "$3,485", "2018-06-30": "$3,495", "2018-03-31": "$3,550", "2017-12-31": "$3,509", "2017-09-30": "$3,495", "2017-06-30": "$3,454", "2017-03-31": "$2,784", "2016-12-31": "$2,779", "2016-09-30": "$2,834", "2016-06-30": "$2,094", "2016-03-31": "$2,068", "2015-12-31": "$3,922", "2015-09-30": "$3,791", "2015-06-30": "$12,054", "2015-03-31": "$7,680", "2014-12-31": "$7,331", "2014-09-30": "$7,753", "2014-06-30": "$7,528", "2014-03-31": "$7,517", "2013-12-31": "$8,126", "2013-09-30": "$8,652", "2013-06-30": "$8,624", "2013-03-31": "$5,157", "2012-12-31": "$5,580", "2012-09-30": "$5,614", "2012-06-30": "$4,432", "2012-03-31": "$4,411", "2011-12-31": "$4,749", "2011-09-30": "$4,447", "2011-06-30": "$4,378", "2011-03-31": "$4,351", "2010-12-31": "$4,363", "2010-09-30": "$4,360", "2010-06-30": "$4,119", "2010-03-31": "$4,056", "2009-12-31": "$3,440", "2009-09-30": "$4,136", "2009-06-30": "$3,593", "2009-03-31": "$3,675", "2008-12-31": "$3,362", "2008-09-30": "$3,185", "2008-06-30": "$3,172", "2008-03-31": "$2,731", "2007-12-31": "$2,664", "2007-09-30": "$2,024", "2007-06-30": "$2,051", "2007-03-31": "$2,124", "2006-12-31": "$2,567", "2006-09-30": "$2,680", "2006-06-30": "$2,244", "2006-03-31": "$2,276", "2005-12-31": "$2,414", "2005-09-30": "$3,008", "2005-06-30": "$3,039", "2005-03-31": "$3,022"}}, "total-liabilities": {"Baxter Annual Total Liabilities (Millions of US $)": {"2019": "$10,281", "2018": "$7,854", "2017": "$7,995", "2016": "$7,266", "2015": "$12,097", "2014": "$17,982", "2013": "$16,738", "2012": "$13,412", "2011": "$12,245", "2010": "$10,693", "2009": "$9,934", "2008": "$9,114", "2007": "$8,378", "2006": "$8,414", "2005": "$8,428"}, "Baxter Quarterly Total Liabilities (Millions of US $)": {"2020-09-30": "$11,496", "2020-06-30": "$11,305", "2020-03-31": "$11,345", "2019-12-31": "$10,281", "2019-09-30": "$9,682", "2019-06-30": "$9,708", "2019-03-31": "$8,681", "2018-12-31": "$7,854", "2018-09-30": "$7,734", "2018-06-30": "$7,709", "2018-03-31": "$7,797", "2017-12-31": "$7,995", "2017-09-30": "$8,082", "2017-06-30": "$7,798", "2017-03-31": "$6,984", "2016-12-31": "$7,266", "2016-09-30": "$7,131", "2016-06-30": "$7,472", "2016-03-31": "$8,330", "2015-12-31": "$12,097", "2015-09-30": "$12,327", "2015-06-30": "$21,994", "2015-03-31": "$17,573", "2014-12-31": "$17,982", "2014-09-30": "$17,137", "2014-06-30": "$16,942", "2014-03-31": "$16,568", "2013-12-31": "$16,738", "2013-09-30": "$17,504", "2013-06-30": "$16,436", "2013-03-31": "$13,317", "2012-12-31": "$13,412", "2012-09-30": "$12,635", "2012-06-30": "$11,834", "2012-03-31": "$11,820", "2011-12-31": "$12,245", "2011-09-30": "$10,653", "2011-06-30": "$10,497", "2011-03-31": "$10,442", "2010-12-31": "$10,693", "2010-09-30": "$10,800", "2010-06-30": "$10,353", "2010-03-31": "$10,507", "2009-12-31": "$9,934", "2009-09-30": "$9,643", "2009-06-30": "$8,969", "2009-03-31": "$8,795", "2008-12-31": "$9,114", "2008-09-30": "$8,150", "2008-06-30": "$8,251", "2008-03-31": "$7,975", "2007-12-31": "$8,378", "2007-09-30": "$7,855", "2007-06-30": "$7,970", "2007-03-31": "$7,879", "2006-12-31": "$8,414", "2006-09-30": "$7,593", "2006-06-30": "$7,142", "2006-03-31": "$7,033", "2005-12-31": "$8,428", "2005-09-30": "$9,407", "2005-06-30": "$9,416", "2005-03-31": "$9,798"}}, "total-share-holder-equity": {"Baxter Annual Share Holder Equity (Millions of US $)": {"2019": "$7,912", "2018": "$7,866", "2017": "$9,116", "2016": "$8,280", "2015": "$8,865", "2014": "$8,156", "2013": "$8,486", "2012": "$6,978", "2011": "$6,828", "2010": "$6,796", "2009": "$7,420", "2008": "$6,291", "2007": "$6,916", "2006": "$6,272", "2005": "$4,299"}, "Baxter Quarterly Share Holder Equity (Millions of US $)": {"2020-09-30": "$8,602", "2020-06-30": "$8,160", "2020-03-31": "$7,730", "2019-12-31": "$7,912", "2019-09-30": "$7,617", "2019-06-30": "$7,836", "2019-03-31": "$7,669", "2018-12-31": "$7,866", "2018-09-30": "$9,113", "2018-06-30": "$8,869", "2018-03-31": "$9,093", "2017-12-31": "$9,116", "2017-09-30": "$9,459", "2017-06-30": "$9,165", "2017-03-31": "$8,675", "2016-12-31": "$8,280", "2016-09-30": "$8,664", "2016-06-30": "$8,510", "2016-03-31": "$9,020", "2015-12-31": "$8,865", "2015-09-30": "$7,845", "2015-06-30": "$8,021", "2015-03-31": "$7,288", "2014-12-31": "$8,156", "2014-09-30": "$8,426", "2014-06-30": "$8,687", "2014-03-31": "$8,693", "2013-12-31": "$8,486", "2013-09-30": "$7,746", "2013-06-30": "$7,315", "2013-03-31": "$7,001", "2012-12-31": "$6,978", "2012-09-30": "$7,190", "2012-06-30": "$6,612", "2012-03-31": "$6,964", "2011-12-31": "$6,828", "2011-09-30": "$7,190", "2011-06-30": "$7,244", "2011-03-31": "$6,971", "2010-12-31": "$6,796", "2010-09-30": "$6,763", "2010-06-30": "$6,134", "2010-03-31": "$6,659", "2009-12-31": "$7,420", "2009-09-30": "$7,311", "2009-06-30": "$6,774", "2009-03-31": "$6,158", "2008-12-31": "$6,291", "2008-09-30": "$7,059", "2008-06-30": "$7,219", "2008-03-31": "$6,997", "2007-12-31": "$6,916", "2007-09-30": "$6,292", "2007-06-30": "$6,689", "2007-03-31": "$6,604", "2006-12-31": "$6,272", "2006-09-30": "$6,338", "2006-06-30": "$5,865", "2006-03-31": "$5,747", "2005-12-31": "$4,299", "2005-09-30": "$4,376", "2005-06-30": "$4,210", "2005-03-31": "$4,010"}}, "profit-margins": {"current": "9.44%"}, "gross margin": {"2020-12-31": "39.30%", "2020-09-30": "40.71%", "2020-06-30": "41.45%", "2020-03-31": "42.03%", "2019-12-31": "41.90%", "2019-09-30": "41.62%", "2019-06-30": "41.97%", "2019-03-31": "42.72%", "2018-12-31": "42.88%", "2018-09-30": "42.91%", "2018-06-30": "42.19%", "2018-03-31": "42.13%", "2017-12-31": "42.27%", "2017-09-30": "42.31%", "2017-06-30": "42.35%", "2017-03-31": "40.87%", "2016-12-31": "40.50%", "2016-09-30": "40.31%", "2016-06-30": "40.23%", "2016-03-31": "41.17%", "2015-12-31": "41.59%", "2015-09-30": "42.16%", "2015-06-30": "42.79%", "2015-03-31": "44.70%", "2014-12-31": "46.37%", "2014-09-30": "46.89%", "2014-06-30": "48.41%", "2014-03-31": "49.73%", "2013-12-31": "50.15%", "2013-09-30": "51.23%", "2013-06-30": "51.39%", "2013-03-31": "51.27%", "2012-12-31": "51.19%", "2012-09-30": "51.04%", "2012-06-30": "50.75%", "2012-03-31": "50.62%", "2011-12-31": "50.72%", "2011-09-30": "50.00%", "2011-06-30": "50.12%", "2011-03-31": "49.92%", "2010-12-31": "46.39%", "2010-09-30": "47.66%", "2010-06-30": "47.74%", "2010-03-31": "48.01%", "2009-12-31": "51.94%", "2009-09-30": "52.03%", "2009-06-30": "51.10%", "2009-03-31": "50.74%", "2008-12-31": "49.64%", "2008-09-30": "49.18%", "2008-06-30": "49.62%", "2008-03-31": "49.13%", "2007-12-31": "49.00%", "2007-09-30": "48.55%", "2007-06-30": "47.93%", "2007-03-31": "46.51%", "2006-12-31": "45.64%", "2006-09-30": "44.53%", "2006-06-30": "43.18%", "2006-03-31": "42.29%", "2005-12-31": "41.56%"}, "operating margin": {"2020-12-31": "13.84%", "2020-09-30": "15.14%", "2020-06-30": "15.59%", "2020-03-31": "15.60%", "2019-12-31": "15.60%", "2019-09-30": "14.56%", "2019-06-30": "13.58%", "2019-03-31": "13.88%", "2018-12-31": "14.27%", "2018-09-30": "13.42%", "2018-06-30": "12.74%", "2018-03-31": "12.67%", "2017-12-31": "12.17%", "2017-09-30": "12.49%", "2017-06-30": "11.56%", "2017-03-31": "8.87%", "2016-12-31": "7.33%", "2016-09-30": "6.13%", "2016-06-30": "5.23%", "2016-03-31": "5.48%", "2015-12-31": "4.50%", "2015-09-30": "4.55%", "2015-06-30": "5.66%", "2015-03-31": "9.61%", "2014-12-31": "12.88%", "2014-09-30": "13.93%", "2014-06-30": "15.79%", "2014-03-31": "17.36%", "2013-12-31": "18.11%", "2013-09-30": "18.99%", "2013-06-30": "20.17%", "2013-03-31": "19.95%", "2012-12-31": "19.88%", "2012-09-30": "20.47%", "2012-06-30": "20.24%", "2012-03-31": "20.68%", "2011-12-31": "21.20%", "2011-09-30": "20.61%", "2011-06-30": "21.27%", "2011-03-31": "20.82%", "2010-12-31": "16.63%", "2010-09-30": "18.31%", "2010-06-30": "18.03%", "2010-03-31": "18.52%", "2009-12-31": "22.90%", "2009-09-30": "23.28%", "2009-06-30": "22.27%", "2009-03-31": "21.79%", "2008-12-31": "20.76%", "2008-09-30": "20.22%", "2008-06-30": "20.06%", "2008-03-31": "19.75%", "2007-12-31": "19.87%", "2007-09-30": "19.52%", "2007-06-30": "19.81%", "2007-03-31": "18.57%", "2006-12-31": "17.74%", "2006-09-30": "17.26%", "2006-06-30": "16.35%", "2006-03-31": "15.85%", "2005-12-31": "15.53%"}, "ebitda margin": {"2020-09-30": "22.39%", "2020-06-30": "22.80%", "2020-03-31": "22.77%", "2019-12-31": "22.81%", "2019-09-30": "21.70%", "2019-06-30": "20.82%", "2019-03-31": "20.85%", "2018-12-31": "21.22%", "2018-09-30": "20.40%", "2018-06-30": "19.62%", "2018-03-31": "19.61%", "2017-12-31": "19.26%", "2017-09-30": "19.80%", "2017-06-30": "19.18%", "2017-03-31": "16.71%", "2016-12-31": "15.20%", "2016-09-30": "13.68%", "2016-06-30": "12.97%", "2016-03-31": "13.14%", "2015-12-31": "12.12%", "2015-09-30": "12.36%", "2015-06-30": "12.21%", "2015-03-31": "15.78%", "2014-12-31": "18.75%", "2014-09-30": "18.28%", "2014-06-30": "20.51%", "2014-03-31": "21.79%", "2013-12-31": "22.30%", "2013-09-30": "24.23%", "2013-06-30": "25.30%", "2013-03-31": "25.09%", "2012-12-31": "24.99%", "2012-09-30": "25.47%", "2012-06-30": "25.21%", "2012-03-31": "25.58%", "2011-12-31": "26.03%", "2011-09-30": "25.56%", "2011-06-30": "26.27%", "2011-03-31": "25.95%", "2010-12-31": "21.97%", "2010-09-30": "23.60%", "2010-06-30": "23.30%", "2010-03-31": "23.70%", "2009-12-31": "27.98%", "2009-09-30": "28.32%", "2009-06-30": "27.32%", "2009-03-31": "26.86%", "2008-12-31": "25.87%", "2008-09-30": "25.40%", "2008-06-30": "25.22%", "2008-03-31": "24.95%", "2007-12-31": "25.03%", "2007-09-30": "24.71%", "2007-06-30": "25.14%", "2007-03-31": "23.99%", "2006-12-31": "23.28%", "2006-09-30": "22.94%", "2006-06-30": "22.11%", "2006-03-31": "21.64%", "2005-12-31": "21.42%"}, "pre tax profit margin": {"2020-12-31": "11.07%", "2020-09-30": "7.45%", "2020-06-30": "8.11%", "2020-03-31": "8.35%", "2019-12-31": "8.54%", "2019-09-30": "14.32%", "2019-06-30": "13.45%", "2019-03-31": "14.15%", "2018-12-31": "14.57%", "2018-09-30": "12.55%", "2018-06-30": "11.87%", "2018-03-31": "11.22%", "2017-12-31": "10.39%", "2017-09-30": "11.53%", "2017-06-30": "10.12%", "2017-03-31": "19.03%", "2016-12-31": "48.75%", "2016-09-30": "48.22%", "2016-06-30": "46.96%", "2016-03-31": "36.31%", "2015-12-31": "4.29%", "2015-09-30": "3.27%", "2015-06-30": "5.46%", "2015-03-31": "8.80%", "2014-12-31": "11.60%", "2014-09-30": "13.18%", "2014-06-30": "15.24%", "2014-03-31": "16.62%", "2013-12-31": "17.32%", "2013-09-30": "18.31%", "2013-06-30": "19.34%", "2013-03-31": "20.00%", "2012-12-31": "20.36%", "2012-09-30": "20.40%", "2012-06-30": "20.12%", "2012-03-31": "20.08%", "2011-12-31": "20.22%", "2011-09-30": "19.77%", "2011-06-30": "19.51%", "2011-03-31": "19.01%", "2010-12-31": "14.72%", "2010-09-30": "16.68%", "2010-06-30": "16.92%", "2010-03-31": "17.44%", "2009-12-31": "21.76%", "2009-09-30": "22.14%", "2009-06-30": "21.34%", "2009-03-31": "20.84%", "2008-12-31": "19.94%", "2008-09-30": "19.49%", "2008-06-30": "19.48%", "2008-03-31": "18.63%", "2007-12-31": "18.89%", "2007-09-30": "18.47%", "2007-06-30": "18.76%", "2007-03-31": "18.05%", "2006-12-31": "16.82%", "2006-09-30": "15.98%", "2006-06-30": "14.94%", "2006-03-31": "15.19%", "2005-12-31": "14.66%"}, "net profit margin": {"2020-12-31": "9.44%", "2020-09-30": "7.90%", "2020-06-30": "8.10%", "2020-03-31": "8.60%", "2019-12-31": "8.81%", "2019-09-30": "11.85%", "2019-06-30": "13.29%", "2019-03-31": "13.55%", "2018-12-31": "13.93%", "2018-09-30": "9.61%", "2018-06-30": "7.23%", "2018-03-31": "6.67%", "2017-12-31": "5.69%", "2017-09-30": "9.88%", "2017-06-30": "8.85%", "2017-03-31": "18.09%", "2016-12-31": "48.85%", "2016-09-30": "48.68%", "2016-06-30": "47.74%", "2016-03-31": "39.42%", "2015-12-31": "9.71%", "2015-09-30": "16.90%", "2015-06-30": "21.04%", "2015-03-31": "19.67%", "2014-12-31": "18.50%", "2014-09-30": "12.44%", "2014-06-30": "12.14%", "2014-03-31": "12.97%", "2013-12-31": "13.28%", "2013-09-30": "15.22%", "2013-06-30": "15.75%", "2013-03-31": "16.36%", "2012-12-31": "16.69%", "2012-09-30": "16.36%", "2012-06-30": "16.30%", "2012-03-31": "16.02%", "2011-12-31": "16.01%", "2011-09-30": "15.83%", "2011-06-30": "15.75%", "2011-03-31": "15.55%", "2010-12-31": "11.06%", "2010-09-30": "12.24%", "2010-06-30": "12.36%", "2010-03-31": "12.84%", "2009-12-31": "17.55%", "2009-09-30": "18.02%", "2009-06-30": "17.53%", "2009-03-31": "17.09%", "2008-12-31": "16.31%", "2008-09-30": "15.73%", "2008-06-30": "15.61%", "2008-03-31": "15.12%", "2007-12-31": "15.16%", "2007-09-30": "15.08%", "2007-06-30": "15.15%", "2007-03-31": "14.26%", "2006-12-31": "13.46%", "2006-09-30": "12.44%", "2006-06-30": "10.04%", "2006-03-31": "10.25%", "2005-12-31": "9.71%"}, "pe ratio": {"current": "25.02", "2021-02-05": "42.71", "2020-12-31": "44.33", "2020-09-30": "45.55", "2020-06-30": "48.08", "2020-03-31": "41.06", "2019-12-31": "41.75", "2019-09-30": "32.18", "2019-06-30": "27.12", "2019-03-31": "27.12", "2018-12-31": "21.53", "2018-09-30": "34.03", "2018-06-30": "43.28", "2018-03-31": "41.80", "2017-12-31": "48.51", "2017-09-30": "32.58", "2017-06-30": "35.34", "2017-03-31": "14.83", "2016-12-31": "4.73", "2016-09-30": "5.10", "2016-06-30": "4.96", "2016-03-31": "5.50", "2015-12-31": "20.65", "2015-09-30": "9.94", "2015-06-30": "8.94", "2015-03-31": "7.99", "2014-12-31": "8.06", "2014-09-30": "10.48", "2014-06-30": "10.09", "2014-03-31": "9.87", "2013-12-31": "9.28", "2013-09-30": "8.04", "2013-06-30": "8.28", "2013-03-31": "8.37", "2012-12-31": "7.56", "2012-09-30": "6.90", "2012-06-30": "6.11", "2012-03-31": "7.04", "2011-12-31": "5.88", "2011-09-30": "6.80", "2011-06-30": "7.19", "2011-03-31": "6.75", "2010-12-31": "6.53", "2010-09-30": "5.76", "2010-06-30": "5.06", "2010-03-31": "7.08", "2009-12-31": "7.16", "2009-09-30": "6.98", "2009-06-30": "6.70", "2009-03-31": "6.66", "2008-12-31": "7.28", "2008-09-30": "9.37", "2008-06-30": "9.51", "2008-03-31": "9.22", "2007-12-31": "9.43", "2007-09-30": "9.40", "2007-06-30": "9.53", "2007-03-31": "9.57", "2006-12-31": "9.11"}, "price sales": {"2021-02-05": "3.42", "2020-12-31": "3.55", "2020-09-30": "3.60", "2020-06-30": "3.89", "2020-03-31": "3.62", "2019-12-31": "3.78", "2019-09-30": "4.08", "2019-06-30": "3.89", "2019-03-31": "3.90", "2018-12-31": "3.18", "2018-09-30": "3.73", "2018-06-30": "3.60", "2018-03-31": "3.24", "2017-12-31": "3.28", "2017-09-30": "3.22", "2017-06-30": "3.13", "2017-03-31": "2.68", "2016-12-31": "2.31", "2016-09-30": "2.48", "2016-06-30": "2.36", "2016-03-31": "2.16", "2015-12-31": "1.99", "2015-09-30": "1.67", "2015-06-30": "1.88", "2015-03-31": "1.57", "2014-12-31": "1.49", "2014-09-30": "1.30", "2014-06-30": "1.22", "2014-03-31": "1.27", "2013-12-31": "1.23", "2013-09-30": "1.22", "2013-06-30": "1.30", "2013-03-31": "1.37", "2012-12-31": "1.26", "2012-09-30": "1.13", "2012-06-30": "1.00", "2012-03-31": "1.13", "2011-12-31": "0.94", "2011-09-30": "1.08", "2011-06-30": "1.17", "2011-03-31": "1.09", "2010-12-31": "1.06", "2010-09-30": "1.00", "2010-06-30": "0.86", "2010-03-31": "1.24", "2009-12-31": "1.26", "2009-09-30": "1.26", "2009-06-30": "1.18", "2009-03-31": "1.14", "2008-12-31": "1.19", "2008-09-30": "1.48", "2008-06-30": "1.49", "2008-03-31": "1.40", "2007-12-31": "1.43", "2007-09-30": "1.42", "2007-06-30": "1.44", "2007-03-31": "1.37", "2006-12-31": "1.23"}, "price book": {"current": "4.59", "2021-02-05": "4.59", "2020-09-30": "4.76", "2020-06-30": "5.35", "2020-03-31": "5.29", "2019-12-31": "5.29", "2019-09-30": "5.75", "2019-06-30": "5.24", "2019-03-31": "5.30", "2018-12-31": "4.20", "2018-09-30": "4.40", "2018-06-30": "4.33", "2018-03-31": "3.72", "2017-12-31": "3.72", "2017-09-30": "3.49", "2017-06-30": "3.47", "2017-03-31": "3.12", "2016-12-31": "2.77", "2016-09-30": "2.86", "2016-06-30": "2.75", "2016-03-31": "2.38", "2015-12-31": "2.23", "2015-09-30": "2.16", "2015-06-30": "2.42", "2015-03-31": "2.58", "2014-12-31": "2.44", "2014-09-30": "2.30", "2014-06-30": "2.23", "2014-03-31": "2.25", "2013-12-31": "2.17", "2013-09-30": "2.23", "2013-06-30": "2.47", "2013-03-31": "2.68", "2012-12-31": "2.47", "2012-09-30": "2.16", "2012-06-30": "2.06", "2012-03-31": "2.21", "2011-12-31": "1.87", "2011-09-30": "2.01", "2011-06-30": "2.13", "2011-03-31": "2.00", "2010-12-31": "1.95", "2010-09-30": "1.84", "2010-06-30": "1.72", "2010-03-31": "2.31", "2009-12-31": "2.09", "2009-09-30": "2.06", "2009-06-30": "2.05", "2009-03-31": "2.19", "2008-12-31": "2.26", "2008-09-30": "2.48", "2008-06-30": "2.36", "2008-03-31": "2.21", "2007-12-31": "2.25", "2007-09-30": "2.39", "2007-06-30": "2.30", "2007-03-31": "2.18", "2006-12-31": "1.86", "2006-09-30": "1.94", "2006-06-30": "1.69", "2006-03-31": "1.83"}, "price fcf": {"2021-02-05": "", "2020-09-30": "$2.55", "2020-06-30": "$2.90", "2020-03-31": "$3.03", "2019-12-31": "$2.71", "2019-09-30": "$2.40", "2019-06-30": "$1.95", "2019-03-31": "$1.83", "2018-12-31": "$2.49", "2018-09-30": "$1.91", "2018-06-30": "$2.18", "2018-03-31": "$2.39", "2017-12-31": "$1.98", "2017-09-30": "$2.57", "2017-06-30": "$2.38", "2017-03-31": "$2.75", "2016-12-31": "$1.70", "2016-09-30": "$1.62", "2016-06-30": "$1.00", "2016-03-31": "$0.84", "2015-12-31": "$1.56", "2015-09-30": "$2.25", "2015-06-30": "$4.28", "2015-03-31": "$3.72", "2014-12-31": "$4.19", "2014-09-30": "$5.23", "2014-06-30": "$4.19", "2014-03-31": "$4.63", "2013-12-31": "$4.55", "2013-09-30": "$2.93", "2013-06-30": "$2.78", "2013-03-31": "$3.30", "2012-12-31": "$3.50", "2012-09-30": "$3.53", "2012-06-30": "$3.85", "2012-03-31": "$3.31", "2011-12-31": "$3.24", "2011-09-30": "$3.35", "2011-06-30": "$3.47", "2011-03-31": "$3.65", "2010-12-31": "$3.43", "2010-09-30": "$3.31", "2010-06-30": "$3.00", "2010-03-31": "$3.06", "2009-12-31": "$3.09", "2009-09-30": "$2.55", "2009-06-30": "$2.41", "2009-03-31": "$2.24", "2008-12-31": "$2.45", "2008-09-30": "$2.74", "2008-06-30": "$2.55", "2008-03-31": "$2.60", "2007-12-31": "$2.47", "2007-09-30": "$2.62", "2007-06-30": "$2.58", "2007-03-31": "$2.36", "2006-12-31": "$2.53"}, "net worth": {"value": "$39.49B"}, "current ratio": {"2020-12-31": "0.00", "2020-09-30": "2.64", "2020-06-30": "2.97", "2020-03-31": "2.75", "2019-12-31": "2.32", "2019-09-30": "2.76", "2019-06-30": "2.78", "2019-03-31": "1.83", "2018-12-31": "2.12", "2018-09-30": "2.60", "2018-06-30": "2.62", "2018-03-31": "2.63", "2017-12-31": "2.58", "2017-09-30": "2.80", "2017-06-30": "3.01", "2017-03-31": "2.72", "2016-12-31": "2.40", "2016-09-30": "2.53", "2016-06-30": "1.83", "2016-03-31": "2.10", "2015-12-31": "2.05", "2015-09-30": "1.86", "2015-06-30": "2.30", "2015-03-31": "1.60", "2014-12-31": "1.68", "2014-09-30": "1.61", "2014-06-30": "1.64", "2014-03-31": "1.66", "2013-12-31": "1.94", "2013-09-30": "1.92", "2013-06-30": "2.70", "2013-03-31": "1.85", "2012-12-31": "1.95", "2012-09-30": "2.04", "2012-06-30": "1.65", "2012-03-31": "1.67", "2011-12-31": "1.78", "2011-09-30": "1.92", "2011-06-30": "1.94", "2011-03-31": "2.00", "2010-12-31": "1.98", "2010-09-30": "1.94", "2010-06-30": "1.81", "2010-03-31": "1.87", "2009-12-31": "1.85", "2009-09-30": "2.33", "2009-06-30": "2.08", "2009-03-31": "2.14", "2008-12-31": "1.97", "2008-09-30": "2.24", "2008-06-30": "2.23", "2008-03-31": "2.17", "2007-12-31": "1.98", "2007-09-30": "1.80", "2007-06-30": "1.90", "2007-03-31": "1.92", "2006-12-31": "1.93", "2006-09-30": "2.16", "2006-06-30": "1.83", "2006-03-31": "1.79", "2005-12-31": "1.23", "2005-09-30": "1.42", "2005-06-30": "1.34", "2005-03-31": "1.23"}, "quick ratio": {"2020-12-31": "0.00", "2020-09-30": "2.06", "2020-06-30": "2.31", "2020-03-31": "2.19", "2019-12-31": "1.81", "2019-09-30": "2.11", "2019-06-30": "2.10", "2019-03-31": "1.30", "2018-12-31": "1.53", "2018-09-30": "1.96", "2018-06-30": "2.00", "2018-03-31": "2.03", "2017-12-31": "2.05", "2017-09-30": "2.22", "2017-06-30": "2.42", "2017-03-31": "2.11", "2016-12-31": "1.88", "2016-09-30": "1.93", "2016-06-30": "1.41", "2016-03-31": "1.66", "2015-12-31": "1.77", "2015-09-30": "1.58", "2015-06-30": "1.69", "2015-03-31": "1.03", "2014-12-31": "1.42", "2014-09-30": "0.99", "2014-06-30": "0.98", "2014-03-31": "1.00", "2013-12-31": "1.28", "2013-09-30": "1.20", "2013-06-30": "2.02", "2013-03-31": "1.23", "2012-12-31": "1.36", "2012-09-30": "1.41", "2012-06-30": "1.09", "2012-03-31": "1.11", "2011-12-31": "1.24", "2011-09-30": "1.29", "2011-06-30": "1.28", "2011-03-31": "1.35", "2010-12-31": "1.39", "2010-09-30": "1.34", "2010-06-30": "1.22", "2010-03-31": "1.29", "2009-12-31": "1.28", "2009-09-30": "1.57", "2009-06-30": "1.35", "2009-03-31": "1.37", "2008-12-31": "1.32", "2008-09-30": "1.48", "2008-06-30": "1.47", "2008-03-31": "1.38", "2007-12-31": "1.37", "2007-09-30": "1.17", "2007-06-30": "1.32", "2007-03-31": "1.34", "2006-12-31": "1.36", "2006-09-30": "1.46", "2006-06-30": "1.15", "2006-03-31": "1.10", "2005-12-31": "0.77", "2005-09-30": "0.97", "2005-06-30": "0.89", "2005-03-31": "0.78"}, "debt equity ratio": {"current": "0.67", "2020-12-31": "0.00", "2020-09-30": "1.34", "2020-06-30": "1.39", "2020-03-31": "1.47", "2019-12-31": "1.30", "2019-09-30": "1.27", "2019-06-30": "1.24", "2019-03-31": "1.13", "2018-12-31": "1.00", "2018-09-30": "0.85", "2018-06-30": "0.87", "2018-03-31": "0.86", "2017-12-31": "0.88", "2017-09-30": "0.85", "2017-06-30": "0.85", "2017-03-31": "0.81", "2016-12-31": "0.88", "2016-09-30": "0.82", "2016-06-30": "0.88", "2016-03-31": "0.92", "2015-12-31": "1.37", "2015-09-30": "1.57", "2015-06-30": "2.74", "2015-03-31": "2.41", "2014-12-31": "2.21", "2014-09-30": "2.03", "2014-06-30": "1.95", "2014-03-31": "1.91", "2013-12-31": "1.97", "2013-09-30": "2.26", "2013-06-30": "2.25", "2013-03-31": "1.90", "2012-12-31": "1.92", "2012-09-30": "1.76", "2012-06-30": "1.79", "2012-03-31": "1.70", "2011-12-31": "1.79", "2011-09-30": "1.48", "2011-06-30": "1.45", "2011-03-31": "1.50", "2010-12-31": "1.57", "2010-09-30": "1.60", "2010-06-30": "1.69", "2010-03-31": "1.58", "2009-12-31": "1.34", "2009-09-30": "1.32", "2009-06-30": "1.32", "2009-03-31": "1.43", "2008-12-31": "1.45", "2008-09-30": "1.16", "2008-06-30": "1.14", "2008-03-31": "1.14", "2007-12-31": "1.21", "2007-09-30": "1.25", "2007-06-30": "1.19", "2007-03-31": "1.19", "2006-12-31": "1.34", "2006-09-30": "1.20", "2006-06-30": "1.22", "2006-03-31": "1.22", "2005-12-31": "1.96", "2005-09-30": "2.15", "2005-06-30": "2.24", "2005-03-31": "2.44"}, "return on equity": {"2020-12-31": "18.00%", "2020-09-30": "11.25%", "2020-06-30": "11.76%", "2020-03-31": "12.75%", "2019-12-31": "12.90%", "2019-09-30": "17.04%", "2019-06-30": "18.09%", "2019-03-31": "17.89%", "2018-12-31": "17.70%", "2018-09-30": "11.76%", "2018-06-30": "8.73%", "2018-03-31": "7.81%", "2017-12-31": "6.61%", "2017-09-30": "11.59%", "2017-06-30": "10.46%", "2017-03-31": "21.76%", "2016-12-31": "57.61%", "2016-09-30": "56.21%", "2016-06-30": "56.05%", "2016-03-31": "46.43%", "2015-12-31": "12.09%", "2015-09-30": "21.92%", "2015-06-30": "27.38%", "2015-03-31": "29.13%", "2014-12-31": "29.41%", "2014-09-30": "21.81%", "2014-06-30": "23.16%", "2014-03-31": "25.01%", "2013-12-31": "26.35%", "2013-09-30": "30.03%", "2013-06-30": "31.16%", "2013-03-31": "32.97%", "2012-12-31": "33.54%", "2012-09-30": "33.27%", "2012-06-30": "33.17%", "2012-03-31": "31.77%", "2011-12-31": "31.51%", "2011-09-30": "30.98%", "2011-06-30": "30.72%", "2011-03-31": "30.80%", "2010-12-31": "21.55%", "2010-09-30": "23.27%", "2010-06-30": "22.87%", "2010-03-31": "23.09%", "2009-12-31": "31.88%", "2009-09-30": "33.20%", "2009-06-30": "32.63%", "2009-03-31": "31.44%", "2008-12-31": "29.22%", "2008-09-30": "27.29%", "2008-06-30": "26.93%", "2008-03-31": "25.78%", "2007-12-31": "25.77%", "2007-09-30": "25.70%", "2007-06-30": "25.33%", "2007-03-31": "24.21%", "2006-12-31": "23.07%", "2006-09-30": "22.60%", "2006-06-30": "19.70%", "2006-03-31": "21.73%", "2005-12-31": "22.63%"}, "return on assets": {"2020-12-31": "7.52%", "2020-09-30": "4.74%", "2020-06-30": "4.99%", "2020-03-31": "5.50%", "2019-12-31": "5.77%", "2019-09-30": "7.89%", "2019-06-30": "8.84%", "2019-03-31": "9.15%", "2018-12-31": "9.36%", "2018-09-30": "6.31%", "2018-06-30": "4.68%", "2018-03-31": "4.20%", "2017-12-31": "3.58%", "2017-09-30": "6.28%", "2017-06-30": "5.69%", "2017-03-31": "11.79%", "2016-12-31": "30.71%", "2016-09-30": "28.12%", "2016-06-30": "25.77%", "2016-03-31": "17.71%", "2015-12-31": "4.03%", "2015-09-30": "6.78%", "2015-06-30": "8.19%", "2015-03-31": "9.28%", "2014-12-31": "9.74%", "2014-09-30": "7.36%", "2014-06-30": "7.68%", "2014-03-31": "8.11%", "2013-12-31": "8.51%", "2013-09-30": "9.72%", "2013-06-30": "10.53%", "2013-03-31": "11.60%", "2012-12-31": "12.01%", "2012-09-30": "12.06%", "2012-06-30": "12.34%", "2012-03-31": "12.21%", "2011-12-31": "12.34%", "2011-09-30": "12.39%", "2011-06-30": "12.15%", "2011-03-31": "11.91%", "2010-12-31": "8.27%", "2010-09-30": "9.15%", "2010-06-30": "9.26%", "2010-03-31": "9.68%", "2009-12-31": "13.57%", "2009-09-30": "13.97%", "2009-06-30": "13.99%", "2009-03-31": "13.77%", "2008-12-31": "13.19%", "2008-09-30": "12.62%", "2008-06-30": "12.33%", "2008-03-31": "11.73%", "2007-12-31": "11.66%", "2007-09-30": "11.46%", "2007-06-30": "11.36%", "2007-03-31": "10.82%", "2006-12-31": "10.27%", "2006-09-30": "9.59%", "2006-06-30": "7.64%", "2006-03-31": "7.65%", "2005-12-31": "7.09%"}, "return on investments": {"2020-12-31": "15.28%", "2020-09-30": "12.69%", "2020-06-30": "13.34%", "2020-03-31": "13.80%", "2019-12-31": "14.32%", "2019-09-30": "13.48%", "2019-06-30": "12.49%", "2019-03-31": "12.95%", "2018-12-31": "12.94%", "2018-09-30": "11.83%", "2018-06-30": "11.10%", "2018-03-31": "10.76%", "2017-12-31": "10.38%", "2017-09-30": "10.84%", "2017-06-30": "10.20%", "2017-03-31": "8.16%", "2016-12-31": "6.73%", "2016-09-30": "5.39%", "2016-06-30": "4.56%", "2016-03-31": "3.92%", "2015-12-31": "3.02%", "2015-09-30": "2.97%", "2015-06-30": "3.52%", "2015-03-31": "7.38%", "2014-12-31": "10.85%", "2014-09-30": "12.84%", "2014-06-30": "15.47%", "2014-03-31": "16.57%", "2013-12-31": "17.96%", "2013-09-30": "19.07%", "2013-06-30": "21.27%", "2013-03-31": "23.00%", "2012-12-31": "23.19%", "2012-09-30": "24.55%", "2012-06-30": "24.89%", "2012-03-31": "25.05%", "2011-12-31": "25.53%", "2011-09-30": "24.87%", "2011-06-30": "25.48%", "2011-03-31": "25.06%", "2010-12-31": "19.75%", "2010-09-30": "21.85%", "2010-06-30": "21.22%", "2010-03-31": "21.62%", "2009-12-31": "27.07%", "2009-09-30": "27.56%", "2009-06-30": "27.17%", "2009-03-31": "26.71%", "2008-12-31": "25.63%", "2008-09-30": "24.76%", "2008-06-30": "24.96%", "2008-03-31": "24.90%", "2007-12-31": "25.31%", "2007-09-30": "24.84%", "2007-06-30": "24.28%", "2007-03-31": "22.79%", "2006-12-31": "21.67%", "2006-09-30": "21.89%", "2006-06-30": "21.52%", "2006-03-31": "21.31%", "2005-12-31": "21.57%"}, "return on tangible equity": {"2020-09-30": "26.71%", "2020-06-30": "27.96%", "2020-03-31": "29.67%", "2019-12-31": "29.34%", "2019-09-30": "38.57%", "2019-06-30": "39.13%", "2019-03-31": "37.61%", "2018-12-31": "36.12%", "2018-09-30": "23.24%", "2018-06-30": "17.19%", "2018-03-31": "14.82%", "2017-12-31": "12.12%", "2017-09-30": "20.82%", "2017-06-30": "18.53%", "2017-03-31": "39.24%", "2016-12-31": "105.02%", "2016-09-30": "102.83%", "2016-06-30": "106.16%", "2016-03-31": "100.30%", "2015-12-31": "31.69%", "2015-09-30": "62.42%", "2015-06-30": "91.87%", "2015-03-31": "99.92%", "2014-12-31": "98.27%", "2014-09-30": "87.57%", "2014-06-30": "102.41%", "2014-03-31": "87.34%", "2013-12-31": "77.39%", "2013-09-30": "72.22%", "2013-06-30": "60.73%", "2013-03-31": "64.92%", "2012-12-31": "65.04%", "2012-09-30": "64.07%", "2012-06-30": "61.58%", "2012-03-31": "56.12%", "2011-12-31": "52.85%", "2011-09-30": "50.13%", "2011-06-30": "49.36%", "2011-03-31": "49.57%", "2010-12-31": "34.94%", "2010-09-30": "36.79%", "2010-06-30": "35.42%", "2010-03-31": "34.92%", "2009-12-31": "47.32%", "2009-09-30": "49.47%", "2009-06-30": "48.16%", "2009-03-31": "45.89%", "2008-12-31": "42.47%", "2008-09-30": "39.46%", "2008-06-30": "39.40%", "2008-03-31": "37.81%", "2007-12-31": "37.74%", "2007-09-30": "37.98%", "2007-06-30": "37.33%", "2007-03-31": "36.23%", "2006-12-31": "35.07%", "2006-09-30": "35.88%", "2006-06-30": "33.12%", "2006-03-31": "38.87%", "2005-12-31": "44.59%"}, "dividend yield history": {"last payout": "$0.98", "last yield": "1.27%"}}