{"ticker": "BDX", "price": {"title": "Becton Dickinson Historical Annual Stock Price Data", "value": 254.68, "historical": {"2021": {"Average Stock Price": "257.8729", "Year Open": "250.7000", "Year High": "263.3000", "Year Low": "250.7000", "Year Close": "254.6800", "Annual % Change": "1.78%"}, "2020": {"Average Stock Price": "247.7118", "Year Open": "272.5400", "Year High": "285.9900", "Year Low": "200.5800", "Year Close": "250.2200", "Annual % Change": "-8.00%"}, "2019": {"Average Stock Price": "247.3476", "Year Open": "220.0800", "Year High": "273.4900", "Year Low": "211.2000", "Year Close": "271.9700", "Annual % Change": "20.70%"}, "2018": {"Average Stock Price": "235.8119", "Year Open": "217.8400", "Year High": "264.3800", "Year Low": "209.8500", "Year Close": "225.3200", "Annual % Change": "5.26%"}, "2017": {"Average Stock Price": "194.8812", "Year Open": "165.1500", "Year High": "228.2100", "Year Low": "164.8000", "Year Close": "214.0600", "Annual % Change": "29.30%"}, "2016": {"Average Stock Price": "163.8729", "Year Open": "147.9500", "Year High": "181.5500", "Year Low": "132.8800", "Year Close": "165.5500", "Annual % Change": "7.44%"}, "2015": {"Average Stock Price": "143.9445", "Year Open": "139.8600", "Year High": "156.5300", "Year Low": "130.4000", "Year Close": "154.0900", "Annual % Change": "10.73%"}, "2014": {"Average Stock Price": "119.3090", "Year Open": "109.1400", "Year High": "141.2600", "Year Low": "105.4000", "Year Close": "139.1600", "Annual % Change": "25.95%"}, "2013": {"Average Stock Price": "98.0282", "Year Open": "79.4500", "Year High": "110.6000", "Year Low": "79.4500", "Year Close": "110.4900", "Annual % Change": "41.31%"}, "2012": {"Average Stock Price": "76.3648", "Year Open": "74.4500", "Year High": "80.5300", "Year Low": "72.1800", "Year Close": "78.1900", "Annual % Change": "4.64%"}, "2011": {"Average Stock Price": "80.2148", "Year Open": "84.7300", "Year High": "89.7400", "Year Low": "70.6500", "Year Close": "74.7200", "Annual % Change": "-11.59%"}, "2010": {"Average Stock Price": "75.1529", "Year Open": "78.6000", "Year High": "85.3200", "Year Low": "66.8900", "Year Close": "84.5200", "Annual % Change": "7.18%"}, "2009": {"Average Stock Price": "69.1860", "Year Open": "69.8600", "Year High": "79.7200", "Year Low": "60.4800", "Year Close": "78.8600", "Annual % Change": "15.31%"}, "2008": {"Average Stock Price": "81.2159", "Year Open": "86.7800", "Year High": "92.3400", "Year Low": "60.2600", "Year Close": "68.3900", "Annual % Change": "-18.17%"}, "2007": {"Average Stock Price": "78.0784", "Year Open": "70.4300", "Year High": "85.3000", "Year Low": "69.8500", "Year Close": "83.5800", "Annual % Change": "19.14%"}, "2006": {"Average Stock Price": "65.5807", "Year Open": "60.4500", "Year High": "73.7900", "Year Low": "58.3100", "Year Close": "70.1500", "Annual % Change": "16.76%"}, "2005": {"Average Stock Price": "56.0083", "Year Open": "56.0100", "Year High": "60.7200", "Year Low": "50.0700", "Year Close": "60.0800", "Annual % Change": "5.77%"}, "2004": {"Average Stock Price": "49.9393", "Year Open": "41.0300", "Year High": "57.8300", "Year Low": "41.0300", "Year Close": "56.8000", "Annual % Change": "38.07%"}, "2003": {"Average Stock Price": "36.3223", "Year Open": "31.5400", "Year High": "41.4500", "Year Low": "29.4500", "Year Close": "41.1400", "Annual % Change": "34.05%"}, "2002": {"Average Stock Price": "32.9676", "Year Open": "33.2900", "Year High": "38.4700", "Year Low": "25.0100", "Year Close": "30.6900", "Annual % Change": "-7.42%"}, "2001": {"Average Stock Price": "34.6496", "Year Open": "34.1900", "Year High": "39.0000", "Year Low": "30.1400", "Year Close": "33.1500", "Annual % Change": "-4.27%"}, "2000": {"Average Stock Price": "28.5228", "Year Open": "26.1900", "Year High": "35.1300", "Year Low": "22.3800", "Year Close": "34.6300", "Annual % Change": "28.54%"}, "1999": {"Average Stock Price": "32.0667", "Year Open": "43.0000", "Year High": "43.0000", "Year Low": "24.2500", "Year Close": "26.9400", "Annual % Change": "-36.89%"}, "1998": {"Average Stock Price": "37.5524", "Year Open": "25.0000", "Year High": "46.8800", "Year Low": "24.7500", "Year Close": "42.6900", "Annual % Change": "70.76%"}, "1997": {"Average Stock Price": "24.5123", "Year Open": "21.6900", "Year High": "27.6250", "Year Low": "21.6900", "Year Close": "25.0000", "Annual % Change": "15.26%"}, "1996": {"Average Stock Price": "20.6494", "Year Open": "18.9375", "Year High": "22.3125", "Year Low": "17.8750", "Year Close": "21.6900", "Annual % Change": "15.68%"}, "1995": {"Average Stock Price": "14.7626", "Year Open": "12.0625", "Year High": "18.9375", "Year Low": "12.0625", "Year Close": "18.7500", "Annual % Change": "56.25%"}, "1994": {"Average Stock Price": "10.4039", "Year Open": "8.9700", "Year High": "12.4075", "Year Low": "8.5625", "Year Close": "12.0000", "Annual % Change": "34.27%"}, "1993": {"Average Stock Price": "9.1946", "Year Open": "9.7188", "Year High": "10.0625", "Year Low": "8.1875", "Year Close": "8.9375", "Annual % Change": "-9.06%"}, "1992": {"Average Stock Price": "9.2063", "Year Open": "8.2975", "Year High": "10.4850", "Year Low": "8.2188", "Year Close": "9.8275", "Annual % Change": "14.77%"}, "1991": {"Average Stock Price": "8.8377", "Year Open": "9.3438", "Year High": "10.0775", "Year Low": "7.2975", "Year Close": "8.5625", "Annual % Change": "-8.05%"}, "1990": {"Average Stock Price": "8.2282", "Year Open": "7.8275", "Year High": "9.5000", "Year Low": "7.0150", "Year Close": "9.3125", "Annual % Change": "20.39%"}, "1989": {"Average Stock Price": "6.9256", "Year Open": "6.4063", "Year High": "7.7650", "Year Low": "6.0938", "Year Close": "7.7350", "Annual % Change": "19.00%"}, "1988": {"Average Stock Price": "6.7716", "Year Open": "6.4375", "Year High": "7.7025", "Year Low": "5.8750", "Year Close": "6.5000", "Annual % Change": "1.96%"}, "1987": {"Average Stock Price": "7.2757", "Year Open": "6.3275", "Year High": "8.5625", "Year Low": "5.5150", "Year Close": "6.3750", "Annual % Change": "2.00%"}, "1986": {"Average Stock Price": "5.9537", "Year Open": "3.8988", "Year High": "7.6100", "Year Low": "3.8988", "Year Close": "6.2500", "Annual % Change": "61.29%"}, "1985": {"Average Stock Price": "3.2833", "Year Open": "2.4844", "Year High": "4.0700", "Year Low": "2.4844", "Year Close": "3.8750", "Annual % Change": "56.48%"}, "1984": {"Average Stock Price": "2.2541", "Year Open": "2.3594", "Year High": "2.5469", "Year Low": "1.9300", "Year Close": "2.4763", "Annual % Change": "7.81%"}}}, "market cap": {"value": "$74.07B"}, "income statement": {"Revenue": {"2020-09-30": "17117.00000", "2019-09-30": "17290.00000", "2018-09-30": "15983.00000", "2017-09-30": "12093.00000", "2016-09-30": "12483.00000", "2015-09-30": "10282.00000", "2014-09-30": "8446.00000", "2013-09-30": "8054.00000", "2012-09-30": "7708.00000", "2011-09-30": "7584.00000", "2010-09-30": "7124.38500", "2009-09-30": "6986.72200", "2008-09-30": "6897.61900", "2007-09-30": "6282.83500", "2006-09-30": "5738.01700", "2005-09-30": "5340.83300"}, "Cost Of Goods Sold": {"2020-09-30": "9540.00000", "2019-09-30": "9002.00000", "2018-09-30": "8714.00000", "2017-09-30": "6128.00000", "2016-09-30": "6492.00000", "2015-09-30": "5587.00000", "2014-09-30": "4145.00000", "2013-09-30": "3883.00000", "2012-09-30": "3755.00000", "2011-09-30": "3625.00000", "2010-09-30": "3428.30800", "2009-09-30": "3311.67600", "2008-09-30": "3357.15900", "2007-09-30": "3032.89200", "2006-09-30": "2793.26500", "2005-09-30": "2622.42700"}, "Gross Profit": {"2020-09-30": "7577.00000", "2019-09-30": "8288.00000", "2018-09-30": "7269.00000", "2017-09-30": "5965.00000", "2016-09-30": "5991.00000", "2015-09-30": "4695.00000", "2014-09-30": "4301.00000", "2013-09-30": "4171.00000", "2012-09-30": "3953.00000", "2011-09-30": "3959.00000", "2010-09-30": "3696.07700", "2009-09-30": "3675.04600", "2008-09-30": "3540.46000", "2007-09-30": "3249.94300", "2006-09-30": "2944.75200", "2005-09-30": "2718.40600"}, "Research And Development Expenses": {"2020-09-30": "1096.00000", "2019-09-30": "1062.00000", "2018-09-30": "1004.00000", "2017-09-30": "770.00000", "2016-09-30": "828.00000", "2015-09-30": "632.00000", "2014-09-30": "550.00000", "2013-09-30": "494.00000", "2012-09-30": "472.00000", "2011-09-30": "470.00000", "2010-09-30": "422.76700", "2009-09-30": "404.56700", "2008-09-30": "382.55400", "2007-09-30": "359.37100", "2006-09-30": "301.87200", "2005-09-30": "267.66400"}, "SG&A Expenses": {"2020-09-30": "4325.00000", "2019-09-30": "4332.00000", "2018-09-30": "4016.00000", "2017-09-30": "2909.00000", "2016-09-30": "3005.00000", "2015-09-30": "2563.00000", "2014-09-30": "2145.00000", "2013-09-30": "2422.00000", "2012-09-30": "1923.00000", "2011-09-30": "1824.00000", "2010-09-30": "1690.93200", "2009-09-30": "1680.79700", "2008-09-30": "1669.76200", "2007-09-30": "1583.77500", "2006-09-30": "1448.16600", "2005-09-30": "1386.89700"}, "Other Operating Income Or Expenses": {"2020-09-30": "-363.00000", "2019-09-30": "-654.00000", "2018-09-30": "", "2017-09-30": "-410.00000", "2016-09-30": "", "2015-09-30": "", "2014-09-30": "", "2013-09-30": "", "2012-09-30": "", "2011-09-30": "", "2010-09-30": "", "2009-09-30": "", "2008-09-30": "", "2007-09-30": "", "2006-09-30": "", "2005-09-30": ""}, "Operating Expenses": {"2020-09-30": "15633.00000", "2019-09-30": "15530.00000", "2018-09-30": "14474.00000", "2017-09-30": "10571.00000", "2016-09-30": "11053.00000", "2015-09-30": "9208.00000", "2014-09-30": "6840.00000", "2013-09-30": "6799.00000", "2012-09-30": "6150.00000", "2011-09-30": "5919.00000", "2010-09-30": "5542.00700", "2009-09-30": "5397.04000", "2008-09-30": "5409.47500", "2007-09-30": "5098.17100", "2006-09-30": "4596.60300", "2005-09-30": "4276.98800"}, "Operating Income": {"2020-09-30": "1484.00000", "2019-09-30": "1760.00000", "2018-09-30": "1509.00000", "2017-09-30": "1522.00000", "2016-09-30": "1430.00000", "2015-09-30": "1074.00000", "2014-09-30": "1606.00000", "2013-09-30": "1255.00000", "2012-09-30": "1558.00000", "2011-09-30": "1665.00000", "2010-09-30": "1582.37700", "2009-09-30": "1589.68200", "2008-09-30": "1488.14500", "2007-09-30": "1184.66400", "2006-09-30": "1141.41400", "2005-09-30": "1063.84500"}, "Total Non-Operating Income/Expense": {"2020-09-30": "-498.00000", "2019-09-30": "-584.00000", "2018-09-30": "-336.00000", "2017-09-30": "-546.00000", "2016-09-30": "-356.00000", "2015-09-30": "-335.00000", "2014-09-30": "-84.00000", "2013-09-30": "-89.00000", "2012-09-30": "-86.00000", "2011-09-30": "-48.00000", "2010-09-30": "-15.63700", "2009-09-30": "-11.09100", "2008-09-30": "1.54100", "2007-09-30": "0.74500", "2006-09-30": "-15.51200", "2005-09-30": "-26.31600"}, "Pre-Tax Income": {"2020-09-30": "985.00000", "2019-09-30": "1176.00000", "2018-09-30": "1173.00000", "2017-09-30": "976.00000", "2016-09-30": "1074.00000", "2015-09-30": "739.00000", "2014-09-30": "1522.00000", "2013-09-30": "1165.00000", "2012-09-30": "1472.00000", "2011-09-30": "1618.00000", "2010-09-30": "1566.74100", "2009-09-30": "1578.59100", "2008-09-30": "1489.68500", "2007-09-30": "1185.40900", "2006-09-30": "1125.90200", "2005-09-30": "1037.52900"}, "Income Taxes": {"2020-09-30": "111.00000", "2019-09-30": "-57.00000", "2018-09-30": "862.00000", "2017-09-30": "-124.00000", "2016-09-30": "97.00000", "2015-09-30": "44.00000", "2014-09-30": "337.00000", "2013-09-30": "236.00000", "2012-09-30": "363.00000", "2011-09-30": "417.00000", "2010-09-30": "451.89700", "2009-09-30": "411.24600", "2008-09-30": "411.93100", "2007-09-30": "343.89000", "2006-09-30": "310.79200", "2005-09-30": "325.00900"}, "Income After Taxes": {"2020-09-30": "874.00000", "2019-09-30": "1233.00000", "2018-09-30": "311.00000", "2017-09-30": "1100.00000", "2016-09-30": "977.00000", "2015-09-30": "695.00000", "2014-09-30": "1185.00000", "2013-09-30": "929.00000", "2012-09-30": "1109.00000", "2011-09-30": "1201.00000", "2010-09-30": "1114.84400", "2009-09-30": "1167.34500", "2008-09-30": "1077.75400", "2007-09-30": "841.51900", "2006-09-30": "815.11000", "2005-09-30": "712.52000"}, "Other Income": {"2020-09-30": "", "2019-09-30": "", "2018-09-30": "", "2017-09-30": "", "2016-09-30": "", "2015-09-30": "", "2014-09-30": "", "2013-09-30": "", "2012-09-30": "", "2011-09-30": "", "2010-09-30": "", "2009-09-30": "", "2008-09-30": "", "2007-09-30": "", "2006-09-30": "", "2005-09-30": ""}, "Income From Continuous Operations": {"2020-09-30": "874.00000", "2019-09-30": "1233.00000", "2018-09-30": "311.00000", "2017-09-30": "1100.00000", "2016-09-30": "977.00000", "2015-09-30": "695.00000", "2014-09-30": "1185.00000", "2013-09-30": "929.00000", "2012-09-30": "1110.00000", "2011-09-30": "1201.00000", "2010-09-30": "1114.84400", "2009-09-30": "1167.34500", "2008-09-30": "1077.75400", "2007-09-30": "841.51900", "2006-09-30": "815.11000", "2005-09-30": "712.52000"}, "Income From Discontinued Operations": {"2020-09-30": "", "2019-09-30": "", "2018-09-30": "", "2017-09-30": "", "2016-09-30": "", "2015-09-30": "", "2014-09-30": "", "2013-09-30": "364.00000", "2012-09-30": "60.00000", "2011-09-30": "70.00000", "2010-09-30": "202.76600", "2009-09-30": "64.25800", "2008-09-30": "49.24200", "2007-09-30": "48.51400", "2006-09-30": "-62.83000", "2005-09-30": "9.74300"}, "Net Income": {"2020-09-30": "767.00000", "2019-09-30": "1082.00000", "2018-09-30": "159.00000", "2017-09-30": "1030.00000", "2016-09-30": "976.00000", "2015-09-30": "695.00000", "2014-09-30": "1185.00000", "2013-09-30": "1293.00000", "2012-09-30": "1170.00000", "2011-09-30": "1271.00000", "2010-09-30": "1317.61000", "2009-09-30": "1231.60300", "2008-09-30": "1126.99600", "2007-09-30": "890.03300", "2006-09-30": "752.28000", "2005-09-30": "722.26300"}, "EBITDA": {"2020-09-30": "3638.00000", "2019-09-30": "4013.00000", "2018-09-30": "3487.00000", "2017-09-30": "2610.00000", "2016-09-30": "2544.00000", "2015-09-30": "1965.00000", "2014-09-30": "2168.00000", "2013-09-30": "1801.00000", "2012-09-30": "2069.00000", "2011-09-30": "2159.00000", "2010-09-30": "2073.79300", "2009-09-30": "2054.28600", "2008-09-30": "1960.10800", "2007-09-30": "1625.76800", "2006-09-30": "1543.74600", "2005-09-30": "1446.51400"}, "EBIT": {"2020-09-30": "1484.00000", "2019-09-30": "1760.00000", "2018-09-30": "1509.00000", "2017-09-30": "1522.00000", "2016-09-30": "1430.00000", "2015-09-30": "1074.00000", "2014-09-30": "1606.00000", "2013-09-30": "1255.00000", "2012-09-30": "1558.00000", "2011-09-30": "1665.00000", "2010-09-30": "1582.37700", "2009-09-30": "1589.68200", "2008-09-30": "1488.14500", "2007-09-30": "1184.66400", "2006-09-30": "1141.41400", "2005-09-30": "1063.84500"}, "Basic Shares Outstanding": {"2020-09-30": "278.97100", "2019-09-30": "269.94300", "2018-09-30": "258.35400", "2017-09-30": "218.94300", "2016-09-30": "212.70200", "2015-09-30": "202.53700", "2014-09-30": "193.29900", "2013-09-30": "195.15700", "2012-09-30": "205.46000", "2011-09-30": "221.17500", "2010-09-30": "234.32800", "2009-09-30": "240.47900", "2008-09-30": "244.32300", "2007-09-30": "244.92900", "2006-09-30": "247.06700", "2005-09-30": "251.42900"}, "Shares Outstanding": {"2020-09-30": "282.40200", "2019-09-30": "274.77500", "2018-09-30": "264.62100", "2017-09-30": "223.58800", "2016-09-30": "217.53600", "2015-09-30": "207.50900", "2014-09-30": "197.70900", "2013-09-30": "199.19300", "2012-09-30": "209.18100", "2011-09-30": "226.28000", "2010-09-30": "240.13600", "2009-09-30": "246.79800", "2008-09-30": "252.68100", "2007-09-30": "254.81000", "2006-09-30": "256.55400", "2005-09-30": "260.71200"}, "Basic EPS": {"2020-09-30": "2.75000", "2019-09-30": "4.01000", "2018-09-30": "0.62000", "2017-09-30": "4.70000", "2016-09-30": "4.59000", "2015-09-30": "3.43000", "2014-09-30": "6.13000", "2013-09-30": "6.63000", "2012-09-30": "5.69000", "2011-09-30": "5.75000", "2010-09-30": "5.62000", "2009-09-30": "5.12000", "2008-09-30": "4.61000", "2007-09-30": "3.63000", "2006-09-30": "3.04000", "2005-09-30": "2.87000"}, "EPS - Earnings Per Share": {"2020-09-30": "2.71000", "2019-09-30": "3.94000", "2018-09-30": "0.60000", "2017-09-30": "4.60000", "2016-09-30": "4.49000", "2015-09-30": "3.35000", "2014-09-30": "5.99000", "2013-09-30": "6.49000", "2012-09-30": "5.59000", "2011-09-30": "5.62000", "2010-09-30": "5.49000", "2009-09-30": "4.99000", "2008-09-30": "4.46000", "2007-09-30": "3.49000", "2006-09-30": "2.93000", "2005-09-30": "2.77000"}}, "income statement, quarterly": {"Revenue": {"2020-12-31": "5315.00000", "2020-09-30": "4784.00000", "2020-06-30": "3855.00000", "2020-03-31": "4253.00000", "2019-12-31": "4225.00000", "2019-09-30": "4585.00000", "2019-06-30": "4350.00000", "2019-03-31": "4195.00000", "2018-12-31": "4160.00000", "2018-09-30": "4403.00000", "2018-06-30": "4278.00000", "2018-03-31": "4222.00000", "2017-12-31": "3080.00000", "2017-09-30": "3167.00000", "2017-06-30": "3035.00000", "2017-03-31": "2969.00000", "2016-12-31": "2922.00000", "2016-09-30": "3232.00000", "2016-06-30": "3198.00000", "2016-03-31": "3067.00000", "2015-12-31": "2986.00000", "2015-09-30": "3060.00000", "2015-06-30": "3120.00000", "2015-03-31": "2051.00000", "2014-12-31": "2051.00000", "2014-09-30": "2202.00000", "2014-06-30": "2157.00000", "2014-03-31": "2072.00000", "2013-12-31": "2015.00000", "2013-09-30": "2101.00000", "2013-06-30": "2053.00000", "2013-03-31": "2000.00000", "2012-12-31": "1900.00000", "2012-09-30": "1966.78900", "2012-06-30": "1980.53000", "2012-03-31": "1928.96100", "2011-12-31": "1831.72000", "2011-09-30": "1868.08300", "2011-06-30": "1951.88900", "2011-03-31": "1922.02300", "2010-12-31": "1842.00500", "2010-09-30": "1625.24600", "2010-06-30": "1830.91100", "2010-03-31": "1799.40900", "2009-12-31": "1868.81800", "2009-09-30": "1723.58100", "2009-06-30": "1820.25500", "2009-03-31": "1724.96700", "2008-12-31": "1717.91900", "2008-09-30": "1595.58800", "2008-06-30": "1849.33900", "2008-03-31": "1746.92500", "2007-12-31": "1705.76700", "2007-09-30": "1574.22800", "2007-06-30": "1631.15900", "2007-03-31": "1575.92200", "2006-12-31": "1501.52600", "2006-09-30": "1462.61600", "2006-06-30": "1457.34700", "2006-03-31": "1424.20900", "2005-12-31": "1393.84500", "2005-09-30": "1305.62800", "2005-06-30": "1381.30600", "2005-03-31": "1365.53000"}, "Cost Of Goods Sold": {"2020-12-31": "2583.00000", "2020-09-30": "2578.00000", "2020-06-30": "2195.00000", "2020-03-31": "2520.00000", "2019-12-31": "2247.00000", "2019-09-30": "2318.00000", "2019-06-30": "2276.00000", "2019-03-31": "2221.00000", "2018-12-31": "2187.00000", "2018-09-30": "2309.00000", "2018-06-30": "2262.00000", "2018-03-31": "2616.00000", "2017-12-31": "1527.00000", "2017-09-30": "1589.00000", "2017-06-30": "1532.00000", "2017-03-31": "1537.00000", "2016-12-31": "1470.00000", "2016-09-30": "1679.00000", "2016-06-30": "1651.00000", "2016-03-31": "1584.00000", "2015-12-31": "1578.00000", "2015-09-30": "1630.00000", "2015-06-30": "1946.00000", "2015-03-31": "1005.00000", "2014-12-31": "1006.00000", "2014-09-30": "1100.00000", "2014-06-30": "1046.00000", "2014-03-31": "1019.00000", "2013-12-31": "980.00000", "2013-09-30": "1014.00000", "2013-06-30": "993.00000", "2013-03-31": "982.00000", "2012-12-31": "894.00000", "2012-09-30": "965.95590", "2012-06-30": "947.39500", "2012-03-31": "941.18400", "2011-12-31": "900.46500", "2011-09-30": "916.32810", "2011-06-30": "922.65200", "2011-03-31": "920.58900", "2010-12-31": "865.43100", "2010-09-30": "786.05810", "2010-06-30": "883.43400", "2010-03-31": "864.49200", "2009-12-31": "894.32400", "2009-09-30": "825.98910", "2009-06-30": "860.06300", "2009-03-31": "829.35000", "2008-12-31": "796.27400", "2008-09-30": "768.11800", "2008-06-30": "905.38800", "2008-03-31": "853.80700", "2007-12-31": "829.84600", "2007-09-30": "768.34800", "2007-06-30": "791.07100", "2007-03-31": "764.54000", "2006-12-31": "708.93300", "2006-09-30": "709.03800", "2006-06-30": "719.51500", "2006-03-31": "698.76600", "2005-12-31": "665.94600", "2005-09-30": "623.14400", "2005-06-30": "686.76400", "2005-03-31": "678.01800"}, "Gross Profit": {"2020-12-31": "2732.00000", "2020-09-30": "2206.00000", "2020-06-30": "1660.00000", "2020-03-31": "1733.00000", "2019-12-31": "1978.00000", "2019-09-30": "2267.00000", "2019-06-30": "2074.00000", "2019-03-31": "1974.00000", "2018-12-31": "1973.00000", "2018-09-30": "2094.00000", "2018-06-30": "2016.00000", "2018-03-31": "1606.00000", "2017-12-31": "1553.00000", "2017-09-30": "1578.00000", "2017-06-30": "1503.00000", "2017-03-31": "1432.00000", "2016-12-31": "1452.00000", "2016-09-30": "1553.00000", "2016-06-30": "1547.00000", "2016-03-31": "1483.00000", "2015-12-31": "1408.00000", "2015-09-30": "1430.00000", "2015-06-30": "1174.00000", "2015-03-31": "1046.00000", "2014-12-31": "1045.00000", "2014-09-30": "1102.00000", "2014-06-30": "1111.00000", "2014-03-31": "1053.00000", "2013-12-31": "1035.00000", "2013-09-30": "1087.00000", "2013-06-30": "1060.00000", "2013-03-31": "1018.00000", "2012-12-31": "1006.00000", "2012-09-30": "1000.83300", "2012-06-30": "1033.13500", "2012-03-31": "987.77700", "2011-12-31": "931.25490", "2011-09-30": "951.75480", "2011-06-30": "1029.23700", "2011-03-31": "1001.43400", "2010-12-31": "976.57400", "2010-09-30": "839.18840", "2010-06-30": "947.47700", "2010-03-31": "934.91710", "2009-12-31": "974.49400", "2009-09-30": "897.59220", "2009-06-30": "960.19200", "2009-03-31": "895.61710", "2008-12-31": "921.64500", "2008-09-30": "827.47030", "2008-06-30": "943.95100", "2008-03-31": "893.11800", "2007-12-31": "875.92100", "2007-09-30": "805.87990", "2007-06-30": "840.08810", "2007-03-31": "811.38200", "2006-12-31": "792.59300", "2006-09-30": "753.57790", "2006-06-30": "737.83200", "2006-03-31": "725.44300", "2005-12-31": "727.89900", "2005-09-30": "682.48380", "2005-06-30": "694.54210", "2005-03-31": "687.51200"}, "Research And Development Expenses": {"2020-12-31": "291.00000", "2020-09-30": "300.00000", "2020-06-30": "262.00000", "2020-03-31": "264.00000", "2019-12-31": "270.00000", "2019-09-30": "270.00000", "2019-06-30": "282.00000", "2019-03-31": "252.00000", "2018-12-31": "258.00000", "2018-09-30": "277.00000", "2018-06-30": "277.00000", "2018-03-31": "259.00000", "2017-12-31": "191.00000", "2017-09-30": "215.00000", "2017-06-30": "186.00000", "2017-03-31": "187.00000", "2016-12-31": "182.00000", "2016-09-30": "252.00000", "2016-06-30": "207.00000", "2016-03-31": "182.00000", "2015-12-31": "187.00000", "2015-09-30": "196.00000", "2015-06-30": "178.00000", "2015-03-31": "129.00000", "2014-12-31": "129.00000", "2014-09-30": "140.00000", "2014-06-30": "137.00000", "2014-03-31": "147.00000", "2013-12-31": "126.00000", "2013-09-30": "133.00000", "2013-06-30": "121.00000", "2013-03-31": "122.00000", "2012-12-31": "118.00000", "2012-09-30": "128.03300", "2012-06-30": "114.98700", "2012-03-31": "116.75300", "2011-12-31": "112.22700", "2011-09-30": "121.22800", "2011-06-30": "114.07800", "2011-03-31": "119.15200", "2010-12-31": "115.54200", "2010-09-30": "115.37600", "2010-06-30": "108.04700", "2010-03-31": "100.19300", "2009-12-31": "99.15100", "2009-09-30": "110.17600", "2009-06-30": "98.48900", "2009-03-31": "98.58800", "2008-12-31": "97.31400", "2008-09-30": "95.06500", "2008-06-30": "99.92800", "2008-03-31": "96.03400", "2007-12-31": "91.52700", "2007-09-30": "99.75100", "2007-06-30": "92.99300", "2007-03-31": "86.68700", "2006-12-31": "79.94000", "2006-09-30": "29.09900", "2006-06-30": "76.69900", "2006-03-31": "127.71500", "2005-12-31": "68.35900", "2005-09-30": "72.59000", "2005-06-30": "67.00300", "2005-03-31": "65.98800"}, "SG&A Expenses": {"2020-12-31": "1149.00000", "2020-09-30": "1199.00000", "2020-06-30": "980.00000", "2020-03-31": "1025.00000", "2019-12-31": "1121.00000", "2019-09-30": "1094.00000", "2019-06-30": "1076.00000", "2019-03-31": "1089.00000", "2018-12-31": "1073.00000", "2018-09-30": "1101.00000", "2018-06-30": "1086.00000", "2018-03-31": "1056.00000", "2017-12-31": "773.00000", "2017-09-30": "757.00000", "2017-06-30": "719.00000", "2017-03-31": "724.00000", "2016-12-31": "709.00000", "2016-09-30": "797.00000", "2016-06-30": "728.00000", "2016-03-31": "732.00000", "2015-12-31": "748.00000", "2015-09-30": "757.00000", "2015-06-30": "751.00000", "2015-03-31": "511.00000", "2014-12-31": "544.00000", "2014-09-30": "561.00000", "2014-06-30": "528.00000", "2014-03-31": "525.00000", "2013-12-31": "531.00000", "2013-09-30": "877.00000", "2013-06-30": "534.00000", "2013-03-31": "515.00000", "2012-12-31": "496.00000", "2012-09-30": "483.90500", "2012-06-30": "469.13000", "2012-03-31": "487.69400", "2011-12-31": "482.27100", "2011-09-30": "466.13600", "2011-06-30": "467.96800", "2011-03-31": "441.94200", "2010-12-31": "447.95400", "2010-09-30": "407.71500", "2010-06-30": "416.46800", "2010-03-31": "421.07600", "2009-12-31": "445.67300", "2009-09-30": "408.47890", "2009-06-30": "429.94000", "2009-03-31": "436.35900", "2008-12-31": "406.01900", "2008-09-30": "396.71400", "2008-06-30": "435.80700", "2008-03-31": "415.52300", "2007-12-31": "421.71800", "2007-09-30": "380.89610", "2007-06-30": "412.16400", "2007-03-31": "406.63100", "2006-12-31": "384.08400", "2006-09-30": "378.25200", "2006-06-30": "374.56500", "2006-03-31": "346.32200", "2005-12-31": "349.02700", "2005-09-30": "313.55100", "2005-06-30": "365.91900", "2005-03-31": "366.33900"}, "Other Operating Income Or Expenses": {"2020-12-31": "", "2020-09-30": "-378.00000", "2020-06-30": "15.00000", "2020-03-31": "", "2019-12-31": "", "2019-09-30": "-593.00000", "2019-06-30": "", "2019-03-31": "-396.00000", "2018-12-31": "335.00000", "2018-09-30": "", "2018-06-30": "", "2018-03-31": "", "2017-12-31": "", "2017-09-30": "-5.00000", "2017-06-30": "-741.00000", "2017-03-31": "", "2016-12-31": "336.00000", "2016-09-30": "", "2016-06-30": "", "2016-03-31": "", "2015-12-31": "", "2015-09-30": "", "2015-06-30": "", "2015-03-31": "", "2014-12-31": "", "2014-09-30": "", "2014-06-30": "", "2014-03-31": "", "2013-12-31": "", "2013-09-30": "", "2013-06-30": "", "2013-03-31": "", "2012-12-31": "", "2012-09-30": "", "2012-06-30": "", "2012-03-31": "", "2011-12-31": "", "2011-09-30": "", "2011-06-30": "", "2011-03-31": "", "2010-12-31": "", "2010-09-30": "", "2010-06-30": "", "2010-03-31": "", "2009-12-31": "", "2009-09-30": "", "2009-06-30": "", "2009-03-31": "", "2008-12-31": "", "2008-09-30": "", "2008-06-30": "", "2008-03-31": "", "2007-12-31": "", "2007-09-30": "", "2007-06-30": "", "2007-03-31": "", "2006-12-31": "", "2006-09-30": "", "2006-06-30": "", "2006-03-31": "", "2005-12-31": "", "2005-09-30": "", "2005-06-30": "", "2005-03-31": ""}, "Operating Expenses": {"2020-12-31": "4073.00000", "2020-09-30": "4529.00000", "2020-06-30": "3496.00000", "2020-03-31": "3884.00000", "2019-12-31": "3724.00000", "2019-09-30": "4473.00000", "2019-06-30": "3724.00000", "2019-03-31": "4059.00000", "2018-12-31": "3274.00000", "2018-09-30": "3827.00000", "2018-06-30": "3767.00000", "2018-03-31": "4035.00000", "2017-12-31": "2845.00000", "2017-09-30": "2676.00000", "2017-06-30": "3259.00000", "2017-03-31": "2524.00000", "2016-12-31": "2112.00000", "2016-09-30": "3135.00000", "2016-06-30": "2682.00000", "2016-03-31": "2602.00000", "2015-12-31": "2634.00000", "2015-09-30": "2765.00000", "2015-06-30": "2983.00000", "2015-03-31": "1758.00000", "2014-12-31": "1702.00000", "2014-09-30": "1801.00000", "2014-06-30": "1711.00000", "2014-03-31": "1691.00000", "2013-12-31": "1637.00000", "2013-09-30": "2024.00000", "2013-06-30": "1648.00000", "2013-03-31": "1619.00000", "2012-12-31": "1508.00000", "2012-09-30": "1577.89400", "2012-06-30": "1531.51200", "2012-03-31": "1545.63100", "2011-12-31": "1494.96300", "2011-09-30": "1503.69200", "2011-06-30": "1504.69800", "2011-03-31": "1481.68300", "2010-12-31": "1428.92700", "2010-09-30": "1309.15000", "2010-06-30": "1407.94900", "2010-03-31": "1385.76100", "2009-12-31": "1439.14800", "2009-09-30": "1344.64400", "2009-06-30": "1388.49200", "2009-03-31": "1364.29700", "2008-12-31": "1299.60700", "2008-09-30": "1259.89700", "2008-06-30": "1441.12300", "2008-03-31": "1365.36400", "2007-12-31": "1343.09100", "2007-09-30": "1248.99500", "2007-06-30": "1303.62200", "2007-03-31": "1257.85800", "2006-12-31": "1287.69600", "2006-09-30": "1169.68900", "2006-06-30": "1170.77900", "2006-03-31": "1172.80300", "2005-12-31": "1083.33200", "2005-09-30": "1009.28500", "2005-06-30": "1119.68600", "2005-03-31": "1110.34500"}, "Operating Income": {"2020-12-31": "1242.00000", "2020-09-30": "255.00000", "2020-06-30": "359.00000", "2020-03-31": "369.00000", "2019-12-31": "501.00000", "2019-09-30": "112.00000", "2019-06-30": "626.00000", "2019-03-31": "136.00000", "2018-12-31": "886.00000", "2018-09-30": "576.00000", "2018-06-30": "511.00000", "2018-03-31": "187.00000", "2017-12-31": "235.00000", "2017-09-30": "491.00000", "2017-06-30": "-224.00000", "2017-03-31": "445.00000", "2016-12-31": "810.00000", "2016-09-30": "97.00000", "2016-06-30": "516.00000", "2016-03-31": "465.00000", "2015-12-31": "352.00000", "2015-09-30": "295.00000", "2015-06-30": "137.00000", "2015-03-31": "293.00000", "2014-12-31": "349.00000", "2014-09-30": "401.00000", "2014-06-30": "446.00000", "2014-03-31": "381.00000", "2013-12-31": "378.00000", "2013-09-30": "77.00000", "2013-06-30": "405.00000", "2013-03-31": "381.00000", "2012-12-31": "392.00000", "2012-09-30": "388.89490", "2012-06-30": "449.01790", "2012-03-31": "383.33010", "2011-12-31": "336.75700", "2011-09-30": "364.39120", "2011-06-30": "447.19100", "2011-03-31": "440.34000", "2010-12-31": "413.07800", "2010-09-30": "316.09680", "2010-06-30": "422.96200", "2010-03-31": "413.64810", "2009-12-31": "429.67000", "2009-09-30": "378.93740", "2009-06-30": "431.76310", "2009-03-31": "360.67000", "2008-12-31": "418.31190", "2008-09-30": "335.69170", "2008-06-30": "408.21590", "2008-03-31": "381.56100", "2007-12-31": "362.67600", "2007-09-30": "325.23250", "2007-06-30": "327.53710", "2007-03-31": "318.06400", "2006-12-31": "213.83000", "2006-09-30": "292.92700", "2006-06-30": "286.56800", "2006-03-31": "251.40600", "2005-12-31": "310.51290", "2005-09-30": "296.34250", "2005-06-30": "261.62000", "2005-03-31": "255.18510"}, "Total Non-Operating Income/Expense": {"2020-12-31": "-84.00000", "2020-09-30": "-110.00000", "2020-06-30": "-110.00000", "2020-03-31": "-170.00000", "2019-12-31": "-108.00000", "2019-09-30": "-113.00000", "2019-06-30": "-165.00000", "2019-03-31": "-133.00000", "2018-12-31": "-173.00000", "2018-09-30": "-162.00000", "2018-06-30": "136.00000", "2018-03-31": "-180.00000", "2017-12-31": "-130.00000", "2017-09-30": "-162.00000", "2017-06-30": "-181.00000", "2017-03-31": "-84.00000", "2016-12-31": "-119.00000", "2016-09-30": "-88.00000", "2016-06-30": "-93.00000", "2016-03-31": "-90.00000", "2015-12-31": "-85.00000", "2015-09-30": "-105.00000", "2015-06-30": "-98.00000", "2015-03-31": "-68.00000", "2014-12-31": "-64.00000", "2014-09-30": "-24.00000", "2014-06-30": "-23.00000", "2014-03-31": "-18.00000", "2013-12-31": "-19.00000", "2013-09-30": "-16.00000", "2013-06-30": "-26.00000", "2013-03-31": "-21.00000", "2012-12-31": "-26.00000", "2012-09-30": "-27.40300", "2012-06-30": "-30.47700", "2012-03-31": "-13.80500", "2011-12-31": "-14.31500", "2011-09-30": "-19.17300", "2011-06-30": "-12.02100", "2011-03-31": "-11.87900", "2010-12-31": "-4.92700", "2010-09-30": "3.60100", "2010-06-30": "-9.58900", "2010-03-31": "-3.09700", "2009-12-31": "-6.55200", "2009-09-30": "-2.67700", "2009-06-30": "-2.76800", "2009-03-31": "-8.88400", "2008-12-31": "3.23800", "2008-09-30": "-3.74400", "2008-06-30": "0.65400", "2008-03-31": "0.73500", "2007-12-31": "3.89600", "2007-09-30": "-5.51900", "2007-06-30": "2.11400", "2007-03-31": "3.27200", "2006-12-31": "0.87800", "2006-09-30": "-3.33100", "2006-06-30": "-5.66400", "2006-03-31": "-3.26500", "2005-12-31": "-3.25200", "2005-09-30": "-2.99000", "2005-06-30": "-4.54500", "2005-03-31": "-6.79800"}, "Pre-Tax Income": {"2020-12-31": "1157.00000", "2020-09-30": "143.00000", "2020-06-30": "248.00000", "2020-03-31": "200.00000", "2019-12-31": "394.00000", "2019-09-30": "-1.00000", "2019-06-30": "460.00000", "2019-03-31": "3.00000", "2018-12-31": "714.00000", "2018-09-30": "415.00000", "2018-06-30": "647.00000", "2018-03-31": "6.00000", "2017-12-31": "105.00000", "2017-09-30": "326.00000", "2017-06-30": "-404.00000", "2017-03-31": "362.00000", "2016-12-31": "692.00000", "2016-09-30": "10.00000", "2016-06-30": "422.00000", "2016-03-31": "376.00000", "2015-12-31": "266.00000", "2015-09-30": "190.00000", "2015-06-30": "39.00000", "2015-03-31": "225.00000", "2014-12-31": "285.00000", "2014-09-30": "377.00000", "2014-06-30": "423.00000", "2014-03-31": "363.00000", "2013-12-31": "359.00000", "2013-09-30": "60.00000", "2013-06-30": "379.00000", "2013-03-31": "360.00000", "2012-12-31": "366.00000", "2012-09-30": "361.49200", "2012-06-30": "418.54100", "2012-03-31": "369.52500", "2011-12-31": "322.44200", "2011-09-30": "346.21800", "2011-06-30": "435.17000", "2011-03-31": "428.46100", "2010-12-31": "408.15100", "2010-09-30": "319.69890", "2010-06-30": "413.37300", "2010-03-31": "410.55100", "2009-12-31": "423.11800", "2009-09-30": "376.25990", "2009-06-30": "428.99500", "2009-03-31": "351.78600", "2008-12-31": "421.55000", "2008-09-30": "331.94710", "2008-06-30": "408.87000", "2008-03-31": "382.29600", "2007-12-31": "366.57200", "2007-09-30": "319.71410", "2007-06-30": "329.65100", "2007-03-31": "321.33600", "2006-12-31": "214.70800", "2006-09-30": "289.59600", "2006-06-30": "280.90400", "2006-03-31": "248.14100", "2005-12-31": "307.26100", "2005-09-30": "293.35300", "2005-06-30": "257.07500", "2005-03-31": "248.38700"}, "Income Taxes": {"2020-12-31": "154.00000", "2020-09-30": "15.00000", "2020-06-30": "-38.00000", "2020-03-31": "17.00000", "2019-12-31": "117.00000", "2019-09-30": "-164.00000", "2019-06-30": "9.00000", "2019-03-31": "-17.00000", "2018-12-31": "115.00000", "2018-09-30": "550.00000", "2018-06-30": "53.00000", "2018-03-31": "18.00000", "2017-12-31": "241.00000", "2017-09-30": "-2.00000", "2017-06-30": "-271.00000", "2017-03-31": "18.00000", "2016-12-31": "131.00000", "2016-09-30": "-10.00000", "2016-06-30": "32.00000", "2016-03-31": "38.00000", "2015-12-31": "37.00000", "2015-09-30": "8.00000", "2015-06-30": "-23.00000", "2015-03-31": "9.00000", "2014-12-31": "50.00000", "2014-09-30": "76.00000", "2014-06-30": "97.00000", "2014-03-31": "76.00000", "2013-12-31": "88.00000", "2013-09-30": "-30.00000", "2013-06-30": "87.00000", "2013-03-31": "84.00000", "2012-12-31": "95.00000", "2012-09-30": "87.74100", "2012-06-30": "106.96000", "2012-03-31": "94.40100", "2011-12-31": "73.89800", "2011-09-30": "92.09600", "2011-06-30": "113.63000", "2011-03-31": "117.39900", "2010-12-31": "93.87500", "2010-09-30": "88.14200", "2010-06-30": "119.21300", "2010-03-31": "125.51700", "2009-12-31": "119.02500", "2009-09-30": "116.21200", "2009-06-30": "90.29100", "2009-03-31": "92.61200", "2008-12-31": "112.13100", "2008-09-30": "96.71900", "2008-06-30": "112.87500", "2008-03-31": "106.66100", "2007-12-31": "95.67600", "2007-09-30": "85.25400", "2007-06-30": "89.18200", "2007-03-31": "85.79700", "2006-12-31": "83.65700", "2006-09-30": "72.71600", "2006-06-30": "69.83400", "2006-03-31": "84.68300", "2005-12-31": "83.55900", "2005-09-30": "151.54100", "2005-06-30": "67.27400", "2005-03-31": "61.87800"}, "Income After Taxes": {"2020-12-31": "1003.00000", "2020-09-30": "128.00000", "2020-06-30": "286.00000", "2020-03-31": "183.00000", "2019-12-31": "277.00000", "2019-09-30": "163.00000", "2019-06-30": "451.00000", "2019-03-31": "20.00000", "2018-12-31": "599.00000", "2018-09-30": "-135.00000", "2018-06-30": "594.00000", "2018-03-31": "-12.00000", "2017-12-31": "-136.00000", "2017-09-30": "328.00000", "2017-06-30": "-133.00000", "2017-03-31": "344.00000", "2016-12-31": "561.00000", "2016-09-30": "20.00000", "2016-06-30": "390.00000", "2016-03-31": "338.00000", "2015-12-31": "229.00000", "2015-09-30": "182.00000", "2015-06-30": "62.00000", "2015-03-31": "216.00000", "2014-12-31": "235.00000", "2014-09-30": "301.00000", "2014-06-30": "326.00000", "2014-03-31": "287.00000", "2013-12-31": "271.00000", "2013-09-30": "90.00000", "2013-06-30": "292.00000", "2013-03-31": "276.00000", "2012-12-31": "271.00000", "2012-09-30": "273.75110", "2012-06-30": "311.58100", "2012-03-31": "275.12400", "2011-12-31": "248.54400", "2011-09-30": "254.12190", "2011-06-30": "321.54000", "2011-03-31": "311.06200", "2010-12-31": "314.27600", "2010-09-30": "231.55700", "2010-06-30": "294.16000", "2010-03-31": "285.03400", "2009-12-31": "304.09300", "2009-09-30": "260.04800", "2009-06-30": "338.70400", "2009-03-31": "259.17400", "2008-12-31": "309.41900", "2008-09-30": "235.22810", "2008-06-30": "295.99500", "2008-03-31": "275.63500", "2007-12-31": "270.89600", "2007-09-30": "234.46010", "2007-06-30": "240.46900", "2007-03-31": "235.53900", "2006-12-31": "131.05100", "2006-09-30": "216.88000", "2006-06-30": "211.07000", "2006-03-31": "163.45800", "2005-12-31": "223.70200", "2005-09-30": "141.81200", "2005-06-30": "189.80100", "2005-03-31": "186.50900"}, "Other Income": {"2020-12-31": "", "2020-09-30": "", "2020-06-30": "", "2020-03-31": "", "2019-12-31": "", "2019-09-30": "", "2019-06-30": "", "2019-03-31": "", "2018-12-31": "", "2018-09-30": "", "2018-06-30": "", "2018-03-31": "", "2017-12-31": "", "2017-09-30": "", "2017-06-30": "", "2017-03-31": "", "2016-12-31": "", "2016-09-30": "", "2016-06-30": "", "2016-03-31": "", "2015-12-31": "", "2015-09-30": "", "2015-06-30": "", "2015-03-31": "", "2014-12-31": "", "2014-09-30": "", "2014-06-30": "", "2014-03-31": "", "2013-12-31": "", "2013-09-30": "", "2013-06-30": "", "2013-03-31": "", "2012-12-31": "", "2012-09-30": "", "2012-06-30": "", "2012-03-31": "", "2011-12-31": "", "2011-09-30": "", "2011-06-30": "", "2011-03-31": "", "2010-12-31": "", "2010-09-30": "", "2010-06-30": "", "2010-03-31": "", "2009-12-31": "", "2009-09-30": "", "2009-06-30": "", "2009-03-31": "", "2008-12-31": "", "2008-09-30": "", "2008-06-30": "", "2008-03-31": "", "2007-12-31": "", "2007-09-30": "", "2007-06-30": "", "2007-03-31": "", "2006-12-31": "", "2006-09-30": "", "2006-06-30": "", "2006-03-31": "", "2005-12-31": "", "2005-09-30": "", "2005-06-30": "", "2005-03-31": ""}, "Income From Continuous Operations": {"2020-12-31": "1003.00000", "2020-09-30": "128.00000", "2020-06-30": "286.00000", "2020-03-31": "183.00000", "2019-12-31": "277.00000", "2019-09-30": "163.00000", "2019-06-30": "451.00000", "2019-03-31": "20.00000", "2018-12-31": "599.00000", "2018-09-30": "-135.00000", "2018-06-30": "594.00000", "2018-03-31": "-12.00000", "2017-12-31": "-136.00000", "2017-09-30": "328.00000", "2017-06-30": "-133.00000", "2017-03-31": "344.00000", "2016-12-31": "561.00000", "2016-09-30": "20.00000", "2016-06-30": "390.00000", "2016-03-31": "338.00000", "2015-12-31": "229.00000", "2015-09-30": "182.00000", "2015-06-30": "62.00000", "2015-03-31": "216.00000", "2014-12-31": "235.00000", "2014-09-30": "301.00000", "2014-06-30": "326.00000", "2014-03-31": "287.00000", "2013-12-31": "271.00000", "2013-09-30": "91.00000", "2013-06-30": "292.00000", "2013-03-31": "276.00000", "2012-12-31": "270.00000", "2012-09-30": "274.75100", "2012-06-30": "311.58100", "2012-03-31": "275.12400", "2011-12-31": "248.54400", "2011-09-30": "254.12190", "2011-06-30": "321.54000", "2011-03-31": "311.06200", "2010-12-31": "314.27600", "2010-09-30": "231.55700", "2010-06-30": "294.16000", "2010-03-31": "285.03400", "2009-12-31": "304.09300", "2009-09-30": "260.04800", "2009-06-30": "338.70400", "2009-03-31": "259.17400", "2008-12-31": "309.41900", "2008-09-30": "235.22800", "2008-06-30": "295.99500", "2008-03-31": "275.63500", "2007-12-31": "270.89600", "2007-09-30": "234.46000", "2007-06-30": "240.46900", "2007-03-31": "235.53900", "2006-12-31": "131.05100", "2006-09-30": "216.88000", "2006-06-30": "211.07000", "2006-03-31": "163.45800", "2005-12-31": "223.70200", "2005-09-30": "141.81200", "2005-06-30": "189.80100", "2005-03-31": "186.50900"}, "Income From Discontinued Operations": {"2020-12-31": "", "2020-09-30": "", "2020-06-30": "", "2020-03-31": "", "2019-12-31": "", "2019-09-30": "", "2019-06-30": "", "2019-03-31": "", "2018-12-31": "", "2018-09-30": "", "2018-06-30": "", "2018-03-31": "", "2017-12-31": "", "2017-09-30": "", "2017-06-30": "", "2017-03-31": "", "2016-12-31": "", "2016-09-30": "", "2016-06-30": "", "2016-03-31": "", "2015-12-31": "", "2015-09-30": "", "2015-06-30": "", "2015-03-31": "", "2014-12-31": "", "2014-09-30": "", "2014-06-30": "", "2014-03-31": "", "2013-12-31": "", "2013-09-30": "-1.00000", "2013-06-30": "10.00000", "2013-03-31": "", "2012-12-31": "355.00000", "2012-09-30": "14.36500", "2012-06-30": "15.28500", "2012-03-31": "15.90900", "2011-12-31": "14.44100", "2011-09-30": "45.86400", "2011-06-30": "21.51800", "2011-03-31": "0.95700", "2010-12-31": "1.66100", "2010-09-30": "165.13800", "2010-06-30": "12.74800", "2010-03-31": "12.59700", "2009-12-31": "12.28300", "2009-09-30": "57.17100", "2009-06-30": "2.32300", "2009-03-31": "2.11500", "2008-12-31": "2.64900", "2008-09-30": "46.94600", "2008-06-30": "1.09400", "2008-03-31": "0.55000", "2007-12-31": "0.65200", "2007-09-30": "25.35200", "2007-06-30": "4.34000", "2007-03-31": "6.99400", "2006-12-31": "11.82800", "2006-09-30": "-42.90100", "2006-06-30": "-4.69700", "2006-03-31": "-9.39000", "2005-12-31": "-5.84200", "2005-09-30": "7.28200", "2005-06-30": "-0.13300", "2005-03-31": "1.64100"}, "Net Income": {"2020-12-31": "981.00000", "2020-09-30": "105.00000", "2020-06-30": "277.00000", "2020-03-31": "145.00000", "2019-12-31": "240.00000", "2019-09-30": "125.00000", "2019-06-30": "413.00000", "2019-03-31": "-18.00000", "2018-12-31": "562.00000", "2018-09-30": "-173.00000", "2018-06-30": "556.00000", "2018-03-31": "-50.00000", "2017-12-31": "-174.00000", "2017-09-30": "289.00000", "2017-06-30": "-165.00000", "2017-03-31": "344.00000", "2016-12-31": "562.00000", "2016-09-30": "19.00000", "2016-06-30": "390.00000", "2016-03-31": "338.00000", "2015-12-31": "229.00000", "2015-09-30": "181.00000", "2015-06-30": "62.00000", "2015-03-31": "216.00000", "2014-12-31": "236.00000", "2014-09-30": "301.00000", "2014-06-30": "326.00000", "2014-03-31": "287.00000", "2013-12-31": "271.00000", "2013-09-30": "90.00000", "2013-06-30": "302.00000", "2013-03-31": "276.00000", "2012-12-31": "625.00000", "2012-09-30": "289.11610", "2012-06-30": "326.86600", "2012-03-31": "291.03300", "2011-12-31": "262.98500", "2011-09-30": "299.98600", "2011-06-30": "343.05800", "2011-03-31": "312.01900", "2010-12-31": "315.93700", "2010-09-30": "396.69500", "2010-06-30": "306.90800", "2010-03-31": "297.63100", "2009-12-31": "316.37600", "2009-09-30": "317.21910", "2009-06-30": "341.02700", "2009-03-31": "261.28900", "2008-12-31": "312.06800", "2008-09-30": "282.17400", "2008-06-30": "297.08900", "2008-03-31": "276.18500", "2007-12-31": "271.54800", "2007-09-30": "259.81200", "2007-06-30": "244.80900", "2007-03-31": "242.53300", "2006-12-31": "142.87900", "2006-09-30": "173.97900", "2006-06-30": "206.37300", "2006-03-31": "154.06800", "2005-12-31": "217.86000", "2005-09-30": "149.09400", "2005-06-30": "189.66800", "2005-03-31": "188.15000"}, "EBITDA": {"2020-12-31": "1797.00000", "2020-09-30": "808.00000", "2020-06-30": "893.00000", "2020-03-31": "906.00000", "2019-12-31": "1031.00000", "2019-09-30": "665.00000", "2019-06-30": "1200.00000", "2019-03-31": "699.00000", "2018-12-31": "1449.00000", "2018-09-30": "1142.00000", "2018-06-30": "1079.00000", "2018-03-31": "740.00000", "2017-12-31": "526.00000", "2017-09-30": "777.00000", "2017-06-30": "55.00000", "2017-03-31": "706.00000", "2016-12-31": "1072.00000", "2016-09-30": "370.00000", "2016-06-30": "788.00000", "2016-03-31": "745.00000", "2015-12-31": "641.00000", "2015-09-30": "610.00000", "2015-06-30": "436.00000", "2015-03-31": "431.00000", "2014-12-31": "488.00000", "2014-09-30": "550.00000", "2014-06-30": "587.00000", "2014-03-31": "511.00000", "2013-12-31": "520.00000", "2013-09-30": "219.00000", "2013-06-30": "544.00000", "2013-03-31": "517.00000", "2012-12-31": "521.00000", "2012-09-30": "516.33590", "2012-06-30": "571.85790", "2012-03-31": "511.12310", "2011-12-31": "469.68300", "2011-09-30": "493.62920", "2011-06-30": "566.55600", "2011-03-31": "562.54500", "2010-12-31": "536.27000", "2010-09-30": "428.94380", "2010-06-30": "552.51900", "2010-03-31": "538.90910", "2009-12-31": "553.42100", "2009-09-30": "491.29540", "2009-06-30": "550.21610", "2009-03-31": "478.00400", "2008-12-31": "534.77090", "2008-09-30": "454.71870", "2008-06-30": "529.09300", "2008-03-31": "498.40810", "2007-12-31": "477.88800", "2007-09-30": "442.77150", "2007-06-30": "440.07410", "2007-03-31": "428.01100", "2006-12-31": "314.91090", "2006-09-30": "399.05200", "2006-06-30": "385.74500", "2006-03-31": "349.27500", "2005-12-31": "409.67400", "2005-09-30": "390.78350", "2005-06-30": "356.80600", "2005-03-31": "353.54110"}, "EBIT": {"2020-12-31": "1242.00000", "2020-09-30": "255.00000", "2020-06-30": "359.00000", "2020-03-31": "369.00000", "2019-12-31": "501.00000", "2019-09-30": "112.00000", "2019-06-30": "626.00000", "2019-03-31": "136.00000", "2018-12-31": "886.00000", "2018-09-30": "576.00000", "2018-06-30": "511.00000", "2018-03-31": "187.00000", "2017-12-31": "235.00000", "2017-09-30": "491.00000", "2017-06-30": "-224.00000", "2017-03-31": "445.00000", "2016-12-31": "810.00000", "2016-09-30": "97.00000", "2016-06-30": "516.00000", "2016-03-31": "465.00000", "2015-12-31": "352.00000", "2015-09-30": "295.00000", "2015-06-30": "137.00000", "2015-03-31": "293.00000", "2014-12-31": "349.00000", "2014-09-30": "401.00000", "2014-06-30": "446.00000", "2014-03-31": "381.00000", "2013-12-31": "378.00000", "2013-09-30": "77.00000", "2013-06-30": "405.00000", "2013-03-31": "381.00000", "2012-12-31": "392.00000", "2012-09-30": "388.89500", "2012-06-30": "449.01790", "2012-03-31": "383.33010", "2011-12-31": "336.75700", "2011-09-30": "364.39100", "2011-06-30": "447.19100", "2011-03-31": "440.34000", "2010-12-31": "413.07800", "2010-09-30": "316.09730", "2010-06-30": "422.96200", "2010-03-31": "413.64810", "2009-12-31": "429.67000", "2009-09-30": "378.93710", "2009-06-30": "431.76310", "2009-03-31": "360.67000", "2008-12-31": "418.31190", "2008-09-30": "335.69150", "2008-06-30": "408.21590", "2008-03-31": "381.56100", "2007-12-31": "362.67600", "2007-09-30": "325.23250", "2007-06-30": "327.53710", "2007-03-31": "318.06400", "2006-12-31": "213.83000", "2006-09-30": "292.92710", "2006-06-30": "286.56800", "2006-03-31": "251.40600", "2005-12-31": "310.51290", "2005-09-30": "296.34270", "2005-06-30": "261.62000", "2005-03-31": "255.18510"}, "Basic Shares Outstanding": {"2020-12-31": "290.59000", "2020-09-30": "278.97100", "2020-06-30": "282.38500", "2020-03-31": "272.01400", "2019-12-31": "271.10200", "2019-09-30": "269.94300", "2019-06-30": "270.24900", "2019-03-31": "269.88200", "2018-12-31": "269.03500", "2018-09-30": "258.35400", "2018-06-30": "267.83600", "2018-03-31": "267.34100", "2017-12-31": "230.03800", "2017-09-30": "218.94300", "2017-06-30": "220.80700", "2017-03-31": "213.58300", "2016-12-31": "213.06400", "2016-09-30": "212.70200", "2016-06-30": "213.08300", "2016-03-31": "212.46900", "2015-12-31": "211.68900", "2015-09-30": "202.53700", "2015-06-30": "210.17500", "2015-03-31": "196.08500", "2014-12-31": "192.84400", "2014-09-30": "193.29900", "2014-06-30": "193.05400", "2014-03-31": "193.60900", "2013-12-31": "194.20300", "2013-09-30": "195.15700", "2013-06-30": "194.87900", "2013-03-31": "194.60900", "2012-12-31": "196.42700", "2012-09-30": "205.46000", "2012-06-30": "202.01500", "2012-03-31": "206.42600", "2011-12-31": "214.30000", "2011-09-30": "221.17500", "2011-06-30": "218.96600", "2011-03-31": "220.89400", "2010-12-31": "228.08300", "2010-09-30": "234.32800", "2010-06-30": "233.24200", "2010-03-31": "235.32500", "2009-12-31": "237.36000", "2009-09-30": "240.47900", "2009-06-30": "240.10900", "2009-03-31": "240.23900", "2008-12-31": "242.39700", "2008-09-30": "244.32300", "2008-06-30": "244.27300", "2008-03-31": "244.86900", "2007-12-31": "244.29200", "2007-09-30": "244.92900", "2007-06-30": "244.91800", "2007-03-31": "245.41800", "2006-12-31": "245.55000", "2006-09-30": "247.06700", "2006-06-30": "246.63300", "2006-03-31": "248.08800", "2005-12-31": "248.04600", "2005-09-30": "251.42900", "2005-06-30": "251.86600", "2005-03-31": "253.42700"}, "Shares Outstanding": {"2020-12-31": "293.11200", "2020-09-30": "282.40200", "2020-06-30": "285.14800", "2020-03-31": "275.03700", "2019-12-31": "274.95200", "2019-09-30": "274.77500", "2019-06-30": "274.33600", "2019-03-31": "269.88200", "2018-12-31": "274.25600", "2018-09-30": "264.62100", "2018-06-30": "273.92500", "2018-03-31": "267.34100", "2017-12-31": "230.03800", "2017-09-30": "223.58800", "2017-06-30": "220.80700", "2017-03-31": "217.86600", "2016-12-31": "217.73900", "2016-09-30": "217.53600", "2016-06-30": "217.37200", "2016-03-31": "216.53800", "2015-12-31": "216.29400", "2015-09-30": "207.50900", "2015-06-30": "214.92800", "2015-03-31": "199.93800", "2014-12-31": "197.00000", "2014-09-30": "197.70900", "2014-06-30": "197.00500", "2014-03-31": "197.48800", "2013-12-31": "198.11000", "2013-09-30": "199.19300", "2013-06-30": "198.71900", "2013-03-31": "198.14300", "2012-12-31": "199.57000", "2012-09-30": "209.18100", "2012-06-30": "205.29000", "2012-03-31": "209.80300", "2011-12-31": "217.63400", "2011-09-30": "226.28000", "2011-06-30": "223.56700", "2011-03-31": "225.46700", "2010-12-31": "232.91500", "2010-09-30": "240.13600", "2010-06-30": "238.31900", "2010-03-31": "240.86300", "2009-12-31": "242.96500", "2009-09-30": "246.79800", "2009-06-30": "245.69600", "2009-03-31": "245.89000", "2008-12-31": "248.31100", "2008-09-30": "252.68100", "2008-06-30": "251.64800", "2008-03-31": "252.78800", "2007-12-31": "253.11600", "2007-09-30": "254.81000", "2007-06-30": "254.12800", "2007-03-31": "254.74000", "2006-12-31": "254.94100", "2006-09-30": "256.55400", "2006-06-30": "255.07000", "2006-03-31": "258.29900", "2005-12-31": "255.85100", "2005-09-30": "260.71200", "2005-06-30": "260.09900", "2005-03-31": "262.01600"}, "Basic EPS": {"2020-12-31": "3.38000", "2020-09-30": "0.36000", "2020-06-30": "0.98000", "2020-03-31": "0.53000", "2019-12-31": "0.88000", "2019-09-30": "0.46000", "2019-06-30": "1.53000", "2019-03-31": "-0.07000", "2018-12-31": "2.09000", "2018-09-30": "-0.51000", "2018-06-30": "2.08000", "2018-03-31": "-0.19000", "2017-12-31": "-0.76000", "2017-09-30": "1.20000", "2017-06-30": "-0.75000", "2017-03-31": "1.61000", "2016-12-31": "2.64000", "2016-09-30": "0.09000", "2016-06-30": "1.83000", "2016-03-31": "1.59000", "2015-12-31": "1.08000", "2015-09-30": "0.81000", "2015-06-30": "0.30000", "2015-03-31": "1.10000", "2014-12-31": "1.22000", "2014-09-30": "1.56000", "2014-06-30": "1.69000", "2014-03-31": "1.48000", "2013-12-31": "1.40000", "2013-09-30": "0.48000", "2013-06-30": "1.55000", "2013-03-31": "1.42000", "2012-12-31": "3.18000", "2012-09-30": "1.43000", "2012-06-30": "1.62000", "2012-03-31": "1.41000", "2011-12-31": "1.23000", "2011-09-30": "1.38000", "2011-06-30": "1.57000", "2011-03-31": "1.41000", "2010-12-31": "1.39000", "2010-09-30": "1.71000", "2010-06-30": "1.32000", "2010-03-31": "1.26000", "2009-12-31": "1.33000", "2009-09-30": "1.32000", "2009-06-30": "1.42000", "2009-03-31": "1.09000", "2008-12-31": "1.29000", "2008-09-30": "1.15000", "2008-06-30": "1.22000", "2008-03-31": "1.13000", "2007-12-31": "1.11000", "2007-09-30": "1.06000", "2007-06-30": "1.00000", "2007-03-31": "0.99000", "2006-12-31": "0.58000", "2006-09-30": "0.70000", "2006-06-30": "0.84000", "2006-03-31": "0.62000", "2005-12-31": "0.88000", "2005-09-30": "0.60000", "2005-06-30": "0.75000", "2005-03-31": "0.74000"}, "EPS - Earnings Per Share": {"2020-12-31": "3.35000", "2020-09-30": "0.34000", "2020-06-30": "0.97000", "2020-03-31": "0.53000", "2019-12-31": "0.87000", "2019-09-30": "0.45000", "2019-06-30": "1.51000", "2019-03-31": "-0.07000", "2018-12-31": "2.05000", "2018-09-30": "-0.48000", "2018-06-30": "2.03000", "2018-03-31": "-0.19000", "2017-12-31": "-0.76000", "2017-09-30": "1.19000", "2017-06-30": "-0.75000", "2017-03-31": "1.58000", "2016-12-31": "2.58000", "2016-09-30": "0.07000", "2016-06-30": "1.80000", "2016-03-31": "1.56000", "2015-12-31": "1.06000", "2015-09-30": "0.78000", "2015-06-30": "0.29000", "2015-03-31": "1.08000", "2014-12-31": "1.20000", "2014-09-30": "1.52000", "2014-06-30": "1.65000", "2014-03-31": "1.45000", "2013-12-31": "1.37000", "2013-09-30": "0.45000", "2013-06-30": "1.52000", "2013-03-31": "1.39000", "2012-12-31": "3.13000", "2012-09-30": "1.40000", "2012-06-30": "1.59000", "2012-03-31": "1.39000", "2011-12-31": "1.21000", "2011-09-30": "1.35000", "2011-06-30": "1.53000", "2011-03-31": "1.38000", "2010-12-31": "1.36000", "2010-09-30": "1.66000", "2010-06-30": "1.29000", "2010-03-31": "1.24000", "2009-12-31": "1.30000", "2009-09-30": "1.28000", "2009-06-30": "1.39000", "2009-03-31": "1.06000", "2008-12-31": "1.26000", "2008-09-30": "1.12000", "2008-06-30": "1.18000", "2008-03-31": "1.09000", "2007-12-31": "1.07000", "2007-09-30": "1.02000", "2007-06-30": "0.96000", "2007-03-31": "0.95000", "2006-12-31": "0.56000", "2006-09-30": "0.67000", "2006-06-30": "0.81000", "2006-03-31": "0.60000", "2005-12-31": "0.85000", "2005-09-30": "0.57000", "2005-06-30": "0.73000", "2005-03-31": "0.72000"}}, "balance sheet": {"Cash On Hand": {"2020-09-30": "2937.00000", "2019-09-30": "620.00000", "2018-09-30": "1253.00000", "2017-09-30": "14200.00000", "2016-09-30": "1907.00000", "2015-09-30": "1519.00000", "2014-09-30": "2750.00000", "2013-09-30": "2608.00000", "2012-09-30": "2181.00000", "2011-09-30": "1563.31300", "2010-09-30": "1744.19500", "2009-09-30": "1945.80500", "2008-09-30": "1030.41900", "2007-09-30": "669.52200", "2006-09-30": "1106.67500", "2005-09-30": "1129.69800"}, "Receivables": {"2020-09-30": "2398.00000", "2019-09-30": "2345.00000", "2018-09-30": "2319.00000", "2017-09-30": "1744.00000", "2016-09-30": "1618.00000", "2015-09-30": "1618.00000", "2014-09-30": "1187.00000", "2013-09-30": "1240.00000", "2012-09-30": "1250.00000", "2011-09-30": "1228.63700", "2010-09-30": "1205.37700", "2009-09-30": "1168.66200", "2008-09-30": "1079.05100", "2007-09-30": "1083.15200", "2006-09-30": "885.74800", "2005-09-30": "842.80600"}, "Inventory": {"2020-09-30": "2743.00000", "2019-09-30": "2579.00000", "2018-09-30": "2451.00000", "2017-09-30": "1818.00000", "2016-09-30": "1719.00000", "2015-09-30": "1959.00000", "2014-09-30": "1495.00000", "2013-09-30": "1402.00000", "2012-09-30": "1241.00000", "2011-09-30": "1244.97200", "2010-09-30": "1145.33700", "2009-09-30": "1156.76200", "2008-09-30": "1080.42600", "2007-09-30": "1051.95900", "2006-09-30": "875.73800", "2005-09-30": "775.94900"}, "Pre-Paid Expenses": {"2020-09-30": "891.00000", "2019-09-30": "1119.00000", "2018-09-30": "1251.00000", "2017-09-30": "871.00000", "2016-09-30": "480.00000", "2015-09-30": "563.00000", "2014-09-30": "698.00000", "2013-09-30": "623.00000", "2012-09-30": "515.00000", "2011-09-30": "631.40900", "2010-09-30": "410.34100", "2009-09-30": "375.72500", "2008-09-30": "424.77900", "2007-09-30": "325.93300", "2006-09-30": "317.09200", "2005-09-30": "226.86100"}, "Other Current Assets": {"2020-09-30": "", "2019-09-30": "", "2018-09-30": "137.00000", "2017-09-30": "", "2016-09-30": "642.00000", "2015-09-30": "", "2014-09-30": "", "2013-09-30": "", "2012-09-30": "136.00000", "2011-09-30": "", "2010-09-30": "", "2009-09-30": "", "2008-09-30": "", "2007-09-30": "", "2006-09-30": "", "2005-09-30": ""}, "Total Current Assets": {"2020-09-30": "8969.00000", "2019-09-30": "6664.00000", "2018-09-30": "7411.00000", "2017-09-30": "18633.00000", "2016-09-30": "6367.00000", "2015-09-30": "5659.00000", "2014-09-30": "6131.00000", "2013-09-30": "5873.00000", "2012-09-30": "5322.00000", "2011-09-30": "4668.33100", "2010-09-30": "4505.25000", "2009-09-30": "4646.95400", "2008-09-30": "3614.67500", "2007-09-30": "3130.56600", "2006-09-30": "3185.25300", "2005-09-30": "2975.31400"}, "Property, Plant, And Equipment": {"2020-09-30": "5923.00000", "2019-09-30": "5659.00000", "2018-09-30": "5375.00000", "2017-09-30": "4638.00000", "2016-09-30": "3901.00000", "2015-09-30": "4060.00000", "2014-09-30": "3605.00000", "2013-09-30": "3476.00000", "2012-09-30": "3304.00000", "2011-09-30": "3211.19700", "2010-09-30": "3100.49200", "2009-09-30": "2966.62900", "2008-09-30": "2744.47400", "2007-09-30": "2497.33800", "2006-09-30": "2133.54800", "2005-09-30": "1933.71800"}, "Long-Term Investments": {"2020-09-30": "", "2019-09-30": "", "2018-09-30": "", "2017-09-30": "", "2016-09-30": "796.00000", "2015-09-30": "1118.00000", "2014-09-30": "9.00000", "2013-09-30": "", "2012-09-30": "", "2011-09-30": "", "2010-09-30": "", "2009-09-30": "", "2008-09-30": "", "2007-09-30": "", "2006-09-30": "", "2005-09-30": ""}, "Goodwill And Intangible Assets": {"2020-09-30": "37433.00000", "2019-09-30": "38354.00000", "2018-09-30": "40041.00000", "2017-09-30": "13456.00000", "2016-09-30": "13700.00000", "2015-09-30": "14561.00000", "2014-09-30": "1850.00000", "2013-09-30": "1943.00000", "2012-09-30": "1889.00000", "2011-09-30": "1789.65600", "2010-09-30": "1302.60100", "2009-09-30": "1028.52100", "2008-09-30": "1063.97400", "2007-09-30": "1092.13100", "2006-09-30": "901.45800", "2005-09-30": "736.98800"}, "Other Long-Term Assets": {"2020-09-30": "1687.00000", "2019-09-30": "1088.00000", "2018-09-30": "1078.00000", "2017-09-30": "1007.00000", "2016-09-30": "824.00000", "2015-09-30": "717.00000", "2014-09-30": "488.00000", "2013-09-30": "487.00000", "2012-09-30": "500.00000", "2011-09-30": "444.61000", "2010-09-30": "487.59000", "2009-09-30": "465.29600", "2008-09-30": "356.33400", "2007-09-30": "466.59200", "2006-09-30": "414.91100", "2005-09-30": "256.98000"}, "Total Long-Term Assets": {"2020-09-30": "45043.00000", "2019-09-30": "45101.00000", "2018-09-30": "46494.00000", "2017-09-30": "19101.00000", "2016-09-30": "19221.00000", "2015-09-30": "20818.00000", "2014-09-30": "6317.00000", "2013-09-30": "6277.00000", "2012-09-30": "6039.00000", "2011-09-30": "5762.09700", "2010-09-30": "5145.44400", "2009-09-30": "4657.67000", "2008-09-30": "4298.26800", "2007-09-30": "4198.79900", "2006-09-30": "3639.27200", "2005-09-30": "3157.47900"}, "Total Assets": {"2020-09-30": "54012.00000", "2019-09-30": "51765.00000", "2018-09-30": "53904.00000", "2017-09-30": "37734.00000", "2016-09-30": "25586.00000", "2015-09-30": "26478.00000", "2014-09-30": "12447.00000", "2013-09-30": "12149.00000", "2012-09-30": "11361.00000", "2011-09-30": "10430.43000", "2010-09-30": "9650.69400", "2009-09-30": "9304.62400", "2008-09-30": "7912.94300", "2007-09-30": "7329.36500", "2006-09-30": "6824.52500", "2005-09-30": "6132.79300"}, "Total Current Liabilities": {"2020-09-30": "5836.00000", "2019-09-30": "5655.00000", "2018-09-30": "7216.00000", "2017-09-30": "3342.00000", "2016-09-30": "4400.00000", "2015-09-30": "4381.00000", "2014-09-30": "2235.00000", "2013-09-30": "2130.00000", "2012-09-30": "1978.00000", "2011-09-30": "1823.22800", "2010-09-30": "1671.67300", "2009-09-30": "1777.09300", "2008-09-30": "1416.57900", "2007-09-30": "1478.80900", "2006-09-30": "1576.32900", "2005-09-30": "1299.37500"}, "Long Term Debt": {"2020-09-30": "17224.00000", "2019-09-30": "18081.00000", "2018-09-30": "18894.00000", "2017-09-30": "18667.00000", "2016-09-30": "10550.00000", "2015-09-30": "11370.00000", "2014-09-30": "3768.00000", "2013-09-30": "3763.00000", "2012-09-30": "3761.00000", "2011-09-30": "2484.66500", "2010-09-30": "1495.35700", "2009-09-30": "1488.46000", "2008-09-30": "953.22600", "2007-09-30": "955.71300", "2006-09-30": "956.97100", "2005-09-30": "1060.83300"}, "Other Non-Current Liabilities": {"2020-09-30": "", "2019-09-30": "", "2018-09-30": "", "2017-09-30": "", "2016-09-30": "", "2015-09-30": "", "2014-09-30": "", "2013-09-30": "", "2012-09-30": "", "2011-09-30": "", "2010-09-30": "", "2009-09-30": "", "2008-09-30": "", "2007-09-30": "", "2006-09-30": "", "2005-09-30": ""}, "Total Long Term Liabilities": {"2020-09-30": "24412.00000", "2019-09-30": "25029.00000", "2018-09-30": "25693.00000", "2017-09-30": "21444.00000", "2016-09-30": "13553.00000", "2015-09-30": "14933.00000", "2014-09-30": "5160.00000", "2013-09-30": "4976.00000", "2012-09-30": "5247.00000", "2011-09-30": "3779.02500", "2010-09-30": "2544.44100", "2009-09-30": "2384.81900", "2008-09-30": "1560.79600", "2007-09-30": "1488.59900", "2006-09-30": "1411.99200", "2005-09-30": "1549.46600"}, "Total Liabilities": {"2020-09-30": "30247.00000", "2019-09-30": "30684.00000", "2018-09-30": "32910.00000", "2017-09-30": "24786.00000", "2016-09-30": "17953.00000", "2015-09-30": "19314.00000", "2014-09-30": "7394.00000", "2013-09-30": "7106.00000", "2012-09-30": "7225.00000", "2011-09-30": "5602.25300", "2010-09-30": "4216.11400", "2009-09-30": "4161.91200", "2008-09-30": "2977.37500", "2007-09-30": "2967.40800", "2006-09-30": "2988.32100", "2005-09-30": "2848.84100"}, "Common Stock Net": {"2020-09-30": "365.00000", "2019-09-30": "347.00000", "2018-09-30": "347.00000", "2017-09-30": "347.00000", "2016-09-30": "333.00000", "2015-09-30": "333.00000", "2014-09-30": "333.00000", "2013-09-30": "333.00000", "2012-09-30": "333.00000", "2011-09-30": "332.66200", "2010-09-30": "332.66200", "2009-09-30": "332.66200", "2008-09-30": "332.66200", "2007-09-30": "332.66200", "2006-09-30": "332.66200", "2005-09-30": "332.66200"}, "Retained Earnings (Accumulated Deficit)": {"2020-09-30": "12791.00000", "2019-09-30": "12913.00000", "2018-09-30": "12596.00000", "2017-09-30": "13111.00000", "2016-09-30": "12727.00000", "2015-09-30": "12314.00000", "2014-09-30": "12105.00000", "2013-09-30": "11342.00000", "2012-09-30": "10435.00000", "2011-09-30": "9633.58400", "2010-09-30": "8724.22800", "2009-09-30": "7752.83100", "2008-09-30": "6838.58900", "2007-09-30": "5995.78700", "2006-09-30": "5345.69700", "2005-09-30": "4805.85200"}, "Comprehensive Income": {"2020-09-30": "-2548.00000", "2019-09-30": "-2283.00000", "2018-09-30": "-1909.00000", "2017-09-30": "-1723.00000", "2016-09-30": "-1929.00000", "2015-09-30": "-1738.00000", "2014-09-30": "-1001.00000", "2013-09-30": "-516.00000", "2012-09-30": "-802.00000", "2011-09-30": "-670.00000", "2010-09-30": "-457.90900", "2009-09-30": "-372.66200", "2008-09-30": "-77.51000", "2007-09-30": "1.82800", "2006-09-30": "-28.80800", "2005-09-30": "-183.19500"}, "Other Share Holders Equity": {"2020-09-30": "", "2019-09-30": "", "2018-09-30": "", "2017-09-30": "", "2016-09-30": "", "2015-09-30": "", "2014-09-30": "", "2013-09-30": "", "2012-09-30": "", "2011-09-30": "", "2010-09-30": "", "2009-09-30": "", "2008-09-30": "", "2007-09-30": "", "2006-09-30": "", "2005-09-30": ""}, "Share Holder Equity": {"2020-09-30": "23765.00000", "2019-09-30": "21081.00000", "2018-09-30": "20994.00000", "2017-09-30": "12948.00000", "2016-09-30": "7633.00000", "2015-09-30": "7164.00000", "2014-09-30": "5053.00000", "2013-09-30": "5043.00000", "2012-09-30": "4136.00000", "2011-09-30": "4828.17500", "2010-09-30": "5434.58000", "2009-09-30": "5142.71200", "2008-09-30": "4935.56800", "2007-09-30": "4361.95700", "2006-09-30": "3836.20400", "2005-09-30": "3283.95200"}, "Total Liabilities And Share Holders Equity": {"2020-09-30": "54012.00000", "2019-09-30": "51765.00000", "2018-09-30": "53904.00000", "2017-09-30": "37734.00000", "2016-09-30": "25586.00000", "2015-09-30": "26478.00000", "2014-09-30": "12447.00000", "2013-09-30": "12149.00000", "2012-09-30": "11361.00000", "2011-09-30": "10430.43000", "2010-09-30": "9650.69400", "2009-09-30": "9304.62400", "2008-09-30": "7912.94300", "2007-09-30": "7329.36500", "2006-09-30": "6824.52500", "2005-09-30": "6132.79300"}}, "balance sheet, quarterly": {"Cash On Hand": {"2020-12-31": "3464.00000", "2020-09-30": "2937.00000", "2020-06-30": "2986.00000", "2020-03-31": "2445.00000", "2019-12-31": "617.00000", "2019-09-30": "620.00000", "2019-06-30": "606.00000", "2019-03-31": "777.00000", "2018-12-31": "1046.00000", "2018-09-30": "1253.00000", "2018-06-30": "1524.00000", "2018-03-31": "1434.00000", "2017-12-31": "1321.00000", "2017-09-30": "14200.00000", "2017-06-30": "13904.00000", "2017-03-31": "911.00000", "2016-12-31": "1283.00000", "2016-09-30": "1907.00000", "2016-06-30": "2046.00000", "2016-03-31": "2022.00000", "2015-12-31": "1629.00000", "2015-09-30": "1519.00000", "2015-06-30": "1718.00000", "2015-03-31": "2129.00000", "2014-12-31": "8784.00000", "2014-09-30": "2750.00000", "2014-06-30": "2639.00000", "2014-03-31": "2626.00000", "2013-12-31": "2513.00000", "2013-09-30": "2608.00000", "2013-06-30": "2299.20400", "2013-03-31": "2420.70500", "2012-12-31": "2512.11200", "2012-09-30": "2181.00000", "2012-06-30": "2188.45400", "2012-03-31": "2112.05900", "2011-12-31": "2693.69100", "2011-09-30": "1563.31300", "2011-06-30": "1921.32600", "2011-03-31": "1858.42000", "2010-12-31": "2247.16200", "2010-09-30": "1744.19500", "2010-06-30": "1445.23600", "2010-03-31": "1258.10200", "2009-12-31": "1458.41300", "2009-09-30": "1945.80500", "2009-06-30": "1751.96000", "2009-03-31": "730.18900", "2008-12-31": "776.78300", "2008-09-30": "1030.41900", "2008-06-30": "968.40200", "2008-03-31": "761.35500", "2007-12-31": "919.63700", "2007-09-30": "669.52200", "2007-06-30": "576.47800", "2007-03-31": "580.01200", "2006-12-31": "643.35300", "2006-09-30": "1106.67500", "2006-06-30": "817.91300", "2006-03-31": "866.28500", "2005-12-31": "1257.34800", "2005-09-30": "1129.69800", "2005-06-30": "995.87000", "2005-03-31": "878.89100"}, "Receivables": {"2020-12-31": "2370.00000", "2020-09-30": "2398.00000", "2020-06-30": "1993.00000", "2020-03-31": "2160.00000", "2019-12-31": "2074.00000", "2019-09-30": "2345.00000", "2019-06-30": "2220.00000", "2019-03-31": "2279.00000", "2018-12-31": "2216.00000", "2018-09-30": "2319.00000", "2018-06-30": "2243.00000", "2018-03-31": "2293.00000", "2017-12-31": "2000.00000", "2017-09-30": "1744.00000", "2017-06-30": "1749.00000", "2017-03-31": "1569.00000", "2016-12-31": "1518.00000", "2016-09-30": "1618.00000", "2016-06-30": "1618.00000", "2016-03-31": "1574.00000", "2015-12-31": "1513.00000", "2015-09-30": "1618.00000", "2015-06-30": "1645.00000", "2015-03-31": "1572.00000", "2014-12-31": "1031.00000", "2014-09-30": "1187.00000", "2014-06-30": "1204.00000", "2014-03-31": "1130.00000", "2013-12-31": "1113.00000", "2013-09-30": "1240.00000", "2013-06-30": "1254.59500", "2013-03-31": "1220.01400", "2012-12-31": "1167.72200", "2012-09-30": "1250.00000", "2012-06-30": "1160.34400", "2012-03-31": "1237.85000", "2011-12-31": "1139.08100", "2011-09-30": "1228.63700", "2011-06-30": "1250.19500", "2011-03-31": "1209.70000", "2010-12-31": "1093.19000", "2010-09-30": "1205.37700", "2010-06-30": "1090.09300", "2010-03-31": "1142.15500", "2009-12-31": "1075.26300", "2009-09-30": "1168.66200", "2009-06-30": "1144.94400", "2009-03-31": "1062.10600", "2008-12-31": "1072.01000", "2008-09-30": "1079.05100", "2008-06-30": "1175.25600", "2008-03-31": "1168.11900", "2007-12-31": "1020.75100", "2007-09-30": "1083.15200", "2007-06-30": "1034.04700", "2007-03-31": "974.07400", "2006-12-31": "928.72500", "2006-09-30": "885.74800", "2006-06-30": "889.22900", "2006-03-31": "864.69700", "2005-12-31": "853.93400", "2005-09-30": "842.80600", "2005-06-30": "839.23100", "2005-03-31": "885.93800"}, "Inventory": {"2020-12-31": "2814.00000", "2020-09-30": "2743.00000", "2020-06-30": "2945.00000", "2020-03-31": "2793.00000", "2019-12-31": "2760.00000", "2019-09-30": "2579.00000", "2019-06-30": "2629.00000", "2019-03-31": "2627.00000", "2018-12-31": "2522.00000", "2018-09-30": "2451.00000", "2018-06-30": "2562.00000", "2018-03-31": "2543.00000", "2017-12-31": "2967.00000", "2017-09-30": "1818.00000", "2017-06-30": "1829.00000", "2017-03-31": "1747.00000", "2016-12-31": "1692.00000", "2016-09-30": "1719.00000", "2016-06-30": "1835.00000", "2016-03-31": "1846.00000", "2015-12-31": "1985.00000", "2015-09-30": "1959.00000", "2015-06-30": "2020.00000", "2015-03-31": "2278.00000", "2014-12-31": "1512.00000", "2014-09-30": "1495.00000", "2014-06-30": "1553.00000", "2014-03-31": "1512.00000", "2013-12-31": "1467.00000", "2013-09-30": "1402.00000", "2013-06-30": "1409.10800", "2013-03-31": "1391.82500", "2012-12-31": "1359.82200", "2012-09-30": "1241.00000", "2012-06-30": "1239.11800", "2012-03-31": "1320.58000", "2011-12-31": "1261.73000", "2011-09-30": "1244.97200", "2011-06-30": "1331.10300", "2011-03-31": "1276.93100", "2010-12-31": "1195.47700", "2010-09-30": "1145.33700", "2010-06-30": "1121.64300", "2010-03-31": "1166.04400", "2009-12-31": "1163.99900", "2009-09-30": "1156.76200", "2009-06-30": "1207.00700", "2009-03-31": "1180.74000", "2008-12-31": "1170.10000", "2008-09-30": "1080.42600", "2008-06-30": "1144.41200", "2008-03-31": "1146.90100", "2007-12-31": "1079.99500", "2007-09-30": "1051.95900", "2007-06-30": "1023.34800", "2007-03-31": "975.58200", "2006-12-31": "926.59800", "2006-09-30": "875.73800", "2006-06-30": "876.38600", "2006-03-31": "842.71200", "2005-12-31": "811.40400", "2005-09-30": "775.94900", "2005-06-30": "797.36800", "2005-03-31": "807.22800"}, "Pre-Paid Expenses": {"2020-12-31": "889.00000", "2020-09-30": "891.00000", "2020-06-30": "903.00000", "2020-03-31": "1156.00000", "2019-12-31": "987.00000", "2019-09-30": "1119.00000", "2019-06-30": "1326.00000", "2019-03-31": "1161.00000", "2018-12-31": "1157.00000", "2018-09-30": "1251.00000", "2018-06-30": "1196.00000", "2018-03-31": "1241.00000", "2017-12-31": "1255.00000", "2017-09-30": "871.00000", "2017-06-30": "731.00000", "2017-03-31": "664.00000", "2016-12-31": "643.00000", "2016-09-30": "480.00000", "2016-06-30": "409.00000", "2016-03-31": "551.00000", "2015-12-31": "514.00000", "2015-09-30": "563.00000", "2015-06-30": "921.00000", "2015-03-31": "1016.00000", "2014-12-31": "784.00000", "2014-09-30": "698.00000", "2014-06-30": "649.00000", "2014-03-31": "678.00000", "2013-12-31": "650.00000", "2013-09-30": "623.00000", "2013-06-30": "471.60400", "2013-03-31": "467.45400", "2012-12-31": "437.81600", "2012-09-30": "515.00000", "2012-06-30": "565.20800", "2012-03-31": "630.09600", "2011-12-31": "599.64200", "2011-09-30": "631.40900", "2011-06-30": "570.50900", "2011-03-31": "511.57900", "2010-12-31": "415.01200", "2010-09-30": "410.34100", "2010-06-30": "385.38300", "2010-03-31": "373.19200", "2009-12-31": "359.21800", "2009-09-30": "375.72500", "2009-06-30": "356.77000", "2009-03-31": "434.76200", "2008-12-31": "446.24500", "2008-09-30": "424.77900", "2008-06-30": "360.40200", "2008-03-31": "346.22600", "2007-12-31": "324.68400", "2007-09-30": "325.93300", "2007-06-30": "327.36100", "2007-03-31": "320.93200", "2006-12-31": "326.44600", "2006-09-30": "317.09200", "2006-06-30": "240.72500", "2006-03-31": "232.91700", "2005-12-31": "223.77900", "2005-09-30": "226.86100", "2005-06-30": "256.52500", "2005-03-31": "260.75400"}, "Other Current Assets": {"2020-12-31": "", "2020-09-30": "", "2020-06-30": "", "2020-03-31": "", "2019-12-31": "", "2019-09-30": "", "2019-06-30": "", "2019-03-31": "", "2018-12-31": "", "2018-09-30": "137.00000", "2018-06-30": "", "2018-03-31": "", "2017-12-31": "", "2017-09-30": "", "2017-06-30": "", "2017-03-31": "", "2016-12-31": "50.00000", "2016-09-30": "642.00000", "2016-06-30": "625.00000", "2016-03-31": "618.00000", "2015-12-31": "", "2015-09-30": "", "2015-06-30": "", "2015-03-31": "", "2014-12-31": "", "2014-09-30": "", "2014-06-30": "", "2014-03-31": "", "2013-12-31": "", "2013-09-30": "", "2013-06-30": "", "2013-03-31": "", "2012-12-31": "", "2012-09-30": "136.00000", "2012-06-30": "131.59100", "2012-03-31": "", "2011-12-31": "", "2011-09-30": "", "2011-06-30": "", "2011-03-31": "", "2010-12-31": "", "2010-09-30": "", "2010-06-30": "80.70600", "2010-03-31": "", "2009-12-31": "", "2009-09-30": "", "2009-06-30": "30.85600", "2009-03-31": "", "2008-12-31": "", "2008-09-30": "", "2008-06-30": "", "2008-03-31": "", "2007-12-31": "", "2007-09-30": "", "2007-06-30": "", "2007-03-31": "", "2006-12-31": "", "2006-09-30": "", "2006-06-30": "", "2006-03-31": "", "2005-12-31": "", "2005-09-30": "", "2005-06-30": "56.89100", "2005-03-31": "60.36200"}, "Total Current Assets": {"2020-12-31": "9537.00000", "2020-09-30": "8969.00000", "2020-06-30": "8827.00000", "2020-03-31": "8555.00000", "2019-12-31": "6438.00000", "2019-09-30": "6664.00000", "2019-06-30": "6781.00000", "2019-03-31": "6844.00000", "2018-12-31": "6941.00000", "2018-09-30": "7411.00000", "2018-06-30": "7525.00000", "2018-03-31": "7512.00000", "2017-12-31": "7542.00000", "2017-09-30": "18633.00000", "2017-06-30": "18212.00000", "2017-03-31": "4891.00000", "2016-12-31": "5187.00000", "2016-09-30": "6367.00000", "2016-06-30": "6534.00000", "2016-03-31": "6612.00000", "2015-12-31": "5641.00000", "2015-09-30": "5659.00000", "2015-06-30": "6303.00000", "2015-03-31": "6996.00000", "2014-12-31": "12111.00000", "2014-09-30": "6131.00000", "2014-06-30": "6045.00000", "2014-03-31": "5946.00000", "2013-12-31": "5743.00000", "2013-09-30": "5873.00000", "2013-06-30": "5434.51100", "2013-03-31": "5499.99800", "2012-12-31": "5477.47200", "2012-09-30": "5322.00000", "2012-06-30": "5284.71500", "2012-03-31": "5300.58500", "2011-12-31": "5694.14400", "2011-09-30": "4668.33100", "2011-06-30": "5073.13300", "2011-03-31": "4856.63000", "2010-12-31": "4950.84100", "2010-09-30": "4505.25000", "2010-06-30": "4123.06100", "2010-03-31": "3939.49300", "2009-12-31": "4056.89300", "2009-09-30": "4646.95400", "2009-06-30": "4491.53700", "2009-03-31": "3407.79700", "2008-12-31": "3465.13800", "2008-09-30": "3614.67500", "2008-06-30": "3648.47200", "2008-03-31": "3422.60100", "2007-12-31": "3345.06700", "2007-09-30": "3130.56600", "2007-06-30": "2961.23400", "2007-03-31": "2850.60000", "2006-12-31": "2825.12200", "2006-09-30": "3185.25300", "2006-06-30": "2824.25300", "2006-03-31": "2806.61100", "2005-12-31": "3146.46500", "2005-09-30": "2975.31400", "2005-06-30": "2945.88500", "2005-03-31": "2893.17300"}, "Property, Plant, And Equipment": {"2020-12-31": "6096.00000", "2020-09-30": "5923.00000", "2020-06-30": "5841.00000", "2020-03-31": "5664.00000", "2019-12-31": "5782.00000", "2019-09-30": "5659.00000", "2019-06-30": "5550.00000", "2019-03-31": "5473.00000", "2018-12-31": "5362.00000", "2018-09-30": "5375.00000", "2018-06-30": "5321.00000", "2018-03-31": "5411.00000", "2017-12-31": "5262.00000", "2017-09-30": "4638.00000", "2017-06-30": "4410.00000", "2017-03-31": "3941.00000", "2016-12-31": "3827.00000", "2016-09-30": "3901.00000", "2016-06-30": "3813.00000", "2016-03-31": "3779.00000", "2015-12-31": "3957.00000", "2015-09-30": "4060.00000", "2015-06-30": "4047.00000", "2015-03-31": "3992.00000", "2014-12-31": "3565.00000", "2014-09-30": "3605.00000", "2014-06-30": "3551.00000", "2014-03-31": "3512.00000", "2013-12-31": "3495.00000", "2013-09-30": "3476.00000", "2013-06-30": "3351.66200", "2013-03-31": "3314.96400", "2012-12-31": "3316.77800", "2012-09-30": "3304.00000", "2012-06-30": "3149.97500", "2012-03-31": "3274.12200", "2011-12-31": "3212.31200", "2011-09-30": "3211.19700", "2011-06-30": "3217.12300", "2011-03-31": "3165.68300", "2010-12-31": "3081.85500", "2010-09-30": "3100.49200", "2010-06-30": "2887.39300", "2010-03-31": "2967.67700", "2009-12-31": "2999.42600", "2009-09-30": "2966.62900", "2009-06-30": "2782.50100", "2009-03-31": "2663.07300", "2008-12-31": "2694.81100", "2008-09-30": "2744.47400", "2008-06-30": "2741.22500", "2008-03-31": "2670.43500", "2007-12-31": "2543.99900", "2007-09-30": "2497.33800", "2007-06-30": "2334.84800", "2007-03-31": "2266.22700", "2006-12-31": "2206.13000", "2006-09-30": "2133.54800", "2006-06-30": "2015.42700", "2006-03-31": "1955.59200", "2005-12-31": "1927.47200", "2005-09-30": "1933.71800", "2005-06-30": "1872.83100", "2005-03-31": "1894.27700"}, "Long-Term Investments": {"2020-12-31": "", "2020-09-30": "", "2020-06-30": "", "2020-03-31": "", "2019-12-31": "", "2019-09-30": "", "2019-06-30": "", "2019-03-31": "", "2018-12-31": "", "2018-09-30": "", "2018-06-30": "", "2018-03-31": "", "2017-12-31": "", "2017-09-30": "", "2017-06-30": "43.00000", "2017-03-31": "817.00000", "2016-12-31": "816.00000", "2016-09-30": "796.00000", "2016-06-30": "785.00000", "2016-03-31": "826.00000", "2015-12-31": "1132.00000", "2015-09-30": "1118.00000", "2015-06-30": "1082.00000", "2015-03-31": "1044.00000", "2014-12-31": "", "2014-09-30": "9.00000", "2014-06-30": "", "2014-03-31": "", "2013-12-31": "", "2013-09-30": "", "2013-06-30": "", "2013-03-31": "", "2012-12-31": "", "2012-09-30": "", "2012-06-30": "", "2012-03-31": "", "2011-12-31": "", "2011-09-30": "", "2011-06-30": "", "2011-03-31": "", "2010-12-31": "", "2010-09-30": "", "2010-06-30": "", "2010-03-31": "", "2009-12-31": "", "2009-09-30": "", "2009-06-30": "", "2009-03-31": "", "2008-12-31": "", "2008-09-30": "", "2008-06-30": "", "2008-03-31": "", "2007-12-31": "", "2007-09-30": "", "2007-06-30": "", "2007-03-31": "", "2006-12-31": "", "2006-09-30": "", "2006-06-30": "", "2006-03-31": "", "2005-12-31": "", "2005-09-30": "", "2005-06-30": "", "2005-03-31": ""}, "Goodwill And Intangible Assets": {"2020-12-31": "37315.00000", "2020-09-30": "37433.00000", "2020-06-30": "37658.00000", "2020-03-31": "37788.00000", "2019-12-31": "38160.00000", "2019-09-30": "38354.00000", "2019-06-30": "38839.00000", "2019-03-31": "39220.00000", "2018-12-31": "39567.00000", "2018-09-30": "40041.00000", "2018-06-30": "40147.00000", "2018-03-31": "40491.00000", "2017-12-31": "41375.00000", "2017-09-30": "13456.00000", "2017-06-30": "13501.00000", "2017-03-31": "13446.00000", "2016-12-31": "13492.00000", "2016-09-30": "13700.00000", "2016-06-30": "13831.00000", "2016-03-31": "13979.00000", "2015-12-31": "14239.00000", "2015-09-30": "14561.00000", "2015-06-30": "14588.00000", "2015-03-31": "15220.00000", "2014-12-31": "1960.00000", "2014-09-30": "1850.00000", "2014-06-30": "1911.00000", "2014-03-31": "1945.00000", "2013-12-31": "1914.00000", "2013-09-30": "1943.00000", "2013-06-30": "1933.48500", "2013-03-31": "1964.02200", "2012-12-31": "1970.57300", "2012-09-30": "1889.00000", "2012-06-30": "1784.37600", "2012-03-31": "1836.50500", "2011-12-31": "1779.75400", "2011-09-30": "1789.65600", "2011-06-30": "1541.45200", "2011-03-31": "1551.39200", "2010-12-31": "1293.50500", "2010-09-30": "1302.60100", "2010-06-30": "1293.32500", "2010-03-31": "1327.42400", "2009-12-31": "1337.93900", "2009-09-30": "1028.52100", "2009-06-30": "1015.48900", "2009-03-31": "1008.50500", "2008-12-31": "1017.03600", "2008-09-30": "1063.97400", "2008-06-30": "1116.33800", "2008-03-31": "1089.39900", "2007-12-31": "1079.74900", "2007-09-30": "1092.13100", "2007-06-30": "1069.79600", "2007-03-31": "1066.20100", "2006-12-31": "1077.39100", "2006-09-30": "901.45800", "2006-06-30": "908.41700", "2006-03-31": "900.60500", "2005-12-31": "731.92000", "2005-09-30": "736.98800", "2005-06-30": "746.53200", "2005-03-31": "761.88200"}, "Other Long-Term Assets": {"2020-12-31": "1801.00000", "2020-09-30": "1687.00000", "2020-06-30": "1632.00000", "2020-03-31": "1509.00000", "2019-12-31": "1573.00000", "2019-09-30": "1088.00000", "2019-06-30": "1063.00000", "2019-03-31": "1061.00000", "2018-12-31": "1062.00000", "2018-09-30": "1078.00000", "2018-06-30": "984.00000", "2018-03-31": "1159.00000", "2017-12-31": "1184.00000", "2017-09-30": "1007.00000", "2017-06-30": "938.00000", "2017-03-31": "948.00000", "2016-12-31": "927.00000", "2016-09-30": "824.00000", "2016-06-30": "712.00000", "2016-03-31": "694.00000", "2015-12-31": "727.00000", "2015-09-30": "717.00000", "2015-06-30": "674.00000", "2015-03-31": "696.00000", "2014-12-31": "506.00000", "2014-09-30": "488.00000", "2014-06-30": "502.00000", "2014-03-31": "483.00000", "2013-12-31": "502.00000", "2013-09-30": "487.00000", "2013-06-30": "505.74500", "2013-03-31": "492.67200", "2012-12-31": "513.08700", "2012-09-30": "500.00000", "2012-06-30": "463.10300", "2012-03-31": "451.35000", "2011-12-31": "407.03200", "2011-09-30": "444.61000", "2011-06-30": "491.69200", "2011-03-31": "491.48400", "2010-12-31": "480.65500", "2010-09-30": "487.59000", "2010-06-30": "486.67100", "2010-03-31": "480.50800", "2009-12-31": "485.72600", "2009-09-30": "465.29600", "2009-06-30": "383.46900", "2009-03-31": "337.79100", "2008-12-31": "337.68100", "2008-09-30": "356.33400", "2008-06-30": "490.33400", "2008-03-31": "480.24900", "2007-12-31": "466.85100", "2007-09-30": "466.59200", "2007-06-30": "601.15000", "2007-03-31": "602.50100", "2006-12-31": "522.05900", "2006-09-30": "414.91100", "2006-06-30": "266.82600", "2006-03-31": "256.22600", "2005-12-31": "208.83500", "2005-09-30": "256.98000", "2005-06-30": "198.62100", "2005-03-31": "191.27000"}, "Total Long-Term Assets": {"2020-12-31": "45212.00000", "2020-09-30": "45043.00000", "2020-06-30": "45131.00000", "2020-03-31": "44961.00000", "2019-12-31": "45515.00000", "2019-09-30": "45101.00000", "2019-06-30": "45452.00000", "2019-03-31": "45754.00000", "2018-12-31": "45991.00000", "2018-09-30": "46494.00000", "2018-06-30": "46452.00000", "2018-03-31": "47061.00000", "2017-12-31": "47821.00000", "2017-09-30": "19101.00000", "2017-06-30": "18953.00000", "2017-03-31": "19229.00000", "2016-12-31": "19130.00000", "2016-09-30": "19221.00000", "2016-06-30": "19481.00000", "2016-03-31": "19624.00000", "2015-12-31": "20405.00000", "2015-09-30": "20818.00000", "2015-06-30": "20776.00000", "2015-03-31": "21298.00000", "2014-12-31": "6392.00000", "2014-09-30": "6317.00000", "2014-06-30": "6329.00000", "2014-03-31": "6304.00000", "2013-12-31": "6291.00000", "2013-09-30": "6277.00000", "2013-06-30": "6152.53600", "2013-03-31": "6129.92500", "2012-12-31": "6151.96500", "2012-09-30": "6039.00000", "2012-06-30": "5740.14900", "2012-03-31": "5894.80700", "2011-12-31": "5719.21900", "2011-09-30": "5762.09700", "2011-06-30": "5547.68600", "2011-03-31": "5487.59300", "2010-12-31": "5120.42900", "2010-09-30": "5145.44400", "2010-06-30": "4908.61200", "2010-03-31": "5003.89900", "2009-12-31": "5037.38300", "2009-09-30": "4657.67000", "2009-06-30": "4357.45000", "2009-03-31": "4168.03300", "2008-12-31": "4195.55500", "2008-09-30": "4298.26800", "2008-06-30": "4480.73400", "2008-03-31": "4378.65500", "2007-12-31": "4221.46700", "2007-09-30": "4198.79900", "2007-06-30": "4161.61100", "2007-03-31": "4101.22200", "2006-12-31": "3985.41900", "2006-09-30": "3639.27200", "2006-06-30": "3386.94000", "2006-03-31": "3316.16700", "2005-12-31": "3084.29100", "2005-09-30": "3157.47900", "2005-06-30": "3064.29300", "2005-03-31": "3110.29100"}, "Total Assets": {"2020-12-31": "54748.00000", "2020-09-30": "54012.00000", "2020-06-30": "53959.00000", "2020-03-31": "53516.00000", "2019-12-31": "51952.00000", "2019-09-30": "51765.00000", "2019-06-30": "52233.00000", "2019-03-31": "52598.00000", "2018-12-31": "52932.00000", "2018-09-30": "53904.00000", "2018-06-30": "53977.00000", "2018-03-31": "54573.00000", "2017-12-31": "55363.00000", "2017-09-30": "37734.00000", "2017-06-30": "37166.00000", "2017-03-31": "24121.00000", "2016-12-31": "24318.00000", "2016-09-30": "25586.00000", "2016-06-30": "26016.00000", "2016-03-31": "26236.00000", "2015-12-31": "26046.00000", "2015-09-30": "26478.00000", "2015-06-30": "27079.00000", "2015-03-31": "28293.00000", "2014-12-31": "18503.00000", "2014-09-30": "12447.00000", "2014-06-30": "12374.00000", "2014-03-31": "12250.00000", "2013-12-31": "12035.00000", "2013-09-30": "12149.00000", "2013-06-30": "11587.05000", "2013-03-31": "11629.92000", "2012-12-31": "11629.44000", "2012-09-30": "11361.00000", "2012-06-30": "11024.86000", "2012-03-31": "11195.39000", "2011-12-31": "11413.36000", "2011-09-30": "10430.43000", "2011-06-30": "10620.82000", "2011-03-31": "10344.22000", "2010-12-31": "10071.27000", "2010-09-30": "9650.69400", "2010-06-30": "9031.67300", "2010-03-31": "8943.39200", "2009-12-31": "9094.27600", "2009-09-30": "9304.62400", "2009-06-30": "8848.98700", "2009-03-31": "7575.83000", "2008-12-31": "7660.69300", "2008-09-30": "7912.94300", "2008-06-30": "8129.20600", "2008-03-31": "7801.25600", "2007-12-31": "7566.53400", "2007-09-30": "7329.36500", "2007-06-30": "7122.84500", "2007-03-31": "6951.82200", "2006-12-31": "6810.54100", "2006-09-30": "6824.52500", "2006-06-30": "6211.19300", "2006-03-31": "6122.77800", "2005-12-31": "6230.75600", "2005-09-30": "6132.79300", "2005-06-30": "6010.17800", "2005-03-31": "6003.46400"}, "Total Current Liabilities": {"2020-12-31": "7021.00000", "2020-09-30": "5836.00000", "2020-06-30": "6067.00000", "2020-03-31": "8755.00000", "2019-12-31": "6726.00000", "2019-09-30": "5655.00000", "2019-06-30": "6237.00000", "2019-03-31": "7108.00000", "2018-12-31": "7145.00000", "2018-09-30": "7216.00000", "2018-06-30": "6106.00000", "2018-03-31": "4426.00000", "2017-12-31": "4895.00000", "2017-09-30": "3342.00000", "2017-06-30": "3273.00000", "2017-03-31": "4018.00000", "2016-12-31": "4570.00000", "2016-09-30": "4400.00000", "2016-06-30": "4219.00000", "2016-03-31": "4380.00000", "2015-12-31": "4529.00000", "2015-09-30": "4381.00000", "2015-06-30": "4517.00000", "2015-03-31": "4497.00000", "2014-12-31": "2081.00000", "2014-09-30": "2235.00000", "2014-06-30": "2093.00000", "2014-03-31": "2016.00000", "2013-12-31": "1997.00000", "2013-09-30": "2130.00000", "2013-06-30": "1692.81700", "2013-03-31": "1878.03900", "2012-12-31": "2003.78200", "2012-09-30": "1978.00000", "2012-06-30": "1889.66900", "2012-03-31": "1621.48900", "2011-12-31": "1606.37400", "2011-09-30": "1823.22800", "2011-06-30": "1657.92600", "2011-03-31": "1578.91100", "2010-12-31": "1612.35300", "2010-09-30": "1671.67300", "2010-06-30": "1531.42600", "2010-03-31": "1467.46600", "2009-12-31": "1538.82700", "2009-09-30": "1777.09300", "2009-06-30": "1646.46200", "2009-03-31": "1510.68700", "2008-12-31": "1638.19600", "2008-09-30": "1416.57900", "2008-06-30": "1465.94900", "2008-03-31": "1378.90700", "2007-12-31": "1496.80600", "2007-09-30": "1478.80900", "2007-06-30": "1414.78000", "2007-03-31": "1346.87400", "2006-12-31": "1472.27000", "2006-09-30": "1576.32900", "2006-06-30": "1366.89300", "2006-03-31": "1287.29900", "2005-12-31": "1552.23600", "2005-09-30": "1299.37500", "2005-06-30": "1261.47300", "2005-03-31": "1138.96300"}, "Long Term Debt": {"2020-12-31": "16082.00000", "2020-09-30": "17224.00000", "2020-06-30": "17090.00000", "2020-03-31": "16809.00000", "2019-12-31": "16949.00000", "2019-09-30": "18081.00000", "2019-06-30": "18016.00000", "2019-03-31": "17556.00000", "2018-12-31": "17817.00000", "2018-09-30": "18894.00000", "2018-06-30": "20350.00000", "2018-03-31": "22589.00000", "2017-12-31": "22095.00000", "2017-09-30": "18667.00000", "2017-06-30": "18563.00000", "2017-03-31": "9082.00000", "2016-12-31": "9043.00000", "2016-09-30": "10550.00000", "2016-06-30": "10561.00000", "2016-03-31": "10864.00000", "2015-12-31": "10858.00000", "2015-09-30": "11370.00000", "2015-06-30": "11367.00000", "2015-03-31": "12128.00000", "2014-12-31": "9940.00000", "2014-09-30": "3768.00000", "2014-06-30": "3768.00000", "2014-03-31": "3764.00000", "2013-12-31": "3764.00000", "2013-09-30": "3763.00000", "2013-06-30": "3762.56700", "2013-03-31": "3762.07700", "2012-12-31": "3761.59200", "2012-09-30": "3761.00000", "2012-06-30": "3760.64200", "2012-03-31": "3964.14300", "2011-12-31": "3972.19400", "2011-09-30": "2484.66500", "2011-06-30": "2484.95300", "2011-03-31": "2484.16800", "2010-12-31": "2485.01900", "2010-09-30": "1495.35700", "2010-06-30": "1493.40000", "2010-03-31": "1490.26200", "2009-12-31": "1487.84400", "2009-09-30": "1488.46000", "2009-06-30": "1483.56000", "2009-03-31": "747.67000", "2008-12-31": "747.76000", "2008-09-30": "953.22600", "2008-06-30": "954.85500", "2008-03-31": "959.94900", "2007-12-31": "957.62700", "2007-09-30": "955.71300", "2007-06-30": "953.11200", "2007-03-31": "956.13500", "2006-12-31": "956.11400", "2006-09-30": "956.97100", "2006-06-30": "953.97300", "2006-03-31": "956.53900", "2005-12-31": "958.88500", "2005-09-30": "1060.83300", "2005-06-30": "1066.48500", "2005-03-31": "1051.36900"}, "Other Non-Current Liabilities": {"2020-12-31": "", "2020-09-30": "", "2020-06-30": "", "2020-03-31": "", "2019-12-31": "", "2019-09-30": "", "2019-06-30": "", "2019-03-31": "", "2018-12-31": "", "2018-09-30": "", "2018-06-30": "", "2018-03-31": "", "2017-12-31": "", "2017-09-30": "", "2017-06-30": "", "2017-03-31": "", "2016-12-31": "", "2016-09-30": "", "2016-06-30": "", "2016-03-31": "", "2015-12-31": "", "2015-09-30": "", "2015-06-30": "", "2015-03-31": "", "2014-12-31": "", "2014-09-30": "", "2014-06-30": "", "2014-03-31": "", "2013-12-31": "", "2013-09-30": "", "2013-06-30": "", "2013-03-31": "", "2012-12-31": "", "2012-09-30": "", "2012-06-30": "", "2012-03-31": "", "2011-12-31": "", "2011-09-30": "", "2011-06-30": "", "2011-03-31": "", "2010-12-31": "", "2010-09-30": "", "2010-06-30": "", "2010-03-31": "", "2009-12-31": "", "2009-09-30": "", "2009-06-30": "", "2009-03-31": "", "2008-12-31": "", "2008-09-30": "", "2008-06-30": "", "2008-03-31": "", "2007-12-31": "", "2007-09-30": "", "2007-06-30": "", "2007-03-31": "", "2006-12-31": "", "2006-09-30": "", "2006-06-30": "", "2006-03-31": "", "2005-12-31": "", "2005-09-30": "", "2005-06-30": "", "2005-03-31": ""}, "Total Long Term Liabilities": {"2020-12-31": "23065.00000", "2020-09-30": "24412.00000", "2020-06-30": "23870.00000", "2020-03-31": "23809.00000", "2019-12-31": "24024.00000", "2019-09-30": "25029.00000", "2019-06-30": "24499.00000", "2019-03-31": "24181.00000", "2018-12-31": "24384.00000", "2018-09-30": "25693.00000", "2018-06-30": "26513.00000", "2018-03-31": "28994.00000", "2017-12-31": "29220.00000", "2017-09-30": "21444.00000", "2017-06-30": "21306.00000", "2017-03-31": "12140.00000", "2016-12-31": "12164.00000", "2016-09-30": "13553.00000", "2016-06-30": "13765.00000", "2016-03-31": "14191.00000", "2015-12-31": "14294.00000", "2015-09-30": "14933.00000", "2015-06-30": "15310.00000", "2015-03-31": "16637.00000", "2014-12-31": "11355.00000", "2014-09-30": "5160.00000", "2014-06-30": "4903.00000", "2014-03-31": "4919.00000", "2013-12-31": "4960.00000", "2013-09-30": "4976.00000", "2013-06-30": "5177.71000", "2013-03-31": "5163.10200", "2012-12-31": "5156.18600", "2012-09-30": "5247.00000", "2012-06-30": "4900.69100", "2012-03-31": "5097.61500", "2011-12-31": "5079.43500", "2011-09-30": "3779.02500", "2011-06-30": "3664.49300", "2011-03-31": "3666.25100", "2010-12-31": "3580.98400", "2010-09-30": "2544.44100", "2010-06-30": "2346.37000", "2010-03-31": "2326.29200", "2009-12-31": "2295.29000", "2009-09-30": "2384.81900", "2009-06-30": "1990.62900", "2009-03-31": "1261.12000", "2008-12-31": "1255.52600", "2008-09-30": "1560.79600", "2008-06-30": "1589.14400", "2008-03-31": "1563.17300", "2007-12-31": "1545.45200", "2007-09-30": "1488.59900", "2007-06-30": "1480.17000", "2007-03-31": "1475.46000", "2006-12-31": "1407.27100", "2006-09-30": "1411.99200", "2006-06-30": "1287.82700", "2006-03-31": "1326.60400", "2005-12-31": "1273.12000", "2005-09-30": "1549.46600", "2005-06-30": "1454.66600", "2005-03-31": "1447.17000"}, "Total Liabilities": {"2020-12-31": "30085.00000", "2020-09-30": "30247.00000", "2020-06-30": "29937.00000", "2020-03-31": "32565.00000", "2019-12-31": "30750.00000", "2019-09-30": "30684.00000", "2019-06-30": "30736.00000", "2019-03-31": "31289.00000", "2018-12-31": "31528.00000", "2018-09-30": "32910.00000", "2018-06-30": "32620.00000", "2018-03-31": "33421.00000", "2017-12-31": "34116.00000", "2017-09-30": "24786.00000", "2017-06-30": "24579.00000", "2017-03-31": "16158.00000", "2016-12-31": "16735.00000", "2016-09-30": "17953.00000", "2016-06-30": "17983.00000", "2016-03-31": "18570.00000", "2015-12-31": "18823.00000", "2015-09-30": "19314.00000", "2015-06-30": "19826.00000", "2015-03-31": "21134.00000", "2014-12-31": "13435.00000", "2014-09-30": "7394.00000", "2014-06-30": "6996.00000", "2014-03-31": "6935.00000", "2013-12-31": "6957.00000", "2013-09-30": "7106.00000", "2013-06-30": "6870.52700", "2013-03-31": "7041.14100", "2012-12-31": "7159.96800", "2012-09-30": "7225.00000", "2012-06-30": "6790.36000", "2012-03-31": "6719.10400", "2011-12-31": "6685.80900", "2011-09-30": "5602.25300", "2011-06-30": "5322.41900", "2011-03-31": "5245.16200", "2010-12-31": "5193.33700", "2010-09-30": "4216.11400", "2010-06-30": "3877.79600", "2010-03-31": "3793.75800", "2009-12-31": "3834.11700", "2009-09-30": "4161.91200", "2009-06-30": "3637.09100", "2009-03-31": "2771.80700", "2008-12-31": "2893.72200", "2008-09-30": "2977.37500", "2008-06-30": "3055.09300", "2008-03-31": "2942.08000", "2007-12-31": "3042.25800", "2007-09-30": "2967.40800", "2007-06-30": "2894.95000", "2007-03-31": "2822.33400", "2006-12-31": "2879.54100", "2006-09-30": "2988.32100", "2006-06-30": "2654.72000", "2006-03-31": "2613.90300", "2005-12-31": "2825.35600", "2005-09-30": "2848.84100", "2005-06-30": "2716.13900", "2005-03-31": "2586.13300"}, "Common Stock Net": {"2020-12-31": "365.00000", "2020-09-30": "365.00000", "2020-06-30": "365.00000", "2020-03-31": "347.00000", "2019-12-31": "347.00000", "2019-09-30": "347.00000", "2019-06-30": "347.00000", "2019-03-31": "347.00000", "2018-12-31": "347.00000", "2018-09-30": "347.00000", "2018-06-30": "347.00000", "2018-03-31": "347.00000", "2017-12-31": "347.00000", "2017-09-30": "347.00000", "2017-06-30": "347.00000", "2017-03-31": "333.00000", "2016-12-31": "333.00000", "2016-09-30": "333.00000", "2016-06-30": "333.00000", "2016-03-31": "333.00000", "2015-12-31": "333.00000", "2015-09-30": "333.00000", "2015-06-30": "333.00000", "2015-03-31": "333.00000", "2014-12-31": "333.00000", "2014-09-30": "333.00000", "2014-06-30": "333.00000", "2014-03-31": "333.00000", "2013-12-31": "333.00000", "2013-09-30": "333.00000", "2013-06-30": "332.66200", "2013-03-31": "332.66200", "2012-12-31": "332.66200", "2012-09-30": "333.00000", "2012-06-30": "332.66200", "2012-03-31": "332.66200", "2011-12-31": "332.66200", "2011-09-30": "332.66200", "2011-06-30": "332.66200", "2011-03-31": "332.66200", "2010-12-31": "332.66200", "2010-09-30": "332.66200", "2010-06-30": "332.66200", "2010-03-31": "332.66200", "2009-12-31": "332.66200", "2009-09-30": "332.66200", "2009-06-30": "332.66200", "2009-03-31": "332.66200", "2008-12-31": "332.66200", "2008-09-30": "332.66200", "2008-06-30": "332.66200", "2008-03-31": "332.66200", "2007-12-31": "332.66200", "2007-09-30": "332.66200", "2007-06-30": "332.66200", "2007-03-31": "332.66200", "2006-12-31": "332.66200", "2006-09-30": "332.66200", "2006-06-30": "332.66200", "2006-03-31": "332.66200", "2005-12-31": "332.66200", "2005-09-30": "332.66200", "2005-06-30": "332.66200", "2005-03-31": "332.66200"}, "Retained Earnings (Accumulated Deficit)": {"2020-12-31": "13522.00000", "2020-09-30": "12791.00000", "2020-06-30": "12916.00000", "2020-03-31": "12868.00000", "2019-12-31": "12938.00000", "2019-09-30": "12913.00000", "2019-06-30": "12997.00000", "2019-03-31": "12792.00000", "2018-12-31": "13018.00000", "2018-09-30": "12596.00000", "2018-06-30": "12971.00000", "2018-03-31": "12616.00000", "2017-12-31": "12765.00000", "2017-09-30": "13111.00000", "2017-06-30": "12989.00000", "2017-03-31": "13321.00000", "2016-12-31": "13133.00000", "2016-09-30": "12727.00000", "2016-06-30": "12850.00000", "2016-03-31": "12600.00000", "2015-12-31": "12402.00000", "2015-09-30": "12314.00000", "2015-06-30": "12260.00000", "2015-03-31": "12324.00000", "2014-12-31": "12224.00000", "2014-09-30": "12105.00000", "2014-06-30": "11909.00000", "2014-03-31": "11689.00000", "2013-12-31": "11507.00000", "2013-09-30": "11342.00000", "2013-06-30": "11347.94000", "2013-03-31": "11142.60000", "2012-12-31": "10963.55000", "2012-09-30": "10435.00000", "2012-06-30": "10233.69000", "2012-03-31": "9998.88300", "2011-12-31": "9799.92800", "2011-09-30": "9633.58400", "2011-06-30": "9422.07400", "2011-03-31": "9168.89500", "2010-12-31": "8947.06500", "2010-09-30": "8724.22800", "2010-06-30": "8412.92400", "2010-03-31": "8192.15100", "2009-12-31": "7978.87200", "2009-09-30": "7752.83100", "2009-06-30": "7514.58500", "2009-03-31": "7252.77200", "2008-12-31": "7068.17700", "2008-09-30": "6838.58900", "2008-06-30": "6625.93100", "2008-03-31": "6398.40100", "2007-12-31": "6191.05100", "2007-09-30": "5995.78700", "2007-06-30": "5795.74400", "2007-03-31": "5610.94800", "2006-12-31": "5427.45100", "2006-09-30": "5345.69700", "2006-06-30": "5224.57100", "2006-03-31": "5071.39300", "2005-12-31": "4969.43000", "2005-09-30": "4805.85200", "2005-06-30": "4701.46700", "2005-03-31": "4557.00000"}, "Comprehensive Income": {"2020-12-31": "-2414.00000", "2020-09-30": "-2548.00000", "2020-06-30": "-2367.00000", "2020-03-31": "-2419.00000", "2019-12-31": "-2202.00000", "2019-09-30": "-2283.00000", "2019-06-30": "-1897.00000", "2019-03-31": "-1839.00000", "2018-12-31": "-1927.00000", "2018-09-30": "-1909.00000", "2018-06-30": "-1902.00000", "2018-03-31": "-1704.00000", "2017-12-31": "-1740.00000", "2017-09-30": "-1723.00000", "2017-06-30": "-1923.00000", "2017-03-31": "-2009.00000", "2016-12-31": "-2162.00000", "2016-09-30": "-1929.00000", "2016-06-30": "-1605.00000", "2016-03-31": "-1647.00000", "2015-12-31": "-1840.00000", "2015-09-30": "-1738.00000", "2015-06-30": "-1535.00000", "2015-03-31": "-1623.00000", "2014-12-31": "-1139.00000", "2014-09-30": "-1001.00000", "2014-06-30": "-457.00000", "2014-03-31": "-455.00000", "2013-12-31": "-500.00000", "2013-09-30": "-516.00000", "2013-06-30": "-864.15200", "2013-03-31": "-803.06900", "2012-12-31": "-746.49700", "2012-09-30": "-802.00000", "2012-06-30": "-705.65700", "2012-03-31": "-453.39200", "2011-12-31": "-572.55400", "2011-09-30": "-670.00000", "2011-06-30": "-198.41100", "2011-03-31": "-290.62300", "2010-12-31": "-476.97400", "2010-09-30": "-457.90900", "2010-06-30": "-598.37500", "2010-03-31": "-459.60500", "2009-12-31": "-337.82700", "2009-09-30": "-372.66200", "2009-06-30": "-220.29700", "2009-03-31": "-360.47200", "2008-12-31": "-223.81900", "2008-09-30": "-77.51000", "2008-06-30": "231.89000", "2008-03-31": "207.51000", "2007-12-31": "33.21600", "2007-09-30": "1.82800", "2007-06-30": "95.45200", "2007-03-31": "57.66400", "2006-12-31": "34.54600", "2006-09-30": "-28.80800", "2006-06-30": "-134.60000", "2006-03-31": "-187.61400", "2005-12-31": "-209.84500", "2005-09-30": "-183.19500", "2005-06-30": "-173.47700", "2005-03-31": "-50.87200"}, "Other Share Holders Equity": {"2020-12-31": "", "2020-09-30": "", "2020-06-30": "", "2020-03-31": "", "2019-12-31": "", "2019-09-30": "", "2019-06-30": "", "2019-03-31": "", "2018-12-31": "", "2018-09-30": "", "2018-06-30": "", "2018-03-31": "", "2017-12-31": "", "2017-09-30": "", "2017-06-30": "", "2017-03-31": "", "2016-12-31": "", "2016-09-30": "", "2016-06-30": "", "2016-03-31": "", "2015-12-31": "", "2015-09-30": "", "2015-06-30": "", "2015-03-31": "", "2014-12-31": "", "2014-09-30": "", "2014-06-30": "", "2014-03-31": "", "2013-12-31": "", "2013-09-30": "", "2013-06-30": "", "2013-03-31": "", "2012-12-31": "", "2012-09-30": "", "2012-06-30": "", "2012-03-31": "", "2011-12-31": "", "2011-09-30": "", "2011-06-30": "", "2011-03-31": "", "2010-12-31": "", "2010-09-30": "", "2010-06-30": "", "2010-03-31": "", "2009-12-31": "", "2009-09-30": "", "2009-06-30": "", "2009-03-31": "", "2008-12-31": "", "2008-09-30": "", "2008-06-30": "", "2008-03-31": "", "2007-12-31": "", "2007-09-30": "", "2007-06-30": "", "2007-03-31": "", "2006-12-31": "", "2006-09-30": "", "2006-06-30": "", "2006-03-31": "", "2005-12-31": "", "2005-09-30": "", "2005-06-30": "", "2005-03-31": ""}, "Share Holder Equity": {"2020-12-31": "24663.00000", "2020-09-30": "23765.00000", "2020-06-30": "24022.00000", "2020-03-31": "20951.00000", "2019-12-31": "21202.00000", "2019-09-30": "21081.00000", "2019-06-30": "21497.00000", "2019-03-31": "21309.00000", "2018-12-31": "21404.00000", "2018-09-30": "20994.00000", "2018-06-30": "21357.00000", "2018-03-31": "21152.00000", "2017-12-31": "21247.00000", "2017-09-30": "12948.00000", "2017-06-30": "12587.00000", "2017-03-31": "7963.00000", "2016-12-31": "7583.00000", "2016-09-30": "7633.00000", "2016-06-30": "8033.00000", "2016-03-31": "7666.00000", "2015-12-31": "7223.00000", "2015-09-30": "7164.00000", "2015-06-30": "7253.00000", "2015-03-31": "7159.00000", "2014-12-31": "5068.00000", "2014-09-30": "5053.00000", "2014-06-30": "5378.00000", "2014-03-31": "5315.00000", "2013-12-31": "5078.00000", "2013-09-30": "5043.00000", "2013-06-30": "4716.52000", "2013-03-31": "4588.78200", "2012-12-31": "4469.46900", "2012-09-30": "4136.00000", "2012-06-30": "4234.50400", "2012-03-31": "4476.28800", "2011-12-31": "4727.55400", "2011-09-30": "4828.17500", "2011-06-30": "5298.40000", "2011-03-31": "5099.06100", "2010-12-31": "4877.93300", "2010-09-30": "5434.58000", "2010-06-30": "5153.87700", "2010-03-31": "5149.63400", "2009-12-31": "5260.15900", "2009-09-30": "5142.71200", "2009-06-30": "5211.89600", "2009-03-31": "4804.02300", "2008-12-31": "4766.97100", "2008-09-30": "4935.56800", "2008-06-30": "5074.11300", "2008-03-31": "4859.17600", "2007-12-31": "4524.27600", "2007-09-30": "4361.95700", "2007-06-30": "4227.89500", "2007-03-31": "4129.48800", "2006-12-31": "3931.00000", "2006-09-30": "3836.20400", "2006-06-30": "3556.47300", "2006-03-31": "3508.87500", "2005-12-31": "3405.40000", "2005-09-30": "3283.95200", "2005-06-30": "3294.03900", "2005-03-31": "3417.33100"}, "Total Liabilities And Share Holders Equity": {"2020-12-31": "54748.00000", "2020-09-30": "54012.00000", "2020-06-30": "53959.00000", "2020-03-31": "53516.00000", "2019-12-31": "51952.00000", "2019-09-30": "51765.00000", "2019-06-30": "52233.00000", "2019-03-31": "52598.00000", "2018-12-31": "52932.00000", "2018-09-30": "53904.00000", "2018-06-30": "53977.00000", "2018-03-31": "54573.00000", "2017-12-31": "55363.00000", "2017-09-30": "37734.00000", "2017-06-30": "37166.00000", "2017-03-31": "24121.00000", "2016-12-31": "24318.00000", "2016-09-30": "25586.00000", "2016-06-30": "26016.00000", "2016-03-31": "26236.00000", "2015-12-31": "26046.00000", "2015-09-30": "26478.00000", "2015-06-30": "27079.00000", "2015-03-31": "28293.00000", "2014-12-31": "18503.00000", "2014-09-30": "12447.00000", "2014-06-30": "12374.00000", "2014-03-31": "12250.00000", "2013-12-31": "12035.00000", "2013-09-30": "12149.00000", "2013-06-30": "11587.05000", "2013-03-31": "11629.92000", "2012-12-31": "11629.44000", "2012-09-30": "11361.00000", "2012-06-30": "11024.86000", "2012-03-31": "11195.39000", "2011-12-31": "11413.36000", "2011-09-30": "10430.43000", "2011-06-30": "10620.82000", "2011-03-31": "10344.22000", "2010-12-31": "10071.27000", "2010-09-30": "9650.69400", "2010-06-30": "9031.67300", "2010-03-31": "8943.39200", "2009-12-31": "9094.27600", "2009-09-30": "9304.62400", "2009-06-30": "8848.98700", "2009-03-31": "7575.83000", "2008-12-31": "7660.69300", "2008-09-30": "7912.94300", "2008-06-30": "8129.20600", "2008-03-31": "7801.25600", "2007-12-31": "7566.53400", "2007-09-30": "7329.36500", "2007-06-30": "7122.84500", "2007-03-31": "6951.82200", "2006-12-31": "6810.54100", "2006-09-30": "6824.52500", "2006-06-30": "6211.19300", "2006-03-31": "6122.77800", "2005-12-31": "6230.75600", "2005-09-30": "6132.79300", "2005-06-30": "6010.17800", "2005-03-31": "6003.46400"}}, "cash flow statement": {"Net Income/Loss": {"2020-09-30": "874.00000", "2019-09-30": "1233.00000", "2018-09-30": "311.00000", "2017-09-30": "1100.00000", "2016-09-30": "976.00000", "2015-09-30": "695.00000", "2014-09-30": "1185.00000", "2013-09-30": "1293.00000", "2012-09-30": "1170.00000", "2011-09-30": "1271.00000", "2010-09-30": "1317.61000", "2009-09-30": "1231.60300", "2008-09-30": "1126.99600", "2007-09-30": "890.03300", "2006-09-30": "752.28000", "2005-09-30": "722.26300"}, "Total Depreciation And Amortization - Cash Flow": {"2020-09-30": "2154.00000", "2019-09-30": "2253.00000", "2018-09-30": "1978.00000", "2017-09-30": "1088.00000", "2016-09-30": "1114.00000", "2015-09-30": "891.00000", "2014-09-30": "562.00000", "2013-09-30": "546.00000", "2012-09-30": "511.00000", "2011-09-30": "494.00000", "2010-09-30": "491.41600", "2009-09-30": "464.60400", "2008-09-30": "471.96300", "2007-09-30": "441.10400", "2006-09-30": "402.33200", "2005-09-30": "382.66900"}, "Other Non-Cash Items": {"2020-09-30": "89.00000", "2019-09-30": "-524.00000", "2018-09-30": "-406.00000", "2017-09-30": "847.00000", "2016-09-30": "-262.00000", "2015-09-30": "-142.00000", "2014-09-30": "52.00000", "2013-09-30": "-279.00000", "2012-09-30": "13.00000", "2011-09-30": "114.00000", "2010-09-30": "-198.30400", "2009-09-30": "13.78300", "2008-09-30": "75.34800", "2007-09-30": "159.20600", "2006-09-30": "159.77200", "2005-09-30": "1.61400"}, "Total Non-Cash Items": {"2020-09-30": "2243.00000", "2019-09-30": "1729.00000", "2018-09-30": "1572.00000", "2017-09-30": "1935.00000", "2016-09-30": "852.00000", "2015-09-30": "749.00000", "2014-09-30": "614.00000", "2013-09-30": "267.00000", "2012-09-30": "524.00000", "2011-09-30": "608.00000", "2010-09-30": "293.11200", "2009-09-30": "478.38700", "2008-09-30": "547.31100", "2007-09-30": "600.31000", "2006-09-30": "562.10400", "2005-09-30": "384.28300"}, "Change In Accounts Receivable": {"2020-09-30": "-48.00000", "2019-09-30": "-51.00000", "2018-09-30": "-170.00000", "2017-09-30": "-93.00000", "2016-09-30": "-128.00000", "2015-09-30": "-2.00000", "2014-09-30": "-7.00000", "2013-09-30": "-1.00000", "2012-09-30": "-30.00000", "2011-09-30": "-27.00000", "2010-09-30": "-73.93300", "2009-09-30": "-81.53000", "2008-09-30": "-4.61000", "2007-09-30": "-112.41100", "2006-09-30": "-19.97700", "2005-09-30": "-34.33200"}, "Change In Inventories": {"2020-09-30": "-125.00000", "2019-09-30": "-149.00000", "2018-09-30": "246.00000", "2017-09-30": "-46.00000", "2016-09-30": "69.00000", "2015-09-30": "200.00000", "2014-09-30": "-189.00000", "2013-09-30": "-145.00000", "2012-09-30": "-92.00000", "2011-09-30": "-117.00000", "2010-09-30": "-116.84100", "2009-09-30": "-91.46200", "2008-09-30": "-49.36200", "2007-09-30": "-122.86300", "2006-09-30": "-99.50500", "2005-09-30": "-57.37100"}, "Change In Accounts Payable": {"2020-09-30": "205.00000", "2019-09-30": "-470.00000", "2018-09-30": "867.00000", "2017-09-30": "134.00000", "2016-09-30": "368.00000", "2015-09-30": "145.00000", "2014-09-30": "199.00000", "2013-09-30": "366.00000", "2012-09-30": "17.00000", "2011-09-30": "129.00000", "2010-09-30": "155.99500", "2009-09-30": "123.57600", "2008-09-30": "-15.65700", "2007-09-30": "103.39200", "2006-09-30": "100.63600", "2005-09-30": "107.92900"}, "Change In Assets/Liabilities": {"2020-09-30": "459.00000", "2019-09-30": "1213.00000", "2018-09-30": "-46.00000", "2017-09-30": "-366.00000", "2016-09-30": "90.00000", "2015-09-30": "-69.00000", "2014-09-30": "-120.00000", "2013-09-30": "-60.00000", "2012-09-30": "102.00000", "2011-09-30": "-239.00000", "2010-09-30": "-33.93600", "2009-09-30": "-22.05900", "2008-09-30": "-32.24500", "2007-09-30": "-25.21400", "2006-09-30": "-122.49600", "2005-09-30": "-0.89700"}, "Total Change In Assets/Liabilities": {"2020-09-30": "491.00000", "2019-09-30": "543.00000", "2018-09-30": "897.00000", "2017-09-30": "-371.00000", "2016-09-30": "399.00000", "2015-09-30": "274.00000", "2014-09-30": "-117.00000", "2013-09-30": "160.00000", "2012-09-30": "-3.00000", "2011-09-30": "-254.00000", "2010-09-30": "-68.71500", "2009-09-30": "-71.47500", "2008-09-30": "-101.87400", "2007-09-30": "-272.58500", "2006-09-30": "-249.62700", "2005-09-30": "79.09800"}, "Cash Flow From Operating Activities": {"2020-09-30": "3539.00000", "2019-09-30": "3330.00000", "2018-09-30": "2865.00000", "2017-09-30": "2550.00000", "2016-09-30": "2559.00000", "2015-09-30": "1730.00000", "2014-09-30": "1746.00000", "2013-09-30": "1717.00000", "2012-09-30": "1693.00000", "2011-09-30": "1638.00000", "2010-09-30": "1586.85900", "2009-09-30": "1658.48600", "2008-09-30": "1617.78700", "2007-09-30": "1229.94700", "2006-09-30": "1104.17300", "2005-09-30": "1220.74900"}, "Net Change In Property, Plant, And Equipment": {"2020-09-30": "-810.00000", "2019-09-30": "-957.00000", "2018-09-30": "-895.00000", "2017-09-30": "-727.00000", "2016-09-30": "-693.00000", "2015-09-30": "-596.00000", "2014-09-30": "-653.00000", "2013-09-30": "-588.00000", "2012-09-30": "-553.00000", "2011-09-30": "-599.00000", "2010-09-30": "-626.12800", "2009-09-30": "-694.78400", "2008-09-30": "-645.11690", "2007-09-30": "-578.62100", "2006-09-30": "-479.52100", "2005-09-30": "-334.76200"}, "Net Change In Intangible Assets": {"2020-09-30": "", "2019-09-30": "", "2018-09-30": "", "2017-09-30": "", "2016-09-30": "", "2015-09-30": "", "2014-09-30": "", "2013-09-30": "", "2012-09-30": "", "2011-09-30": "", "2010-09-30": "", "2009-09-30": "", "2008-09-30": "", "2007-09-30": "", "2006-09-30": "", "2005-09-30": ""}, "Net Acquisitions/Divestitures": {"2020-09-30": "-164.00000", "2019-09-30": "477.00000", "2018-09-30": "-14621.00000", "2017-09-30": "-9.00000", "2016-09-30": "158.00000", "2015-09-30": "-8414.00000", "2014-09-30": "-40.00000", "2013-09-30": "600.00000", "2012-09-30": "-103.00000", "2011-09-30": "-492.00000", "2010-09-30": "-21.37700", "2009-09-30": "51.02200", "2008-09-30": "-41.25900", "2007-09-30": "-319.55700", "2006-09-30": "-231.46400", "2005-09-30": "62.05100"}, "Net Change In Short-term Investments": {"2020-09-30": "", "2019-09-30": "", "2018-09-30": "", "2017-09-30": "", "2016-09-30": "-1.00000", "2015-09-30": "", "2014-09-30": "", "2013-09-30": "-225.00000", "2012-09-30": "-138.00000", "2011-09-30": "122.00000", "2010-09-30": "34.55000", "2009-09-30": "-338.22800", "2008-09-30": "-46.32100", "2007-09-30": "-30.16700", "2006-09-30": "-18.63300", "2005-09-30": "-43.77500"}, "Net Change In Long-Term Investments": {"2020-09-30": "", "2019-09-30": "", "2018-09-30": "", "2017-09-30": "", "2016-09-30": "", "2015-09-30": "840.00000", "2014-09-30": "-171.00000", "2013-09-30": "", "2012-09-30": "", "2011-09-30": "", "2010-09-30": "0.96300", "2009-09-30": "0.84000", "2008-09-30": "-5.66600", "2007-09-30": "-3.88100", "2006-09-30": "-9.67200", "2005-09-30": "-1.17100"}, "Net Change In Investments - Total": {"2020-09-30": "", "2019-09-30": "", "2018-09-30": "", "2017-09-30": "", "2016-09-30": "-1.00000", "2015-09-30": "840.00000", "2014-09-30": "-171.00000", "2013-09-30": "-225.00000", "2012-09-30": "-138.00000", "2011-09-30": "122.00000", "2010-09-30": "35.51300", "2009-09-30": "-337.38800", "2008-09-30": "-51.98700", "2007-09-30": "-34.04800", "2006-09-30": "-28.30500", "2005-09-30": "-44.94600"}, "Investing Activities - Other": {"2020-09-30": "-257.00000", "2019-09-30": "-261.00000", "2018-09-30": "-217.00000", "2017-09-30": "-148.00000", "2016-09-30": "-133.00000", "2015-09-30": "-147.00000", "2014-09-30": "-84.00000", "2013-09-30": "-99.00000", "2012-09-30": "-99.00000", "2011-09-30": "-64.00000", "2010-09-30": "-81.63600", "2009-09-30": "-85.90000", "2008-09-30": "-38.49100", "2007-09-30": "-85.92200", "2006-09-30": "-44.65600", "2005-09-30": "-62.56600"}, "Cash Flow From Investing Activities": {"2020-09-30": "-1232.00000", "2019-09-30": "-741.00000", "2018-09-30": "-15733.00000", "2017-09-30": "-883.00000", "2016-09-30": "-669.00000", "2015-09-30": "-8318.00000", "2014-09-30": "-948.00000", "2013-09-30": "-311.00000", "2012-09-30": "-894.00000", "2011-09-30": "-1033.00000", "2010-09-30": "-693.62800", "2009-09-30": "-1067.05000", "2008-09-30": "-776.85400", "2007-09-30": "-1018.14800", "2006-09-30": "-783.94600", "2005-09-30": "-380.22300"}, "Net Long-Term Debt": {"2020-09-30": "-1275.00000", "2019-09-30": "-2520.00000", "2018-09-30": "1090.00000", "2017-09-30": "7482.00000", "2016-09-30": "-752.00000", "2015-09-30": "6158.00000", "2014-09-30": "", "2013-09-30": "", "2012-09-30": "1446.00000", "2011-09-30": "991.00000", "2010-09-30": "-0.07600", "2009-09-30": "738.92100", "2008-09-30": "-1.11400", "2007-09-30": "-100.79000", "2006-09-30": "-0.82800", "2005-09-30": "-104.52200"}, "Net Current Debt": {"2020-09-30": "-485.00000", "2019-09-30": "485.00000", "2018-09-30": "", "2017-09-30": "-200.00000", "2016-09-30": "-500.00000", "2015-09-30": "497.00000", "2014-09-30": "-4.00000", "2013-09-30": "-199.00000", "2012-09-30": "2.00000", "2011-09-30": "34.00000", "2010-09-30": "-200.19300", "2009-09-30": "1.19600", "2008-09-30": "-5.93800", "2007-09-30": "-121.10200", "2006-09-30": "121.56300", "2005-09-30": "157.10300"}, "Debt Issuance/Retirement Net - Total": {"2020-09-30": "-1760.00000", "2019-09-30": "-2035.00000", "2018-09-30": "1090.00000", "2017-09-30": "7282.00000", "2016-09-30": "-1252.00000", "2015-09-30": "6655.00000", "2014-09-30": "-4.00000", "2013-09-30": "-199.00000", "2012-09-30": "1448.00000", "2011-09-30": "1025.00000", "2010-09-30": "-200.26900", "2009-09-30": "740.11700", "2008-09-30": "-7.05200", "2007-09-30": "-221.89200", "2006-09-30": "120.73500", "2005-09-30": "52.58100"}, "Net Common Equity Issued/Repurchased": {"2020-09-30": "2917.00000", "2019-09-30": "", "2018-09-30": "", "2017-09-30": "4607.00000", "2016-09-30": "", "2015-09-30": "", "2014-09-30": "-409.00000", "2013-09-30": "-406.00000", "2012-09-30": "-1465.00000", "2011-09-30": "-1416.00000", "2010-09-30": "-699.90700", "2009-09-30": "-517.60300", "2008-09-30": "-364.60500", "2007-09-30": "-319.44500", "2006-09-30": "-301.08600", "2005-09-30": "-426.50500"}, "Net Total Equity Issued/Repurchased": {"2020-09-30": "2917.00000", "2019-09-30": "", "2018-09-30": "", "2017-09-30": "4607.00000", "2016-09-30": "", "2015-09-30": "", "2014-09-30": "-409.00000", "2013-09-30": "-406.00000", "2012-09-30": "-1465.00000", "2011-09-30": "-1416.00000", "2010-09-30": "-699.90700", "2009-09-30": "-517.60300", "2008-09-30": "-364.60500", "2007-09-30": "-319.44500", "2006-09-30": "-301.08600", "2005-09-30": "-426.50500"}, "Total Common And Preferred Stock Dividends Paid": {"2020-09-30": "-1026.00000", "2019-09-30": "-984.00000", "2018-09-30": "-927.00000", "2017-09-30": "-677.00000", "2016-09-30": "-562.00000", "2015-09-30": "-485.00000", "2014-09-30": "-421.00000", "2013-09-30": "-386.00000", "2012-09-30": "-368.00000", "2011-09-30": "-361.00000", "2010-09-30": "-345.71300", "2009-09-30": "-316.87700", "2008-09-30": "-278.50600", "2007-09-30": "-239.81000", "2006-09-30": "-212.43100", "2005-09-30": "-182.23600"}, "Financial Activities - Other": {"2020-09-30": "-109.00000", "2019-09-30": "-205.00000", "2018-09-30": "-220.00000", "2017-09-30": "-234.00000", "2016-09-30": "54.00000", "2015-09-30": "21.00000", "2014-09-30": "27.00000", "2013-09-30": "23.00000", "2012-09-30": "15.00000", "2011-09-30": "37.00000", "2010-09-30": "23.20200", "2009-09-30": "14.66700", "2008-09-30": "64.33500", "2007-09-30": "55.11800", "2006-09-30": "50.60900", "2005-09-30": "40.59400"}, "Cash Flow From Financial Activities": {"2020-09-30": "22.00000", "2019-09-30": "-3223.00000", "2018-09-30": "-58.00000", "2017-09-30": "10977.00000", "2016-09-30": "-1761.00000", "2015-09-30": "6190.00000", "2014-09-30": "-807.00000", "2013-09-30": "-968.00000", "2012-09-30": "-370.00000", "2011-09-30": "-714.00000", "2010-09-30": "-1222.68700", "2009-09-30": "-79.69600", "2008-09-30": "-585.82800", "2007-09-30": "-726.02900", "2006-09-30": "-342.17300", "2005-09-30": "-515.56600"}, "Net Cash Flow": {"2020-09-30": "2326.00000", "2019-09-30": "-646.00000", "2018-09-30": "-12943.00000", "2017-09-30": "12638.00000", "2016-09-30": "117.00000", "2015-09-30": "-436.00000", "2014-09-30": "-29.00000", "2013-09-30": "219.00000", "2012-09-30": "496.00000", "2011-09-30": "-41.00000", "2010-09-30": "-178.25500", "2009-09-30": "563.76700", "2008-09-30": "318.99500", "2007-09-30": "-488.80700", "2006-09-30": "-42.60100", "2005-09-30": "323.51200"}, "Stock-Based Compensation": {"2020-09-30": "244.00000", "2019-09-30": "261.00000", "2018-09-30": "322.00000", "2017-09-30": "174.00000", "2016-09-30": "196.00000", "2015-09-30": "166.00000", "2014-09-30": "113.00000", "2013-09-30": "100.00000", "2012-09-30": "89.00000", "2011-09-30": "73.00000", "2010-09-30": "79.37400", "2009-09-30": "86.57400", "2008-09-30": "100.58500", "2007-09-30": "107.70600", "2006-09-30": "108.61300", "2005-09-30": "70.19900"}, "Common Stock Dividends Paid": {"2020-09-30": "-1026.00000", "2019-09-30": "-984.00000", "2018-09-30": "-927.00000", "2017-09-30": "-677.00000", "2016-09-30": "-562.00000", "2015-09-30": "-485.00000", "2014-09-30": "-421.00000", "2013-09-30": "-386.00000", "2012-09-30": "-368.00000", "2011-09-30": "-361.00000", "2010-09-30": "-345.71300", "2009-09-30": "-316.87700", "2008-09-30": "-278.50600", "2007-09-30": "-239.81000", "2006-09-30": "-212.43100", "2005-09-30": "-182.23600"}}, "cash flow statement, quarterly": {"Net Income/Loss": {"2020-12-31": "1003.00000", "2020-09-30": 128, "2020-06-30": 285, "2020-03-31": 183, "2019-12-31": "278.00000", "2019-09-30": 162, "2019-06-30": 452, "2019-03-31": 20, "2018-12-31": "599.00000", "2018-09-30": -135, "2018-06-30": 594, "2018-03-31": -12, "2017-12-31": "-136.00000", "2017-09-30": 327, "2017-06-30": -132, "2017-03-31": 343, "2016-12-31": "562.00000", "2016-09-30": 18, "2016-06-30": 391, "2016-03-31": 338, "2015-12-31": "229.00000", "2015-09-30": 181, "2015-06-30": 62, "2015-03-31": 216, "2014-12-31": "236.00000", "2014-09-30": 301, "2014-06-30": 326, "2014-03-31": 287, "2013-12-31": "271.00000", "2013-09-30": 90, "2013-06-30": 302, "2013-03-31": 276, "2012-12-31": "625.00000", "2012-09-30": 289.116, "2012-06-30": 326.865, "2012-03-31": 291.034, "2011-12-31": "262.98500", "2011-09-30": 299.985, "2011-06-30": 343.059, "2011-03-31": 312.019, "2010-12-31": "315.93700", "2010-09-30": 396.695, "2010-06-30": 306.908, "2010-03-31": 297.631, "2009-12-31": "316.37600", "2009-09-30": 317.22, "2009-06-30": 341.026, "2009-03-31": 261.289, "2008-12-31": "312.06800", "2008-09-30": 282.175, "2008-06-30": 297.089, "2008-03-31": 276.184, "2007-12-31": "271.54800", "2007-09-30": 259.812, "2007-06-30": 244.809, "2007-03-31": 242.533, "2006-12-31": "142.87900", "2006-09-30": 173.979, "2006-06-30": 206.373, "2006-03-31": 154.068, "2005-12-31": "217.86000", "2005-09-30": 149.094, "2005-06-30": 189.668, "2005-03-31": 383.501}, "Total Depreciation And Amortization - Cash Flow": {"2020-12-31": "555.00000", "2020-09-30": 553, "2020-06-30": 534, "2020-03-31": 537, "2019-12-31": "530.00000", "2019-09-30": 553, "2019-06-30": 574, "2019-03-31": 563, "2018-12-31": "563.00000", "2018-09-30": 566, "2018-06-30": 568, "2018-03-31": 553, "2017-12-31": "291.00000", "2017-09-30": 286, "2017-06-30": 279, "2017-03-31": 261, "2016-12-31": "262.00000", "2016-09-30": 273, "2016-06-30": 272, "2016-03-31": 280, "2015-12-31": "289.00000", "2015-09-30": 315, "2015-06-30": 299, "2015-03-31": 138, "2014-12-31": "139.00000", "2014-09-30": 149, "2014-06-30": 141, "2014-03-31": 130, "2013-12-31": "142.00000", "2013-09-30": 142, "2013-06-30": 139, "2013-03-31": 136, "2012-12-31": "129.00000", "2012-09-30": 127.441, "2012-06-30": 122.84, "2012-03-31": 127.793, "2011-12-31": "132.92600", "2011-09-30": 129.238, "2011-06-30": 119.365, "2011-03-31": 122.205, "2010-12-31": "123.19200", "2010-09-30": 112.847, "2010-06-30": 129.557, "2010-03-31": 125.261, "2009-12-31": "123.75100", "2009-09-30": 112.358, "2009-06-30": 118.453, "2009-03-31": 117.334, "2008-12-31": "116.45900", "2008-09-30": 119.027, "2008-06-30": 120.877, "2008-03-31": 116.847, "2007-12-31": "115.21200", "2007-09-30": 117.539, "2007-06-30": 112.537, "2007-03-31": 109.947, "2006-12-31": "101.08100", "2006-09-30": 106.125, "2006-06-30": 99.177, "2006-03-31": 97.869, "2005-12-31": "99.16100", "2005-09-30": 94.441, "2005-06-30": 95.186, "2005-03-31": 193.042}, "Other Non-Cash Items": {"2020-12-31": "43.00000", "2020-09-30": 22, "2020-06-30": 13, "2020-03-31": 19, "2019-12-31": "35.00000", "2019-09-30": -74, "2019-06-30": 44, "2019-03-31": 1, "2018-12-31": "-495.00000", "2018-09-30": 278, "2018-06-30": -475, "2018-03-31": 37, "2017-12-31": "-246.00000", "2017-09-30": 191, "2017-06-30": 497, "2017-03-31": 25, "2016-12-31": "134.00000", "2016-09-30": -333, "2016-06-30": 24, "2016-03-31": -21, "2015-12-31": "68.00000", "2015-09-30": -160, "2015-06-30": -58, "2015-03-31": 50, "2014-12-31": "26.00000", "2014-09-30": 55, "2014-06-30": -27, "2014-03-31": 24, "2013-12-31": "", "2013-09-30": 105, "2013-06-30": 2, "2013-03-31": 51, "2012-12-31": "-437.00000", "2012-09-30": 32.479, "2012-06-30": -5.836, "2012-03-31": 10.834, "2011-12-31": "-24.47700", "2011-09-30": 8.675, "2011-06-30": -6.297, "2011-03-31": 62.16, "2010-12-31": "49.46200", "2010-09-30": -117.819, "2010-06-30": 17.14, "2010-03-31": 36.222, "2009-12-31": "-133.84700", "2009-09-30": 39.421, "2009-06-30": 6.373, "2009-03-31": 29.644, "2008-12-31": "-61.65500", "2008-09-30": 2.922, "2008-06-30": 27.158, "2008-03-31": 24.657, "2007-12-31": "20.61100", "2007-09-30": 62.824, "2007-06-30": 38.369, "2007-03-31": 15.921, "2006-12-31": "42.09200", "2006-09-30": 177.993, "2006-06-30": -25.301, "2006-03-31": 104.441, "2005-12-31": "-97.36100", "2005-09-30": 36.372, "2005-06-30": 1.858, "2005-03-31": -36.616}, "Total Non-Cash Items": {"2020-12-31": "598.00000", "2020-09-30": 575, "2020-06-30": 547, "2020-03-31": 556, "2019-12-31": "565.00000", "2019-09-30": 479, "2019-06-30": 618, "2019-03-31": 564, "2018-12-31": "68.00000", "2018-09-30": 844, "2018-06-30": 93, "2018-03-31": 590, "2017-12-31": "45.00000", "2017-09-30": 477, "2017-06-30": 776, "2017-03-31": 286, "2016-12-31": "396.00000", "2016-09-30": -60, "2016-06-30": 296, "2016-03-31": 259, "2015-12-31": "357.00000", "2015-09-30": 155, "2015-06-30": 241, "2015-03-31": 188, "2014-12-31": "165.00000", "2014-09-30": 204, "2014-06-30": 114, "2014-03-31": 154, "2013-12-31": "142.00000", "2013-09-30": 247, "2013-06-30": 141, "2013-03-31": 187, "2012-12-31": "-308.00000", "2012-09-30": 159.92, "2012-06-30": 117.004, "2012-03-31": 138.627, "2011-12-31": "108.44900", "2011-09-30": 137.913, "2011-06-30": 113.068, "2011-03-31": 184.365, "2010-12-31": "172.65400", "2010-09-30": -4.972, "2010-06-30": 146.697, "2010-03-31": 161.483, "2009-12-31": "-10.09600", "2009-09-30": 151.779, "2009-06-30": 124.826, "2009-03-31": 146.978, "2008-12-31": "54.80400", "2008-09-30": 121.949, "2008-06-30": 148.035, "2008-03-31": 141.504, "2007-12-31": "135.82300", "2007-09-30": 180.363, "2007-06-30": 150.906, "2007-03-31": 125.868, "2006-12-31": "143.17300", "2006-09-30": 284.118, "2006-06-30": 73.876, "2006-03-31": 202.31, "2005-12-31": "1.80000", "2005-09-30": 130.813, "2005-06-30": 97.044, "2005-03-31": 156.426}, "Change In Accounts Receivable": {"2020-12-31": "", "2020-09-30": -48, "2020-06-30": 0, "2020-03-31": 0, "2019-12-31": "", "2019-09-30": -51, "2019-06-30": 0, "2019-03-31": 0, "2018-12-31": "", "2018-09-30": -170, "2018-06-30": 0, "2018-03-31": 0, "2017-12-31": "", "2017-09-30": -93, "2017-06-30": 0, "2017-03-31": 0, "2016-12-31": "", "2016-09-30": -128, "2016-06-30": 0, "2016-03-31": 0, "2015-12-31": "", "2015-09-30": -2, "2015-06-30": 0, "2015-03-31": 0, "2014-12-31": "", "2014-09-30": -7, "2014-06-30": 0, "2014-03-31": 0, "2013-12-31": "", "2013-09-30": -1, "2013-06-30": 0, "2013-03-31": 0, "2012-12-31": "", "2012-09-30": -30, "2012-06-30": 0, "2012-03-31": 0, "2011-12-31": "", "2011-09-30": -27, "2011-06-30": 0, "2011-03-31": 0, "2010-12-31": "", "2010-09-30": -73.933, "2010-06-30": 0, "2010-03-31": 0, "2009-12-31": "", "2009-09-30": -81.53, "2009-06-30": 0, "2009-03-31": 0, "2008-12-31": "", "2008-09-30": -4.61, "2008-06-30": 0, "2008-03-31": 0, "2007-12-31": "", "2007-09-30": -112.411, "2007-06-30": 0, "2007-03-31": 0, "2006-12-31": "", "2006-09-30": -19.977, "2006-06-30": 0, "2006-03-31": 0, "2005-12-31": "", "2005-09-30": -34.332, "2005-06-30": 0, "2005-03-31": 0}, "Change In Inventories": {"2020-12-31": "", "2020-09-30": -125, "2020-06-30": 0, "2020-03-31": 0, "2019-12-31": "", "2019-09-30": -149, "2019-06-30": 0, "2019-03-31": 0, "2018-12-31": "", "2018-09-30": 246, "2018-06-30": 0, "2018-03-31": 0, "2017-12-31": "", "2017-09-30": -46, "2017-06-30": 0, "2017-03-31": 0, "2016-12-31": "", "2016-09-30": 69, "2016-06-30": 0, "2016-03-31": 0, "2015-12-31": "", "2015-09-30": 200, "2015-06-30": 0, "2015-03-31": 0, "2014-12-31": "", "2014-09-30": -189, "2014-06-30": 0, "2014-03-31": 0, "2013-12-31": "", "2013-09-30": -145, "2013-06-30": 0, "2013-03-31": 0, "2012-12-31": "", "2012-09-30": -92, "2012-06-30": 0, "2012-03-31": 0, "2011-12-31": "", "2011-09-30": -117, "2011-06-30": 0, "2011-03-31": 0, "2010-12-31": "", "2010-09-30": -116.841, "2010-06-30": 0, "2010-03-31": 0, "2009-12-31": "", "2009-09-30": -91.462, "2009-06-30": 0, "2009-03-31": 0, "2008-12-31": "", "2008-09-30": -49.362, "2008-06-30": 0, "2008-03-31": 0, "2007-12-31": "", "2007-09-30": -122.863, "2007-06-30": 0, "2007-03-31": 0, "2006-12-31": "", "2006-09-30": -99.505, "2006-06-30": 0, "2006-03-31": 0, "2005-12-31": "", "2005-09-30": -57.371, "2005-06-30": 0, "2005-03-31": 0}, "Change In Accounts Payable": {"2020-12-31": "", "2020-09-30": 205, "2020-06-30": 0, "2020-03-31": 0, "2019-12-31": "", "2019-09-30": -470, "2019-06-30": 0, "2019-03-31": 0, "2018-12-31": "", "2018-09-30": 867, "2018-06-30": 0, "2018-03-31": 0, "2017-12-31": "", "2017-09-30": 134, "2017-06-30": 0, "2017-03-31": 0, "2016-12-31": "", "2016-09-30": 368, "2016-06-30": 0, "2016-03-31": 0, "2015-12-31": "", "2015-09-30": 145, "2015-06-30": 0, "2015-03-31": 0, "2014-12-31": "", "2014-09-30": 199, "2014-06-30": 0, "2014-03-31": 0, "2013-12-31": "", "2013-09-30": 366, "2013-06-30": 0, "2013-03-31": 0, "2012-12-31": "", "2012-09-30": 17, "2012-06-30": 0, "2012-03-31": 0, "2011-12-31": "", "2011-09-30": 129, "2011-06-30": 0, "2011-03-31": 0, "2010-12-31": "", "2010-09-30": 155.995, "2010-06-30": 0, "2010-03-31": 0, "2009-12-31": "", "2009-09-30": 123.576, "2009-06-30": 0, "2009-03-31": 0, "2008-12-31": "", "2008-09-30": -15.657, "2008-06-30": 0, "2008-03-31": 0, "2007-12-31": "", "2007-09-30": 103.392, "2007-06-30": 0, "2007-03-31": 0, "2006-12-31": "", "2006-09-30": 100.636, "2006-06-30": 0, "2006-03-31": 0, "2005-12-31": "", "2005-09-30": 107.929, "2005-06-30": 0, "2005-03-31": 0}, "Change In Assets/Liabilities": {"2020-12-31": "24.00000", "2020-09-30": 707, "2020-06-30": 10, "2020-03-31": -360, "2019-12-31": "102.00000", "2019-09-30": 1543, "2019-06-30": -130, "2019-03-31": 273, "2018-12-31": "-473.00000", "2018-09-30": -476, "2018-06-30": -272, "2018-03-31": 293, "2017-12-31": "409.00000", "2017-09-30": 299, "2017-06-30": -191, "2017-03-31": 32, "2016-12-31": "-506.00000", "2016-09-30": 139, "2016-06-30": 145, "2016-03-31": 43, "2015-12-31": "-237.00000", "2015-09-30": -27, "2015-06-30": 213, "2015-03-31": -146, "2014-12-31": "-109.00000", "2014-09-30": -6, "2014-06-30": -1, "2014-03-31": -38, "2013-12-31": "-75.00000", "2013-09-30": 169, "2013-06-30": 35, "2013-03-31": -161, "2012-12-31": "-103.00000", "2012-09-30": 219.819, "2012-06-30": 114.361, "2012-03-31": -151.99, "2011-12-31": "-80.19000", "2011-09-30": 77.277, "2011-06-30": -31.209, "2011-03-31": -256.438, "2010-12-31": "-28.63000", "2010-09-30": 99.132, "2010-06-30": 21.338, "2010-03-31": -232.982, "2009-12-31": "78.57600", "2009-09-30": 192.91, "2009-06-30": 56.632, "2009-03-31": -170.185, "2008-12-31": "-101.41600", "2008-09-30": 52.497, "2008-06-30": 73.518, "2008-03-31": -211.048, "2007-12-31": "52.78800", "2007-09-30": 167.418, "2007-06-30": -37.669, "2007-03-31": -131.384, "2006-12-31": "-23.57900", "2006-09-30": 77.747, "2006-06-30": 16.531, "2006-03-31": -156.079, "2005-12-31": "-60.69500", "2005-09-30": 47.763, "2005-06-30": 33.918, "2005-03-31": -82.578}, "Total Change In Assets/Liabilities": {"2020-12-31": "24.00000", "2020-09-30": 739, "2020-06-30": 10, "2020-03-31": -360, "2019-12-31": "102.00000", "2019-09-30": 873, "2019-06-30": -130, "2019-03-31": 273, "2018-12-31": "-473.00000", "2018-09-30": 467, "2018-06-30": -272, "2018-03-31": 293, "2017-12-31": "409.00000", "2017-09-30": 294, "2017-06-30": -191, "2017-03-31": 32, "2016-12-31": "-506.00000", "2016-09-30": 448, "2016-06-30": 145, "2016-03-31": 43, "2015-12-31": "-237.00000", "2015-09-30": 316, "2015-06-30": 213, "2015-03-31": -146, "2014-12-31": "-109.00000", "2014-09-30": -3, "2014-06-30": -1, "2014-03-31": -38, "2013-12-31": "-75.00000", "2013-09-30": 389, "2013-06-30": 35, "2013-03-31": -161, "2012-12-31": "-103.00000", "2012-09-30": 114.819, "2012-06-30": 114.361, "2012-03-31": -151.99, "2011-12-31": "-80.19000", "2011-09-30": 62.277, "2011-06-30": -31.209, "2011-03-31": -256.438, "2010-12-31": "-28.63000", "2010-09-30": 64.353, "2010-06-30": 21.338, "2010-03-31": -232.982, "2009-12-31": "78.57600", "2009-09-30": 143.494, "2009-06-30": 56.632, "2009-03-31": -170.185, "2008-12-31": "-101.41600", "2008-09-30": -17.132, "2008-06-30": 73.518, "2008-03-31": -211.048, "2007-12-31": "52.78800", "2007-09-30": -79.953, "2007-06-30": -37.669, "2007-03-31": -131.384, "2006-12-31": "-23.57900", "2006-09-30": -49.384, "2006-06-30": 16.531, "2006-03-31": -156.079, "2005-12-31": "-60.69500", "2005-09-30": 127.758, "2005-06-30": 33.918, "2005-03-31": -82.578}, "Cash Flow From Operating Activities": {"2020-12-31": "1533.00000", "2020-09-30": 1481, "2020-06-30": 862, "2020-03-31": 483, "2019-12-31": "713.00000", "2019-09-30": 1371, "2019-06-30": 932, "2019-03-31": 782, "2018-12-31": "245.00000", "2018-09-30": 1306, "2018-06-30": 542, "2018-03-31": 697, "2017-12-31": "320.00000", "2017-09-30": 1126, "2017-06-30": 384, "2017-03-31": 725, "2016-12-31": "315.00000", "2016-09-30": 705, "2016-06-30": 834, "2016-03-31": 557, "2015-12-31": "463.00000", "2015-09-30": 678, "2015-06-30": 538, "2015-03-31": 228, "2014-12-31": "286.00000", "2014-09-30": 539, "2014-06-30": 439, "2014-03-31": 413, "2013-12-31": "355.00000", "2013-09-30": 728, "2013-06-30": 446, "2013-03-31": 317, "2012-12-31": "226.00000", "2012-09-30": 557.064, "2012-06-30": 561.523, "2012-03-31": 276.851, "2011-12-31": "297.56200", "2011-09-30": 520.164, "2011-06-30": 410.948, "2011-03-31": 237.145, "2010-12-31": "469.74300", "2010-09-30": 472.688, "2010-06-30": 466.66, "2010-03-31": 276.353, "2009-12-31": "371.15800", "2009-09-30": 610.338, "2009-06-30": 525.604, "2009-03-31": 257.04, "2008-12-31": "265.50400", "2008-09-30": 412.483, "2008-06-30": 519.02, "2008-03-31": 213.152, "2007-12-31": "473.13200", "2007-09-30": 355.04, "2007-06-30": 363.36, "2007-03-31": 235.475, "2006-12-31": "276.07200", "2006-09-30": 421.742, "2006-06-30": 298.217, "2006-03-31": 210.992, "2005-12-31": "173.22200", "2005-09-30": 428.482, "2005-06-30": 329.768, "2005-03-31": 462.499}, "Net Change In Property, Plant, And Equipment": {"2020-12-31": "-246.00000", "2020-09-30": -213, "2020-06-30": -202, "2020-03-31": -222, "2019-12-31": "-173.00000", "2019-09-30": -358, "2019-06-30": -237, "2019-03-31": -195, "2018-12-31": "-167.00000", "2018-09-30": -307, "2018-06-30": -197, "2018-03-31": -213, "2017-12-31": "-178.00000", "2017-09-30": -260, "2017-06-30": -195, "2017-03-31": -160, "2016-12-31": "-112.00000", "2016-09-30": -288, "2016-06-30": -147, "2016-03-31": -124, "2015-12-31": "-134.00000", "2015-09-30": -183, "2015-06-30": -144, "2015-03-31": -155, "2014-12-31": "-114.00000", "2014-09-30": -273, "2014-06-30": -135, "2014-03-31": -127, "2013-12-31": "-118.00000", "2013-09-30": -200, "2013-06-30": -159, "2013-03-31": -134, "2012-12-31": "-95.00000", "2012-09-30": -188.294, "2012-06-30": -123.354, "2012-03-31": -126.436, "2011-12-31": "-114.91600", "2011-09-30": -223.418, "2011-06-30": -148.174, "2011-03-31": -129.9, "2010-12-31": "-97.50800", "2010-09-30": -221.043, "2010-06-30": -126.878, "2010-03-31": -141.914, "2009-12-31": "-136.29300", "2009-09-30": -259.533, "2009-06-30": -160.976, "2009-03-31": -153.841, "2008-12-31": "-120.43400", "2008-09-30": -195.9829, "2008-06-30": -159.67, "2008-03-31": -164.148, "2007-12-31": "-125.31600", "2007-09-30": -196.607, "2007-06-30": -136.579, "2007-03-31": -129.451, "2006-12-31": "-115.98400", "2006-09-30": -204.712, "2006-06-30": -114.795, "2006-03-31": -92.387, "2005-12-31": "-67.62700", "2005-09-30": -144.618, "2005-06-30": -71.533, "2005-03-31": -118.611}, "Net Change In Intangible Assets": {"2020-12-31": "", "2020-09-30": 0, "2020-06-30": 0, "2020-03-31": 0, "2019-12-31": "", "2019-09-30": 0, "2019-06-30": 0, "2019-03-31": 0, "2018-12-31": "", "2018-09-30": 0, "2018-06-30": 0, "2018-03-31": 0, "2017-12-31": "", "2017-09-30": 0, "2017-06-30": 0, "2017-03-31": 0, "2016-12-31": "", "2016-09-30": 0, "2016-06-30": 0, "2016-03-31": 0, "2015-12-31": "", "2015-09-30": 0, "2015-06-30": 0, "2015-03-31": 0, "2014-12-31": "", "2014-09-30": 0, "2014-06-30": 0, "2014-03-31": 0, "2013-12-31": "", "2013-09-30": 0, "2013-06-30": 0, "2013-03-31": 0, "2012-12-31": "", "2012-09-30": 0, "2012-06-30": 0, "2012-03-31": 0, "2011-12-31": "", "2011-09-30": 0, "2011-06-30": 0, "2011-03-31": 0, "2010-12-31": "", "2010-09-30": 0, "2010-06-30": 0, "2010-03-31": 0, "2009-12-31": "", "2009-09-30": 0, "2009-06-30": 0, "2009-03-31": 0, "2008-12-31": "", "2008-09-30": 0, "2008-06-30": 0, "2008-03-31": 0, "2007-12-31": "", "2007-09-30": 0, "2007-06-30": 0, "2007-03-31": 0, "2006-12-31": "", "2006-09-30": 0, "2006-06-30": 0, "2006-03-31": 0, "2005-12-31": "", "2005-09-30": 0, "2005-06-30": 0, "2005-03-31": 0}, "Net Acquisitions/Divestitures": {"2020-12-31": "-67.00000", "2020-09-30": -25, "2020-06-30": -139, "2020-03-31": 0, "2019-12-31": "", "2019-09-30": 0, "2019-06-30": 0, "2019-03-31": 1, "2018-12-31": "476.00000", "2018-09-30": -157, "2018-06-30": 442, "2018-03-31": -6, "2017-12-31": "-14900.00000", "2017-09-30": -16, "2017-06-30": -118, "2017-03-31": -42, "2016-12-31": "167.00000", "2016-09-30": 0, "2016-06-30": 47, "2016-03-31": 111, "2015-12-31": "", "2015-09-30": -80, "2015-06-30": -27, "2015-03-31": -8201, "2014-12-31": "-106.00000", "2014-09-30": 0, "2014-06-30": 0, "2014-03-31": -40, "2013-12-31": "", "2013-09-30": 0, "2013-06-30": 18, "2013-03-31": -15, "2012-12-31": "597.00000", "2012-09-30": -52.109, "2012-06-30": 0, "2012-03-31": -50.891, "2011-12-31": "", "2011-09-30": -287.03, "2011-06-30": 0, "2011-03-31": -204.97, "2010-12-31": "", "2010-09-30": 259.99, "2010-06-30": 0, "2010-03-31": -6.611, "2009-12-31": "-274.75600", "2009-09-30": 51.022, "2009-06-30": 0, "2009-03-31": 0, "2008-12-31": "", "2008-09-30": 0.135, "2008-06-30": -41.394, "2008-03-31": 0, "2007-12-31": "", "2007-09-30": 0, "2007-06-30": 0, "2007-03-31": 0, "2006-12-31": "-319.55700", "2006-09-30": -0.413, "2006-06-30": -0.618, "2006-03-31": -230.433, "2005-12-31": "", "2005-09-30": 62.051, "2005-06-30": 0, "2005-03-31": 0}, "Net Change In Short-term Investments": {"2020-12-31": "", "2020-09-30": 0, "2020-06-30": 0, "2020-03-31": 0, "2019-12-31": "", "2019-09-30": 0, "2019-06-30": 0, "2019-03-31": 0, "2018-12-31": "", "2018-09-30": 0, "2018-06-30": 0, "2018-03-31": 63, "2017-12-31": "-63.00000", "2017-09-30": -17, "2017-06-30": -9, "2017-03-31": 10, "2016-12-31": "16.00000", "2016-09-30": -13, "2016-06-30": 2, "2016-03-31": -4, "2015-12-31": "14.00000", "2015-09-30": -837, "2015-06-30": 24, "2015-03-31": 195, "2014-12-31": "618.00000", "2014-09-30": 0, "2014-06-30": 173, "2014-03-31": -48, "2013-12-31": "-125.00000", "2013-09-30": -225, "2013-06-30": 0, "2013-03-31": 0, "2012-12-31": "", "2012-09-30": -138, "2012-06-30": 0, "2012-03-31": 0, "2011-12-31": "", "2011-09-30": 122, "2011-06-30": 0, "2011-03-31": 0, "2010-12-31": "", "2010-09-30": 34.55, "2010-06-30": 0, "2010-03-31": 0, "2009-12-31": "", "2009-09-30": -338.228, "2009-06-30": 0, "2009-03-31": 0, "2008-12-31": "", "2008-09-30": -46.321, "2008-06-30": 0, "2008-03-31": 0, "2007-12-31": "", "2007-09-30": -30.167, "2007-06-30": 0, "2007-03-31": 0, "2006-12-31": "", "2006-09-30": -18.633, "2006-06-30": 0, "2006-03-31": 0, "2005-12-31": "", "2005-09-30": -43.775, "2005-06-30": 0, "2005-03-31": 0}, "Net Change In Long-Term Investments": {"2020-12-31": "", "2020-09-30": 0, "2020-06-30": 0, "2020-03-31": 0, "2019-12-31": "", "2019-09-30": 0, "2019-06-30": 0, "2019-03-31": 0, "2018-12-31": "", "2018-09-30": -13, "2018-06-30": 6, "2018-03-31": 7, "2017-12-31": "", "2017-09-30": 0, "2017-06-30": 0, "2017-03-31": 0, "2016-12-31": "", "2016-09-30": 0, "2016-06-30": 0, "2016-03-31": 0, "2015-12-31": "", "2015-09-30": 840, "2015-06-30": 0, "2015-03-31": 0, "2014-12-31": "", "2014-09-30": 73, "2014-06-30": -244, "2014-03-31": 0, "2013-12-31": "", "2013-09-30": -157, "2013-06-30": 41, "2013-03-31": 202, "2012-12-31": "-86.00000", "2012-09-30": 158.074, "2012-06-30": -280.339, "2012-03-31": 232.247, "2011-12-31": "-109.98200", "2011-09-30": 204.981, "2011-06-30": 361.707, "2011-03-31": -102.673, "2010-12-31": "-464.01500", "2010-09-30": 147.842, "2010-06-30": -270.512, "2010-03-31": -155.96, "2009-12-31": "279.59300", "2009-09-30": 223.904, "2009-06-30": -206.832, "2009-03-31": -7.407, "2008-12-31": "-8.82500", "2008-09-30": 44.504, "2008-06-30": -18.716, "2008-03-31": -26.702, "2007-12-31": "-4.75200", "2007-09-30": 7.101, "2007-06-30": 46.021, "2007-03-31": -55.416, "2006-12-31": "-1.58700", "2006-09-30": 3.922, "2006-06-30": -8.424, "2006-03-31": 2.498, "2005-12-31": "-7.66800", "2005-09-30": 39.724, "2005-06-30": -21.777, "2005-03-31": -19.118}, "Net Change In Investments - Total": {"2020-12-31": "", "2020-09-30": 0, "2020-06-30": 0, "2020-03-31": 0, "2019-12-31": "", "2019-09-30": 0, "2019-06-30": 0, "2019-03-31": 0, "2018-12-31": "", "2018-09-30": -13, "2018-06-30": 6, "2018-03-31": 70, "2017-12-31": "-63.00000", "2017-09-30": -17, "2017-06-30": -9, "2017-03-31": 10, "2016-12-31": "16.00000", "2016-09-30": -13, "2016-06-30": 2, "2016-03-31": -4, "2015-12-31": "14.00000", "2015-09-30": 3, "2015-06-30": 24, "2015-03-31": 195, "2014-12-31": "618.00000", "2014-09-30": 73, "2014-06-30": -71, "2014-03-31": -48, "2013-12-31": "-125.00000", "2013-09-30": -382, "2013-06-30": 41, "2013-03-31": 202, "2012-12-31": "-86.00000", "2012-09-30": 20.074, "2012-06-30": -280.339, "2012-03-31": 232.247, "2011-12-31": "-109.98200", "2011-09-30": 326.981, "2011-06-30": 361.707, "2011-03-31": -102.673, "2010-12-31": "-464.01500", "2010-09-30": 182.392, "2010-06-30": -270.512, "2010-03-31": -155.96, "2009-12-31": "279.59300", "2009-09-30": -114.324, "2009-06-30": -206.832, "2009-03-31": -7.407, "2008-12-31": "-8.82500", "2008-09-30": -1.817, "2008-06-30": -18.716, "2008-03-31": -26.702, "2007-12-31": "-4.75200", "2007-09-30": -23.066, "2007-06-30": 46.021, "2007-03-31": -55.416, "2006-12-31": "-1.58700", "2006-09-30": -14.711, "2006-06-30": -8.424, "2006-03-31": 2.498, "2005-12-31": "-7.66800", "2005-09-30": -4.051, "2005-06-30": -21.777, "2005-03-31": -19.118}, "Investing Activities - Other": {"2020-12-31": "-116.00000", "2020-09-30": -88, "2020-06-30": -22, "2020-03-31": -33, "2019-12-31": "-114.00000", "2019-09-30": -83, "2019-06-30": -93, "2019-03-31": -76, "2018-12-31": "-9.00000", "2018-09-30": -84, "2018-06-30": -49, "2018-03-31": -22, "2017-12-31": "-62.00000", "2017-09-30": -54, "2017-06-30": -60, "2017-03-31": -11, "2016-12-31": "-23.00000", "2016-09-30": -50, "2016-06-30": -50, "2016-03-31": -8, "2015-12-31": "-25.00000", "2015-09-30": -55, "2015-06-30": -26, "2015-03-31": -36, "2014-12-31": "-30.00000", "2014-09-30": -18, "2014-06-30": -25, "2014-03-31": -16, "2013-12-31": "-25.00000", "2013-09-30": -27, "2013-06-30": -19, "2013-03-31": -28, "2012-12-31": "-25.00000", "2012-09-30": -28.46, "2012-06-30": -17.67, "2012-03-31": -27.094, "2011-12-31": "-25.77600", "2011-09-30": -22.241, "2011-06-30": -16.829, "2011-03-31": -19.103, "2010-12-31": "-5.82700", "2010-09-30": -38.712, "2010-06-30": -8.333, "2010-03-31": -24.986, "2009-12-31": "-9.60500", "2009-09-30": -30.266, "2009-06-30": -26.629, "2009-03-31": -29.258, "2008-12-31": "0.25300", "2008-09-30": -8.828, "2008-06-30": -13.289, "2008-03-31": -7.712, "2007-12-31": "-8.66200", "2007-09-30": -17.537, "2007-06-30": -31.097, "2007-03-31": -24.873, "2006-12-31": "-12.41500", "2006-09-30": -6.022, "2006-06-30": -5.003, "2006-03-31": -19.636, "2005-12-31": "-13.99500", "2005-09-30": -2.83, "2005-06-30": -38.887, "2005-03-31": -20.849}, "Cash Flow From Investing Activities": {"2020-12-31": "-430.00000", "2020-09-30": -327, "2020-06-30": -363, "2020-03-31": -255, "2019-12-31": "-287.00000", "2019-09-30": -441, "2019-06-30": -330, "2019-03-31": -269, "2018-12-31": "299.00000", "2018-09-30": -560, "2018-06-30": 200, "2018-03-31": -170, "2017-12-31": "-15203.00000", "2017-09-30": -347, "2017-06-30": -381, "2017-03-31": -203, "2016-12-31": "48.00000", "2016-09-30": -351, "2016-06-30": -148, "2016-03-31": -25, "2015-12-31": "-145.00000", "2015-09-30": -315, "2015-06-30": -174, "2015-03-31": -8197, "2014-12-31": "368.00000", "2014-09-30": -218, "2014-06-30": -232, "2014-03-31": -231, "2013-12-31": "-267.00000", "2013-09-30": -607, "2013-06-30": -119, "2013-03-31": 24, "2012-12-31": "391.00000", "2012-09-30": -249.789, "2012-06-30": -421.363, "2012-03-31": 27.826, "2011-12-31": "-250.67400", "2011-09-30": -205.708, "2011-06-30": 196.704, "2011-03-31": -456.646, "2010-12-31": "-567.35000", "2010-09-30": 182.627, "2010-06-30": -405.723, "2010-03-31": -329.471, "2009-12-31": "-141.06100", "2009-09-30": -353.101, "2009-06-30": -394.437, "2009-03-31": -190.506, "2008-12-31": "-129.00600", "2008-09-30": -206.493, "2008-06-30": -233.069, "2008-03-31": -198.562, "2007-12-31": "-138.73000", "2007-09-30": -237.21, "2007-06-30": -121.655, "2007-03-31": -209.74, "2006-12-31": "-449.54300", "2006-09-30": -225.858, "2006-06-30": -128.84, "2006-03-31": -339.958, "2005-12-31": "-89.29000", "2005-09-30": -89.448, "2005-06-30": -132.197, "2005-03-31": -158.578}, "Net Long-Term Debt": {"2020-12-31": "-267.00000", "2020-09-30": -953, "2020-06-30": -1917, "2020-03-31": 1898, "2019-12-31": "-303.00000", "2019-09-30": -862, "2019-06-30": -753, "2019-03-31": -452, "2018-12-31": "-453.00000", "2018-09-30": -522, "2018-06-30": -177, "2018-03-31": -461, "2017-12-31": "2250.00000", "2017-09-30": 0, "2017-06-30": 8617, "2017-03-31": 0, "2016-12-31": "-1135.00000", "2016-09-30": -1, "2016-06-30": -750, "2016-03-31": -1, "2015-12-31": "", "2015-09-30": -3, "2015-06-30": -1, "2015-03-31": -2, "2014-12-31": "6164.00000", "2014-09-30": 0, "2014-06-30": 0, "2014-03-31": 0, "2013-12-31": "", "2013-09-30": 0, "2013-06-30": 0, "2013-03-31": 0, "2012-12-31": "", "2012-09-30": 0.052, "2012-06-30": -3.037, "2012-03-31": -7.846, "2011-12-31": "1456.83100", "2011-09-30": -0.238, "2011-06-30": -0.013, "2011-03-31": -0.007, "2010-12-31": "991.25800", "2010-09-30": -0.008, "2010-06-30": -0.019, "2010-03-31": -0.021, "2009-12-31": "-0.02800", "2009-09-30": 3.003, "2009-06-30": 736.11, "2009-03-31": -0.099, "2008-12-31": "-0.09300", "2008-09-30": -0.523, "2008-06-30": -0.225, "2008-03-31": -0.13, "2007-12-31": "-0.23600", "2007-09-30": -0.243, "2007-06-30": -0.289, "2007-03-31": -0.31, "2006-12-31": "-99.94800", "2006-09-30": -0.211, "2006-06-30": -0.291, "2006-03-31": -0.227, "2005-12-31": "-0.09900", "2005-09-30": -0.056, "2005-06-30": -0.082, "2005-03-31": -104.384}, "Net Current Debt": {"2020-12-31": "", "2020-09-30": 0, "2020-06-30": -695, "2020-03-31": 0, "2019-12-31": "210.00000", "2019-09-30": 185, "2019-06-30": 300, "2019-03-31": -50, "2018-12-31": "50.00000", "2018-09-30": -200, "2018-06-30": -180, "2018-03-31": 380, "2017-12-31": "", "2017-09-30": -250, "2017-06-30": 100, "2017-03-31": -750, "2016-12-31": "700.00000", "2016-09-30": -350, "2016-06-30": 150, "2016-03-31": -300, "2015-12-31": "", "2015-09-30": -349, "2015-06-30": -656, "2015-03-31": 1503, "2014-12-31": "-1.00000", "2014-09-30": -1, "2014-06-30": 3, "2014-03-31": -3, "2013-12-31": "-3.00000", "2013-09-30": 1, "2013-06-30": -200, "2013-03-31": -4, "2012-12-31": "4.00000", "2012-09-30": -3.784, "2012-06-30": 4.11, "2012-03-31": 2.053, "2011-12-31": "-0.37900", "2011-09-30": 0.389, "2011-06-30": -3.176, "2011-03-31": 4.961, "2010-12-31": "31.82600", "2010-09-30": 0.255, "2010-06-30": 1.748, "2010-03-31": -4.887, "2009-12-31": "-197.30900", "2009-09-30": -0.409, "2009-06-30": 1.621, "2009-03-31": -0.944, "2008-12-31": "0.92800", "2008-09-30": -2.198, "2008-06-30": -4.001, "2008-03-31": -0.271, "2007-12-31": "0.53200", "2007-09-30": 1.551, "2007-06-30": -2.875, "2007-03-31": 2.468, "2006-12-31": "-122.24600", "2006-09-30": 119.521, "2006-06-30": 2.682, "2006-03-31": -100.124, "2005-12-31": "99.48400", "2005-09-30": -38.074, "2005-06-30": 103.541, "2005-03-31": 91.636}, "Debt Issuance/Retirement Net - Total": {"2020-12-31": "-267.00000", "2020-09-30": -953, "2020-06-30": -2612, "2020-03-31": 1898, "2019-12-31": "-93.00000", "2019-09-30": -677, "2019-06-30": -453, "2019-03-31": -502, "2018-12-31": "-403.00000", "2018-09-30": -722, "2018-06-30": -357, "2018-03-31": -81, "2017-12-31": "2250.00000", "2017-09-30": -250, "2017-06-30": 8717, "2017-03-31": -750, "2016-12-31": "-435.00000", "2016-09-30": -351, "2016-06-30": -600, "2016-03-31": -301, "2015-12-31": "", "2015-09-30": -352, "2015-06-30": -657, "2015-03-31": 1501, "2014-12-31": "6163.00000", "2014-09-30": -1, "2014-06-30": 3, "2014-03-31": -3, "2013-12-31": "-3.00000", "2013-09-30": 1, "2013-06-30": -200, "2013-03-31": -4, "2012-12-31": "4.00000", "2012-09-30": -3.732, "2012-06-30": 1.073, "2012-03-31": -5.793, "2011-12-31": "1456.45200", "2011-09-30": 0.151, "2011-06-30": -3.189, "2011-03-31": 4.954, "2010-12-31": "1023.08400", "2010-09-30": 0.247, "2010-06-30": 1.729, "2010-03-31": -4.908, "2009-12-31": "-197.33700", "2009-09-30": 2.5941, "2009-06-30": 737.7309, "2009-03-31": -1.043, "2008-12-31": "0.83500", "2008-09-30": -2.721, "2008-06-30": -4.226, "2008-03-31": -0.401, "2007-12-31": "0.29600", "2007-09-30": 1.308, "2007-06-30": -3.164, "2007-03-31": 2.158, "2006-12-31": "-222.19400", "2006-09-30": 119.31, "2006-06-30": 2.391, "2006-03-31": -100.351, "2005-12-31": "99.38500", "2005-09-30": -38.13, "2005-06-30": 103.459, "2005-03-31": -12.748}, "Net Common Equity Issued/Repurchased": {"2020-12-31": "", "2020-09-30": 0, "2020-06-30": 2917, "2020-03-31": 0, "2019-12-31": "", "2019-09-30": 0, "2019-06-30": 0, "2019-03-31": 0, "2018-12-31": "", "2018-09-30": 0, "2018-06-30": 0, "2018-03-31": 0, "2017-12-31": "", "2017-09-30": 0, "2017-06-30": 4827, "2017-03-31": 0, "2016-12-31": "-220.00000", "2016-09-30": 0, "2016-06-30": 0, "2016-03-31": 0, "2015-12-31": "", "2015-09-30": 30, "2015-06-30": 49, "2015-03-31": -34, "2014-12-31": "-45.00000", "2014-09-30": -2, "2014-06-30": -184, "2014-03-31": -21, "2013-12-31": "-202.00000", "2013-09-30": -45, "2013-06-30": -41, "2013-03-31": -29, "2012-12-31": "-291.00000", "2012-09-30": -228.427, "2012-06-30": -244.271, "2012-03-31": -587.435, "2011-12-31": "-404.86700", "2011-09-30": -220.435, "2011-06-30": -175.77, "2011-03-31": -210.426, "2010-12-31": "-809.36900", "2010-09-30": -185.672, "2010-06-30": -95.493, "2010-03-31": -231.471, "2009-12-31": "-187.27100", "2009-09-30": -167.832, "2009-06-30": -19.499, "2009-03-31": -40.3, "2008-12-31": "-289.97200", "2008-09-30": -74.247, "2008-06-30": -65.611, "2008-03-31": -98.453, "2007-12-31": "-126.29400", "2007-09-30": -7.867, "2007-06-30": -161.501, "2007-03-31": -56.849, "2006-12-31": "-93.22800", "2006-09-30": 14.831, "2006-06-30": -185.593, "2006-03-31": -68.27, "2005-12-31": "-62.05400", "2005-09-30": -130.649, "2005-06-30": -168.733, "2005-03-31": -127.123}, "Net Total Equity Issued/Repurchased": {"2020-12-31": "", "2020-09-30": 0, "2020-06-30": 2917, "2020-03-31": 0, "2019-12-31": "", "2019-09-30": 0, "2019-06-30": 0, "2019-03-31": 0, "2018-12-31": "", "2018-09-30": 0, "2018-06-30": 0, "2018-03-31": 0, "2017-12-31": "", "2017-09-30": 0, "2017-06-30": 4827, "2017-03-31": 0, "2016-12-31": "-220.00000", "2016-09-30": 0, "2016-06-30": 0, "2016-03-31": 0, "2015-12-31": "", "2015-09-30": 30, "2015-06-30": 49, "2015-03-31": -34, "2014-12-31": "-45.00000", "2014-09-30": -2, "2014-06-30": -184, "2014-03-31": -21, "2013-12-31": "-202.00000", "2013-09-30": -45, "2013-06-30": -41, "2013-03-31": -29, "2012-12-31": "-291.00000", "2012-09-30": -228.427, "2012-06-30": -244.271, "2012-03-31": -587.435, "2011-12-31": "-404.86700", "2011-09-30": -220.435, "2011-06-30": -175.77, "2011-03-31": -210.426, "2010-12-31": "-809.36900", "2010-09-30": -185.672, "2010-06-30": -95.493, "2010-03-31": -231.471, "2009-12-31": "-187.27100", "2009-09-30": -167.832, "2009-06-30": -19.499, "2009-03-31": -40.3, "2008-12-31": "-289.97200", "2008-09-30": -74.247, "2008-06-30": -65.611, "2008-03-31": -98.453, "2007-12-31": "-126.29400", "2007-09-30": -7.867, "2007-06-30": -161.501, "2007-03-31": -56.849, "2006-12-31": "-93.22800", "2006-09-30": 14.831, "2006-06-30": -185.593, "2006-03-31": -68.27, "2005-12-31": "-62.05400", "2005-09-30": -130.649, "2005-06-30": -168.733, "2005-03-31": -127.123}, "Total Common And Preferred Stock Dividends Paid": {"2020-12-31": "-264.00000", "2020-09-30": -253, "2020-06-30": -268, "2020-03-31": -253, "2019-12-31": "-252.00000", "2019-09-30": -247, "2019-06-30": -246, "2019-03-31": -246, "2018-12-31": "-245.00000", "2018-09-30": -240, "2018-06-30": -238, "2018-03-31": -239, "2017-12-31": "-210.00000", "2017-09-30": -199, "2017-06-30": -166, "2017-03-31": -156, "2016-12-31": "-156.00000", "2016-09-30": -141, "2016-06-30": -141, "2016-03-31": -140, "2015-12-31": "-140.00000", "2015-09-30": -127, "2015-06-30": -126, "2015-03-31": -116, "2014-12-31": "-116.00000", "2014-09-30": -105, "2014-06-30": -105, "2014-03-31": -105, "2013-12-31": "-106.00000", "2013-09-30": -96, "2013-06-30": -97, "2013-03-31": -96, "2012-12-31": "-97.00000", "2012-09-30": -87.74, "2012-06-30": -92.038, "2012-03-31": -92.068, "2011-12-31": "-96.15400", "2011-09-30": -88.263, "2011-06-30": -89.871, "2011-03-31": -90.159, "2010-12-31": "-92.70700", "2010-09-30": -85.369, "2010-06-30": -86.112, "2010-03-31": -84.343, "2009-12-31": "-89.88900", "2009-09-30": -78.969, "2009-06-30": -79.202, "2009-03-31": -76.604, "2008-12-31": "-82.10200", "2008-09-30": -69.51, "2008-06-30": -69.558, "2008-03-31": -139.438, "2007-12-31": "", "2007-09-30": -59.726, "2007-06-30": -59.944, "2007-03-31": -120.14, "2006-12-31": "", "2006-09-30": -52.849, "2006-06-30": -52.854, "2006-03-31": -106.728, "2005-12-31": "", "2005-09-30": -44.709, "2005-06-30": -45.201, "2005-03-31": -92.326}, "Financial Activities - Other": {"2020-12-31": "-61.00000", "2020-09-30": -3, "2020-06-30": -16, "2020-03-31": -22, "2019-12-31": "-68.00000", "2019-09-30": -1, "2019-06-30": -69, "2019-03-31": -49, "2018-12-31": "-86.00000", "2018-09-30": -44, "2018-06-30": -21, "2018-03-31": -54, "2017-12-31": "-101.00000", "2017-09-30": -5, "2017-06-30": -85, "2017-03-31": 0, "2016-12-31": "-144.00000", "2016-09-30": 8, "2016-06-30": 40, "2016-03-31": 11, "2015-12-31": "-5.00000", "2015-09-30": -27, "2015-06-30": 8, "2015-03-31": 9, "2014-12-31": "31.00000", "2014-09-30": 1, "2014-06-30": 7, "2014-03-31": 6, "2013-12-31": "13.00000", "2013-09-30": 3, "2013-06-30": 6, "2013-03-31": 9, "2012-12-31": "5.00000", "2012-09-30": 6.252, "2012-06-30": 1.372, "2012-03-31": 3.64, "2011-12-31": "3.73600", "2011-09-30": 1.8, "2011-06-30": 16.067, "2011-03-31": 4.154, "2010-12-31": "14.97900", "2010-09-30": 4.291, "2010-06-30": 1.32, "2010-03-31": 9.767, "2009-12-31": "7.82400", "2009-09-30": 2.497, "2009-06-30": 2.537, "2009-03-31": 5.931, "2008-12-31": "3.70200", "2008-09-30": 8.62, "2008-06-30": 5.229, "2008-03-31": 25.566, "2007-12-31": "24.92000", "2007-09-30": 12.059, "2007-06-30": 11.007, "2007-03-31": 22.598, "2006-12-31": "9.45400", "2006-09-30": 7.799, "2006-06-30": 7.256, "2006-03-31": 22.963, "2005-12-31": "12.59100", "2005-09-30": 9.79, "2005-06-30": 4.49, "2005-03-31": 26.314}, "Cash Flow From Financial Activities": {"2020-12-31": "-592.00000", "2020-09-30": -1208, "2020-06-30": 20, "2020-03-31": 1623, "2019-12-31": "-413.00000", "2019-09-30": -923, "2019-06-30": -768, "2019-03-31": -798, "2018-12-31": "-734.00000", "2018-09-30": -1007, "2018-06-30": -616, "2018-03-31": -373, "2017-12-31": "1938.00000", "2017-09-30": -456, "2017-06-30": 13294, "2017-03-31": -906, "2016-12-31": "-955.00000", "2016-09-30": -485, "2016-06-30": -700, "2016-03-31": -431, "2015-12-31": "-145.00000", "2015-09-30": -477, "2015-06-30": -725, "2015-03-31": 1359, "2014-12-31": "6033.00000", "2014-09-30": -106, "2014-06-30": -279, "2014-03-31": -124, "2013-12-31": "-298.00000", "2013-09-30": -138, "2013-06-30": -330, "2013-03-31": -121, "2012-12-31": "-379.00000", "2012-09-30": -313.647, "2012-06-30": -333.864, "2012-03-31": -681.656, "2011-12-31": "959.16700", "2011-09-30": -305.747, "2011-06-30": -252.763, "2011-03-31": -291.477, "2010-12-31": "135.98700", "2010-09-30": -266.503, "2010-06-30": -178.556, "2010-03-31": -310.955, "2009-12-31": "-466.67300", "2009-09-30": -241.71, "2009-06-30": 641.567, "2009-03-31": -112.016, "2008-12-31": "-367.53700", "2008-09-30": -137.858, "2008-06-30": -134.166, "2008-03-31": -212.726, "2007-12-31": "-101.07800", "2007-09-30": -54.226, "2007-06-30": -213.602, "2007-03-31": -152.233, "2006-12-31": "-305.96800", "2006-09-30": 89.091, "2006-06-30": -228.8, "2006-03-31": -252.386, "2005-12-31": "49.92200", "2005-09-30": -203.698, "2005-06-30": -105.985, "2005-03-31": -205.883}, "Net Cash Flow": {"2020-12-31": "530.00000", "2020-09-30": -48, "2020-06-30": 525, "2020-03-31": 1831, "2019-12-31": "18.00000", "2019-09-30": -4, "2019-06-30": -173, "2019-03-31": -274, "2018-12-31": "-195.00000", "2018-09-30": -273, "2018-06-30": 92, "2018-03-31": 181, "2017-12-31": "-12943.00000", "2017-09-30": 328, "2017-06-30": 13303, "2017-03-31": -371, "2016-12-31": "-622.00000", "2016-09-30": -145, "2016-06-30": -10, "2016-03-31": 114, "2015-12-31": "158.00000", "2015-09-30": -134, "2015-06-30": -353, "2015-03-31": -6628, "2014-12-31": "6679.00000", "2014-09-30": 200, "2014-06-30": -70, "2014-03-31": 52, "2013-12-31": "-211.00000", "2013-09-30": -72, "2013-06-30": -62, "2013-03-31": 107, "2012-12-31": "246.00000", "2012-09-30": 12.563, "2012-06-30": -180.771, "2012-03-31": -356.788, "2011-12-31": "1020.99600", "2011-09-30": 16.952, "2011-06-30": 409.449, "2011-03-31": -500.767, "2010-12-31": "33.36600", "2010-09-30": 465.883, "2010-06-30": -80.582, "2010-03-31": -351.618, "2009-12-31": "-211.93800", "2009-09-30": 62.643, "2009-06-30": 788.889, "2009-03-31": -54.907, "2008-12-31": "-232.85800", "2008-09-30": 94.569, "2008-06-30": 174.909, "2008-03-31": -189.763, "2007-12-31": "239.28000", "2007-09-30": 67.318, "2007-06-30": 34.509, "2007-03-31": -123.77, "2006-12-31": "-466.86400", "2006-09-30": 279.294, "2006-06-30": -55.539, "2006-03-31": -392.439, "2005-12-31": "126.08300", "2005-09-30": 124.499, "2005-06-30": 92.894, "2005-03-31": 106.119}, "Stock-Based Compensation": {"2020-12-31": "83.00000", "2020-09-30": 51, "2020-06-30": 52, "2020-03-31": 59, "2019-12-31": "82.00000", "2019-09-30": 53, "2019-06-30": 56, "2019-03-31": 59, "2018-12-31": "93.00000", "2018-09-30": 61, "2018-06-30": 54, "2018-03-31": 66, "2017-12-31": "141.00000", "2017-09-30": 36, "2017-06-30": 39, "2017-03-31": 11, "2016-12-31": "88.00000", "2016-09-30": 38, "2016-06-30": 39, "2016-03-31": 43, "2015-12-31": "76.00000", "2015-09-30": 28, "2015-06-30": 46, "2015-03-31": 44, "2014-12-31": "48.00000", "2014-09-30": 22, "2014-06-30": 24, "2014-03-31": 25, "2013-12-31": "42.00000", "2013-09-30": 21, "2013-06-30": 21, "2013-03-31": 21, "2012-12-31": "37.00000", "2012-09-30": 17.311, "2012-06-30": 18.063, "2012-03-31": 19.271, "2011-12-31": "34.35500", "2011-09-30": 0.798, "2011-06-30": 18.482, "2011-03-31": 19.639, "2010-12-31": "34.08100", "2010-09-30": 10.257, "2010-06-30": 16.65, "2010-03-31": 17.147, "2009-12-31": "35.32000", "2009-09-30": 7.59, "2009-06-30": 22.514, "2009-03-31": 22.709, "2008-12-31": "33.76100", "2008-09-30": 20.059, "2008-06-30": 22.233, "2008-03-31": 22.627, "2007-12-31": "35.66600", "2007-09-30": 22.486, "2007-06-30": 24.559, "2007-03-31": 26.05, "2006-12-31": "34.61100", "2006-09-30": 27.949, "2006-06-30": 22.217, "2006-03-31": 23.804, "2005-12-31": "34.64300", "2005-09-30": 25.175, "2005-06-30": 16.879, "2005-03-31": 28.145}, "Common Stock Dividends Paid": {"2020-12-31": "-264.00000", "2020-09-30": -253, "2020-06-30": -268, "2020-03-31": -253, "2019-12-31": "-252.00000", "2019-09-30": -247, "2019-06-30": -246, "2019-03-31": -246, "2018-12-31": "-245.00000", "2018-09-30": -240, "2018-06-30": -238, "2018-03-31": -239, "2017-12-31": "-210.00000", "2017-09-30": -199, "2017-06-30": -166, "2017-03-31": -156, "2016-12-31": "-156.00000", "2016-09-30": -141, "2016-06-30": -141, "2016-03-31": -140, "2015-12-31": "-140.00000", "2015-09-30": -127, "2015-06-30": -126, "2015-03-31": -116, "2014-12-31": "-116.00000", "2014-09-30": -105, "2014-06-30": -105, "2014-03-31": -105, "2013-12-31": "-106.00000", "2013-09-30": -96, "2013-06-30": -97, "2013-03-31": -96, "2012-12-31": "-97.00000", "2012-09-30": -87.74, "2012-06-30": -92.038, "2012-03-31": -92.068, "2011-12-31": "-96.15400", "2011-09-30": -88.263, "2011-06-30": -89.871, "2011-03-31": -90.159, "2010-12-31": "-92.70700", "2010-09-30": -85.369, "2010-06-30": -86.112, "2010-03-31": -84.343, "2009-12-31": "-89.88900", "2009-09-30": -78.969, "2009-06-30": -79.202, "2009-03-31": -76.604, "2008-12-31": "-82.10200", "2008-09-30": -69.51, "2008-06-30": -69.558, "2008-03-31": -139.438, "2007-12-31": "", "2007-09-30": -59.726, "2007-06-30": -59.944, "2007-03-31": -120.14, "2006-12-31": "", "2006-09-30": -52.849, "2006-06-30": -52.854, "2006-03-31": -106.728, "2005-12-31": "", "2005-09-30": -44.709, "2005-06-30": -45.201, "2005-03-31": -92.326}}, "financial ratios": {"Current Ratio": {"2020-09-30": "1.53680", "2019-09-30": "1.17840", "2018-09-30": "1.02700", "2017-09-30": "5.57540", "2016-09-30": "1.44700", "2015-09-30": "1.29170", "2014-09-30": "2.74320", "2013-09-30": "2.75730", "2012-09-30": "2.69060", "2011-09-30": "2.56050", "2010-09-30": "2.69510", "2009-09-30": "2.61490", "2008-09-30": "2.55170", "2007-09-30": "2.11700", "2006-09-30": "2.02070", "2005-09-30": "2.28980"}, "Long-term Debt / Capital": {"2020-09-30": "0.42020", "2019-09-30": "0.46170", "2018-09-30": "0.47370", "2017-09-30": "0.59040", "2016-09-30": "0.58020", "2015-09-30": "0.61350", "2014-09-30": "0.42720", "2013-09-30": "0.42730", "2012-09-30": "0.47630", "2011-09-30": "0.33980", "2010-09-30": "0.21580", "2009-09-30": "0.22450", "2008-09-30": "0.16190", "2007-09-30": "0.17970", "2006-09-30": "0.19970", "2005-09-30": "0.24420"}, "Debt/Equity Ratio": {"2020-09-30": "0.75450", "2019-09-30": "0.91980", "2018-09-30": "1.02390", "2017-09-30": "1.45740", "2016-09-30": "1.51330", "2015-09-30": "1.78980", "2014-09-30": "0.78590", "2013-09-30": "0.78720", "2012-09-30": "1.00730", "2011-09-30": "0.56330", "2010-09-30": "0.31250", "2009-09-30": "0.36780", "2008-09-30": "0.23390", "2007-09-30": "0.26670", "2006-09-30": "0.36080", "2005-09-30": "0.38590"}, "Gross Margin": {"2020-09-30": "44.26590", "2019-09-30": "47.93520", "2018-09-30": "45.47960", "2017-09-30": "49.32610", "2016-09-30": "47.99330", "2015-09-30": "45.66230", "2014-09-30": "50.92350", "2013-09-30": "51.78790", "2012-09-30": "51.28440", "2011-09-30": "52.20200", "2010-09-30": "51.87920", "2009-09-30": "52.60040", "2008-09-30": "51.32870", "2007-09-30": "51.72730", "2006-09-30": "51.32000", "2005-09-30": "50.89850"}, "Operating Margin": {"2020-09-30": "8.66970", "2019-09-30": "10.17930", "2018-09-30": "9.44130", "2017-09-30": "12.58580", "2016-09-30": "11.45560", "2015-09-30": "10.44540", "2014-09-30": "19.01490", "2013-09-30": "15.58230", "2012-09-30": "20.21280", "2011-09-30": "21.95410", "2010-09-30": "22.21070", "2009-09-30": "22.75290", "2008-09-30": "21.57480", "2007-09-30": "18.85560", "2006-09-30": "19.89210", "2005-09-30": "19.91910"}, "EBIT Margin": {"2020-09-30": "8.66970", "2019-09-30": "10.17930", "2018-09-30": "9.44130", "2017-09-30": "12.58580", "2016-09-30": "11.45560", "2015-09-30": "10.44540", "2014-09-30": "19.01490", "2013-09-30": "15.58230", "2012-09-30": "20.21280", "2011-09-30": "21.95410", "2010-09-30": "22.21070", "2009-09-30": "22.75290", "2008-09-30": "21.57480", "2007-09-30": "18.85560", "2006-09-30": "19.89210", "2005-09-30": "19.91910"}, "EBITDA Margin": {"2020-09-30": "21.25370", "2019-09-30": "23.21000", "2018-09-30": "21.81690", "2017-09-30": "21.58270", "2016-09-30": "20.37970", "2015-09-30": "19.11110", "2014-09-30": "25.66900", "2013-09-30": "22.36160", "2012-09-30": "26.84220", "2011-09-30": "28.46780", "2010-09-30": "29.10840", "2009-09-30": "29.40270", "2008-09-30": "28.41720", "2007-09-30": "25.87630", "2006-09-30": "26.90380", "2005-09-30": "27.08410"}, "Pre-Tax Profit Margin": {"2020-09-30": "5.75450", "2019-09-30": "6.80160", "2018-09-30": "7.33900", "2017-09-30": "8.07080", "2016-09-30": "8.60370", "2015-09-30": "7.18730", "2014-09-30": "18.02040", "2013-09-30": "14.46490", "2012-09-30": "19.09700", "2011-09-30": "21.33440", "2010-09-30": "21.99130", "2009-09-30": "22.59420", "2008-09-30": "21.59710", "2007-09-30": "18.86740", "2006-09-30": "19.62180", "2005-09-30": "19.42640"}, "Net Profit Margin": {"2020-09-30": "4.48090", "2019-09-30": "6.25800", "2018-09-30": "0.99480", "2017-09-30": "8.51730", "2016-09-30": "7.81860", "2015-09-30": "6.75940", "2014-09-30": "14.03030", "2013-09-30": "16.05410", "2012-09-30": "15.17900", "2011-09-30": "16.75900", "2010-09-30": "18.49440", "2009-09-30": "17.62780", "2008-09-30": "16.33890", "2007-09-30": "14.16610", "2006-09-30": "13.11050", "2005-09-30": "13.52340"}, "Asset Turnover": {"2020-09-30": "0.31690", "2019-09-30": "0.33400", "2018-09-30": "0.29650", "2017-09-30": "0.32050", "2016-09-30": "0.48790", "2015-09-30": "0.38830", "2014-09-30": "0.67860", "2013-09-30": "0.66290", "2012-09-30": "0.67850", "2011-09-30": "0.72710", "2010-09-30": "0.73820", "2009-09-30": "0.75090", "2008-09-30": "0.87170", "2007-09-30": "0.85720", "2006-09-30": "0.84080", "2005-09-30": "0.87090"}, "Inventory Turnover Ratio": {"2020-09-30": "3.47790", "2019-09-30": "3.49050", "2018-09-30": "3.55530", "2017-09-30": "3.37070", "2016-09-30": "3.77660", "2015-09-30": "2.85200", "2014-09-30": "2.77260", "2013-09-30": "2.76960", "2012-09-30": "3.02580", "2011-09-30": "2.91170", "2010-09-30": "2.99330", "2009-09-30": "2.86290", "2008-09-30": "3.10730", "2007-09-30": "2.88310", "2006-09-30": "3.18960", "2005-09-30": "3.37960"}, "Receiveable Turnover": {"2020-09-30": "7.13800", "2019-09-30": "7.37310", "2018-09-30": "6.89220", "2017-09-30": "6.93410", "2016-09-30": "7.71510", "2015-09-30": "6.35480", "2014-09-30": "7.11540", "2013-09-30": "6.49520", "2012-09-30": "6.16640", "2011-09-30": "6.17270", "2010-09-30": "5.91050", "2009-09-30": "5.97840", "2008-09-30": "6.39230", "2007-09-30": "5.80050", "2006-09-30": "6.47820", "2005-09-30": "6.33700"}, "Days Sales In Receivables": {"2020-09-30": "51.13450", "2019-09-30": "49.50410", "2018-09-30": "52.95850", "2017-09-30": "52.63870", "2016-09-30": "47.30990", "2015-09-30": "57.43730", "2014-09-30": "51.29710", "2013-09-30": "56.19570", "2012-09-30": "59.19180", "2011-09-30": "59.13140", "2010-09-30": "61.75450", "2009-09-30": "61.05320", "2008-09-30": "57.09990", "2007-09-30": "62.92550", "2006-09-30": "56.34320", "2005-09-30": "57.59850"}, "ROE - Return On Equity": {"2020-09-30": "3.67800", "2019-09-30": "5.84910", "2018-09-30": "1.48150", "2017-09-30": "8.49680", "2016-09-30": "12.79800", "2015-09-30": "9.69990", "2014-09-30": "23.45140", "2013-09-30": "18.42520", "2012-09-30": "26.83750", "2011-09-30": "24.87480", "2010-09-30": "20.51390", "2009-09-30": "22.69900", "2008-09-30": "21.83650", "2007-09-30": "19.29220", "2006-09-30": "21.24780", "2005-09-30": "21.69700"}, "Return On Tangible Equity": {"2020-09-30": "-6.39450", "2019-09-30": "-7.13830", "2018-09-30": "-1.63280", "2017-09-30": "-216.53540", "2016-09-30": "-16.10350", "2015-09-30": "-9.39570", "2014-09-30": "36.99660", "2013-09-30": "29.96770", "2012-09-30": "49.39920", "2011-09-30": "39.52580", "2010-09-30": "26.98090", "2009-09-30": "28.37360", "2008-09-30": "27.83750", "2007-09-30": "25.73590", "2006-09-30": "27.77450", "2005-09-30": "27.97530"}, "ROA - Return On Assets": {"2020-09-30": "1.61820", "2019-09-30": "2.38190", "2018-09-30": "0.57700", "2017-09-30": "2.91510", "2016-09-30": "3.81850", "2015-09-30": "2.62480", "2014-09-30": "9.52040", "2013-09-30": "7.64670", "2012-09-30": "9.77030", "2011-09-30": "11.51440", "2010-09-30": "11.55200", "2009-09-30": "12.54590", "2008-09-30": "13.62010", "2007-09-30": "11.48150", "2006-09-30": "11.94380", "2005-09-30": "11.61820"}, "ROI - Return On Investment": {"2020-09-30": "2.13230", "2019-09-30": "3.14850", "2018-09-30": "0.77970", "2017-09-30": "3.47940", "2016-09-30": "5.37320", "2015-09-30": "3.74990", "2014-09-30": "13.43390", "2013-09-30": "10.54960", "2012-09-30": "14.05600", "2011-09-30": "16.42320", "2010-09-30": "16.08740", "2009-09-30": "17.60390", "2008-09-30": "18.30180", "2007-09-30": "15.82500", "2006-09-30": "17.00560", "2005-09-30": "16.39940"}, "Book Value Per Share": {"2020-09-30": "81.94350", "2019-09-30": "77.95450", "2018-09-30": "78.27040", "2017-09-30": "56.80390", "2016-09-30": "35.78680", "2015-09-30": "34.00160", "2014-09-30": "26.33250", "2013-09-30": "25.99500", "2012-09-30": "21.00440", "2011-09-30": "22.47570", "2010-09-30": "23.64750", "2009-09-30": "21.69170", "2008-09-30": "20.30450", "2007-09-30": "17.88880", "2006-09-30": "15.62810", "2005-09-30": "13.25860"}, "Operating Cash Flow Per Share": {"2020-09-30": 0.4128, "2019-09-30": 1.2922, "2018-09-30": -0.5781, "2017-09-30": -0.3587, "2016-09-30": 3.4266, "2015-09-30": -0.4942, "2014-09-30": 0.2114, "2013-09-30": 0.5263, "2012-09-30": 0.8547, "2011-09-30": 0.6306, "2010-09-30": -0.1118, "2009-09-30": 0.3175, "2008-09-30": 1.5756, "2007-09-30": 0.523, "2006-09-30": -0.3785, "2005-09-30": 4.6824}, "Free Cash Flow Per Share": {"2020-09-30": 1.0273, "2019-09-30": 1.1916, "2018-09-30": -0.7088, "2017-09-30": -0.4245, "2016-09-30": 3.1131, "2015-09-30": -0.0635, "2014-09-30": -0.1396, "2013-09-30": 0.2181, "2012-09-30": 0.8581, "2011-09-30": 0.5909, "2010-09-30": 0.096, "2009-09-30": 0.0554, "2008-09-30": 1.2933, "2007-09-30": 0.1213, "2006-09-30": -0.9635, "2005-09-30": 3.3983}}, "financial ratios, quarterly": {"Current Ratio": {"2020-12-31": "1.35840", "2020-09-30": "1.53680", "2020-06-30": "1.45490", "2020-03-31": "0.97720", "2019-12-31": "0.95720", "2019-09-30": "1.17840", "2019-06-30": "1.08720", "2019-03-31": "0.96290", "2018-12-31": "0.97140", "2018-09-30": "1.02700", "2018-06-30": "1.23240", "2018-03-31": "1.69720", "2017-12-31": "1.54080", "2017-09-30": "5.57540", "2017-06-30": "5.56430", "2017-03-31": "1.21730", "2016-12-31": "1.13500", "2016-09-30": "1.44700", "2016-06-30": "1.54870", "2016-03-31": "1.50960", "2015-12-31": "1.24550", "2015-09-30": "1.29170", "2015-06-30": "1.39540", "2015-03-31": "1.55570", "2014-12-31": "5.81980", "2014-09-30": "2.74320", "2014-06-30": "2.88820", "2014-03-31": "2.94940", "2013-12-31": "2.87580", "2013-09-30": "2.75730", "2013-06-30": "3.21030", "2013-03-31": "2.92860", "2012-12-31": "2.73360", "2012-09-30": "2.69060", "2012-06-30": "2.79660", "2012-03-31": "3.26900", "2011-12-31": "3.54470", "2011-09-30": "2.56050", "2011-06-30": "3.05990", "2011-03-31": "3.07590", "2010-12-31": "3.07060", "2010-09-30": "2.69510", "2010-06-30": "2.69230", "2010-03-31": "2.68460", "2009-12-31": "2.63640", "2009-09-30": "2.61490", "2009-06-30": "2.72800", "2009-03-31": "2.25580", "2008-12-31": "2.11520", "2008-09-30": "2.55170", "2008-06-30": "2.48880", "2008-03-31": "2.48210", "2007-12-31": "2.23480", "2007-09-30": "2.11700", "2007-06-30": "2.09310", "2007-03-31": "2.11650", "2006-12-31": "1.91890", "2006-09-30": "2.02070", "2006-06-30": "2.06620", "2006-03-31": "2.18020", "2005-12-31": "2.02710", "2005-09-30": "2.28980", "2005-06-30": "2.33530", "2005-03-31": "2.54020"}, "Long-term Debt / Capital": {"2020-12-31": "0.39470", "2020-09-30": "0.42020", "2020-06-30": "0.41570", "2020-03-31": "0.44520", "2019-12-31": "0.44430", "2019-09-30": "0.46170", "2019-06-30": "0.45600", "2019-03-31": "0.45170", "2018-12-31": "0.45430", "2018-09-30": "0.47370", "2018-06-30": "0.48790", "2018-03-31": "0.51640", "2017-12-31": "0.50980", "2017-09-30": "0.59040", "2017-06-30": "0.59590", "2017-03-31": "0.53280", "2016-12-31": "0.54390", "2016-09-30": "0.58020", "2016-06-30": "0.56800", "2016-03-31": "0.58630", "2015-12-31": "0.60050", "2015-09-30": "0.61350", "2015-06-30": "0.61050", "2015-03-31": "0.62880", "2014-12-31": "0.66230", "2014-09-30": "0.42720", "2014-06-30": "0.41200", "2014-03-31": "0.41460", "2013-12-31": "0.42570", "2013-09-30": "0.42730", "2013-06-30": "0.44370", "2013-03-31": "0.45050", "2012-12-31": "0.45700", "2012-09-30": "0.47630", "2012-06-30": "0.47040", "2012-03-31": "0.46970", "2011-12-31": "0.45660", "2011-09-30": "0.33980", "2011-06-30": "0.31930", "2011-03-31": "0.32760", "2010-12-31": "0.33750", "2010-09-30": "0.21580", "2010-06-30": "0.22470", "2010-03-31": "0.22440", "2009-12-31": "0.22050", "2009-09-30": "0.22450", "2009-06-30": "0.22160", "2009-03-31": "0.13470", "2008-12-31": "0.13560", "2008-09-30": "0.16190", "2008-06-30": "0.15840", "2008-03-31": "0.16500", "2007-12-31": "0.17470", "2007-09-30": "0.17970", "2007-06-30": "0.18400", "2007-03-31": "0.18800", "2006-12-31": "0.19560", "2006-09-30": "0.19970", "2006-06-30": "0.21150", "2006-03-31": "0.21420", "2005-12-31": "0.21970", "2005-09-30": "0.24420", "2005-06-30": "0.24460", "2005-03-31": "0.23530"}, "Debt/Equity Ratio": {"2020-12-31": "0.72250", "2020-09-30": "0.75450", "2020-06-30": "0.77930", "2020-03-31": "1.01030", "2019-12-31": "0.91520", "2019-09-30": "0.91980", "2019-06-30": "0.93890", "2019-03-31": "0.96730", "2018-12-31": "0.98440", "2018-09-30": "1.02390", "2018-06-30": "1.04180", "2018-03-31": "1.07750", "2017-12-31": "1.07300", "2017-09-30": "1.45740", "2017-06-30": "1.51080", "2017-03-31": "1.29420", "2016-12-31": "1.45290", "2016-09-30": "1.51330", "2016-06-30": "1.48290", "2016-03-31": "1.63250", "2015-12-31": "1.77340", "2015-09-30": "1.78980", "2015-06-30": "1.81590", "2015-03-31": "1.93300", "2014-12-31": "2.00120", "2014-09-30": "0.78590", "2014-06-30": "0.73880", "2014-03-31": "0.74620", "2013-12-31": "0.78160", "2013-09-30": "0.78720", "2013-06-30": "0.84170", "2013-03-31": "0.90860", "2012-12-31": "0.93300", "2012-09-30": "1.00730", "2012-06-30": "0.98510", "2012-03-31": "0.93170", "2011-12-31": "0.88340", "2011-09-30": "0.56330", "2011-06-30": "0.51430", "2011-03-31": "0.53450", "2010-12-31": "0.55770", "2010-09-30": "0.31250", "2010-06-30": "0.32900", "2010-03-31": "0.32830", "2009-12-31": "0.32190", "2009-09-30": "0.36780", "2009-06-30": "0.36250", "2009-03-31": "0.24010", "2008-12-31": "0.24260", "2008-09-30": "0.23390", "2008-06-30": "0.22850", "2008-03-31": "0.24040", "2007-12-31": "0.25770", "2007-09-30": "0.26670", "2007-06-30": "0.27410", "2007-03-31": "0.28200", "2006-12-31": "0.29560", "2006-09-30": "0.36080", "2006-06-30": "0.35510", "2006-03-31": "0.35980", "2005-12-31": "0.40070", "2005-09-30": "0.38590", "2005-06-30": "0.39800", "2005-03-31": "0.34890"}, "Gross Margin": {"2020-12-31": "51.40170", "2020-09-30": "46.11200", "2020-06-30": "43.06100", "2020-03-31": "40.74770", "2019-12-31": "46.81660", "2019-09-30": "49.44380", "2019-06-30": "47.67820", "2019-03-31": "47.05600", "2018-12-31": "47.42790", "2018-09-30": "47.55850", "2018-06-30": "47.12480", "2018-03-31": "38.03890", "2017-12-31": "50.42210", "2017-09-30": "49.82630", "2017-06-30": "49.52220", "2017-03-31": "48.23170", "2016-12-31": "49.69200", "2016-09-30": "48.05070", "2016-06-30": "48.37400", "2016-03-31": "48.35340", "2015-12-31": "47.15340", "2015-09-30": "46.73200", "2015-06-30": "37.62820", "2015-03-31": "50.99950", "2014-12-31": "50.95080", "2014-09-30": "50.04540", "2014-06-30": "51.50670", "2014-03-31": "50.82050", "2013-12-31": "51.36480", "2013-09-30": "51.73730", "2013-06-30": "51.63180", "2013-03-31": "50.90000", "2012-12-31": "52.94740", "2012-09-30": "50.88670", "2012-06-30": "52.16460", "2012-03-31": "51.20770", "2011-12-31": "50.84050", "2011-09-30": "50.94820", "2011-06-30": "52.73030", "2011-03-31": "52.10310", "2010-12-31": "53.01690", "2010-09-30": "51.63450", "2010-06-30": "51.74890", "2010-03-31": "51.95690", "2009-12-31": "52.14490", "2009-09-30": "52.07720", "2009-06-30": "52.75040", "2009-03-31": "51.92080", "2008-12-31": "53.64890", "2008-09-30": "51.85990", "2008-06-30": "51.04260", "2008-03-31": "51.12520", "2007-12-31": "51.35060", "2007-09-30": "51.19210", "2007-06-30": "51.50250", "2007-03-31": "51.48620", "2006-12-31": "52.78580", "2006-09-30": "51.52260", "2006-06-30": "50.62840", "2006-03-31": "50.93660", "2005-12-31": "52.22240", "2005-09-30": "52.27250", "2005-06-30": "50.28160", "2005-03-31": "50.34760"}, "Operating Margin": {"2020-12-31": "23.36780", "2020-09-30": "5.33030", "2020-06-30": "9.31260", "2020-03-31": "8.67620", "2019-12-31": "11.85800", "2019-09-30": "2.44270", "2019-06-30": "14.39080", "2019-03-31": "3.24200", "2018-12-31": "21.29810", "2018-09-30": "13.08200", "2018-06-30": "11.94480", "2018-03-31": "4.42920", "2017-12-31": "7.62990", "2017-09-30": "15.50360", "2017-06-30": "-7.38060", "2017-03-31": "14.98820", "2016-12-31": "27.72070", "2016-09-30": "3.00120", "2016-06-30": "16.13510", "2016-03-31": "15.16140", "2015-12-31": "11.78840", "2015-09-30": "9.64050", "2015-06-30": "4.39100", "2015-03-31": "14.28570", "2014-12-31": "17.01610", "2014-09-30": "18.21070", "2014-06-30": "20.67690", "2014-03-31": "18.38800", "2013-12-31": "18.75930", "2013-09-30": "3.66490", "2013-06-30": "19.72720", "2013-03-31": "19.05000", "2012-12-31": "20.63160", "2012-09-30": "19.77310", "2012-06-30": "22.67160", "2012-03-31": "19.87240", "2011-12-31": "18.38470", "2011-09-30": "19.50620", "2011-06-30": "22.91070", "2011-03-31": "22.91020", "2010-12-31": "22.42550", "2010-09-30": "19.44920", "2010-06-30": "23.10120", "2010-03-31": "22.98800", "2009-12-31": "22.99150", "2009-09-30": "21.98550", "2009-06-30": "23.71990", "2009-03-31": "20.90880", "2008-12-31": "24.34990", "2008-09-30": "21.03870", "2008-06-30": "22.07360", "2008-03-31": "21.84190", "2007-12-31": "21.26180", "2007-09-30": "20.65980", "2007-06-30": "20.08000", "2007-03-31": "20.18270", "2006-12-31": "14.24080", "2006-09-30": "20.02760", "2006-06-30": "19.66370", "2006-03-31": "17.65230", "2005-12-31": "22.27740", "2005-09-30": "22.69730", "2005-06-30": "18.94010", "2005-03-31": "18.68760"}, "EBIT Margin": {"2020-12-31": "23.36780", "2020-09-30": "5.33030", "2020-06-30": "9.31260", "2020-03-31": "8.67620", "2019-12-31": "11.85800", "2019-09-30": "2.44270", "2019-06-30": "14.39080", "2019-03-31": "3.24200", "2018-12-31": "21.29810", "2018-09-30": "13.08200", "2018-06-30": "11.94480", "2018-03-31": "4.42920", "2017-12-31": "7.62990", "2017-09-30": "15.50360", "2017-06-30": "-7.38060", "2017-03-31": "14.98820", "2016-12-31": "27.72070", "2016-09-30": "3.00120", "2016-06-30": "16.13510", "2016-03-31": "15.16140", "2015-12-31": "11.78840", "2015-09-30": "9.64050", "2015-06-30": "4.39100", "2015-03-31": "14.28570", "2014-12-31": "17.01610", "2014-09-30": "18.21070", "2014-06-30": "20.67690", "2014-03-31": "18.38800", "2013-12-31": "18.75930", "2013-09-30": "3.66490", "2013-06-30": "19.72720", "2013-03-31": "19.05000", "2012-12-31": "20.63160", "2012-09-30": "19.77310", "2012-06-30": "22.67160", "2012-03-31": "19.87240", "2011-12-31": "18.38470", "2011-09-30": "19.50620", "2011-06-30": "22.91070", "2011-03-31": "22.91020", "2010-12-31": "22.42550", "2010-09-30": "19.44920", "2010-06-30": "23.10120", "2010-03-31": "22.98800", "2009-12-31": "22.99150", "2009-09-30": "21.98550", "2009-06-30": "23.71990", "2009-03-31": "20.90880", "2008-12-31": "24.34990", "2008-09-30": "21.03870", "2008-06-30": "22.07360", "2008-03-31": "21.84190", "2007-12-31": "21.26180", "2007-09-30": "20.65980", "2007-06-30": "20.08000", "2007-03-31": "20.18270", "2006-12-31": "14.24080", "2006-09-30": "20.02760", "2006-06-30": "19.66370", "2006-03-31": "17.65230", "2005-12-31": "22.27740", "2005-09-30": "22.69730", "2005-06-30": "18.94010", "2005-03-31": "18.68760"}, "EBITDA Margin": {"2020-12-31": "", "2020-09-30": "", "2020-06-30": "", "2020-03-31": "", "2019-12-31": "", "2019-09-30": "", "2019-06-30": "", "2019-03-31": "", "2018-12-31": "", "2018-09-30": "", "2018-06-30": "", "2018-03-31": "", "2017-12-31": "", "2017-09-30": "", "2017-06-30": "", "2017-03-31": "", "2016-12-31": "", "2016-09-30": "", "2016-06-30": "", "2016-03-31": "", "2015-12-31": "", "2015-09-30": "", "2015-06-30": "", "2015-03-31": "", "2014-12-31": "", "2014-09-30": "", "2014-06-30": "", "2014-03-31": "", "2013-12-31": "", "2013-09-30": "", "2013-06-30": "", "2013-03-31": "", "2012-12-31": "", "2012-09-30": "", "2012-06-30": "", "2012-03-31": "", "2011-12-31": "", "2011-09-30": "", "2011-06-30": "", "2011-03-31": "", "2010-12-31": "", "2010-09-30": "", "2010-06-30": "", "2010-03-31": "", "2009-12-31": "", "2009-09-30": "", "2009-06-30": "", "2009-03-31": "", "2008-12-31": "", "2008-09-30": "", "2008-06-30": "", "2008-03-31": "", "2007-12-31": "", "2007-09-30": "", "2007-06-30": "", "2007-03-31": "", "2006-12-31": "", "2006-09-30": "", "2006-06-30": "", "2006-03-31": "", "2005-12-31": "", "2005-09-30": "", "2005-06-30": "", "2005-03-31": ""}, "Pre-Tax Profit Margin": {"2020-12-31": "21.76860", "2020-09-30": "2.98910", "2020-06-30": "6.43320", "2020-03-31": "4.70260", "2019-12-31": "9.32540", "2019-09-30": "-0.02180", "2019-06-30": "10.57470", "2019-03-31": "0.07150", "2018-12-31": "17.16350", "2018-09-30": "9.42540", "2018-06-30": "15.12390", "2018-03-31": "0.14210", "2017-12-31": "3.40910", "2017-09-30": "10.29370", "2017-06-30": "-13.31140", "2017-03-31": "12.19270", "2016-12-31": "23.68240", "2016-09-30": "0.30940", "2016-06-30": "13.19580", "2016-03-31": "12.25950", "2015-12-31": "8.90820", "2015-09-30": "6.20920", "2015-06-30": "1.25000", "2015-03-31": "10.97030", "2014-12-31": "13.89570", "2014-09-30": "17.12080", "2014-06-30": "19.61060", "2014-03-31": "17.51930", "2013-12-31": "17.81640", "2013-09-30": "2.85580", "2013-06-30": "18.46080", "2013-03-31": "18.00000", "2012-12-31": "19.26320", "2012-09-30": "18.37980", "2012-06-30": "21.13280", "2012-03-31": "19.15670", "2011-12-31": "17.60320", "2011-09-30": "18.53330", "2011-06-30": "22.29480", "2011-03-31": "22.29220", "2010-12-31": "22.15800", "2010-09-30": "19.67080", "2010-06-30": "22.57750", "2010-03-31": "22.81590", "2009-12-31": "22.64090", "2009-09-30": "21.83010", "2009-06-30": "23.56790", "2009-03-31": "20.39380", "2008-12-31": "24.53840", "2008-09-30": "20.80410", "2008-06-30": "22.10900", "2008-03-31": "21.88390", "2007-12-31": "21.49020", "2007-09-30": "20.30930", "2007-06-30": "20.20960", "2007-03-31": "20.39040", "2006-12-31": "14.29930", "2006-09-30": "19.79990", "2006-06-30": "19.27500", "2006-03-31": "17.42310", "2005-12-31": "22.04410", "2005-09-30": "22.46840", "2005-06-30": "18.61100", "2005-03-31": "18.18980"}, "Net Profit Margin": {"2020-12-31": "18.45720", "2020-09-30": "2.19480", "2020-06-30": "7.18550", "2020-03-31": "3.40940", "2019-12-31": "5.68050", "2019-09-30": "2.72630", "2019-06-30": "9.49430", "2019-03-31": "-0.42910", "2018-12-31": "13.50960", "2018-09-30": "-3.92910", "2018-06-30": "12.99670", "2018-03-31": "-1.18430", "2017-12-31": "-5.64940", "2017-09-30": "9.12540", "2017-06-30": "-5.43660", "2017-03-31": "11.58640", "2016-12-31": "19.23340", "2016-09-30": "0.58790", "2016-06-30": "12.19510", "2016-03-31": "11.02050", "2015-12-31": "7.66910", "2015-09-30": "5.91500", "2015-06-30": "1.98720", "2015-03-31": "10.53150", "2014-12-31": "11.50660", "2014-09-30": "13.66940", "2014-06-30": "15.11360", "2014-03-31": "13.85140", "2013-12-31": "13.44910", "2013-09-30": "4.28370", "2013-06-30": "14.71020", "2013-03-31": "13.80000", "2012-12-31": "32.89470", "2012-09-30": "14.69990", "2012-06-30": "16.50400", "2012-03-31": "15.08760", "2011-12-31": "14.35730", "2011-09-30": "16.05850", "2011-06-30": "17.57570", "2011-03-31": "16.23390", "2010-12-31": "17.15180", "2010-09-30": "24.40830", "2010-06-30": "16.76260", "2010-03-31": "16.54050", "2009-12-31": "16.92920", "2009-09-30": "18.40470", "2009-06-30": "18.73510", "2009-03-31": "15.14750", "2008-12-31": "18.16550", "2008-09-30": "17.68460", "2008-06-30": "16.06460", "2008-03-31": "15.80980", "2007-12-31": "15.91940", "2007-09-30": "16.50410", "2007-06-30": "15.00830", "2007-03-31": "15.38990", "2006-12-31": "9.51560", "2006-09-30": "11.89510", "2006-06-30": "14.16090", "2006-03-31": "10.81780", "2005-12-31": "15.63020", "2005-09-30": "11.41930", "2005-06-30": "13.73110", "2005-03-31": "13.77850"}, "Asset Turnover": {"2020-12-31": "0.09710", "2020-09-30": "0.08860", "2020-06-30": "0.07140", "2020-03-31": "0.07950", "2019-12-31": "0.08130", "2019-09-30": "0.08860", "2019-06-30": "0.08330", "2019-03-31": "0.07980", "2018-12-31": "0.07860", "2018-09-30": "0.08170", "2018-06-30": "0.07930", "2018-03-31": "0.07740", "2017-12-31": "0.05560", "2017-09-30": "0.08390", "2017-06-30": "0.08170", "2017-03-31": "0.12310", "2016-12-31": "0.12020", "2016-09-30": "0.12630", "2016-06-30": "0.12290", "2016-03-31": "0.11690", "2015-12-31": "0.11460", "2015-09-30": "0.11560", "2015-06-30": "0.11520", "2015-03-31": "0.07250", "2014-12-31": "0.11080", "2014-09-30": "0.17690", "2014-06-30": "0.17430", "2014-03-31": "0.16910", "2013-12-31": "0.16740", "2013-09-30": "0.17290", "2013-06-30": "0.17720", "2013-03-31": "0.17200", "2012-12-31": "0.16340", "2012-09-30": "0.17310", "2012-06-30": "0.17960", "2012-03-31": "0.17230", "2011-12-31": "0.16050", "2011-09-30": "0.17910", "2011-06-30": "0.18380", "2011-03-31": "0.18580", "2010-12-31": "0.18290", "2010-09-30": "0.16840", "2010-06-30": "0.20270", "2010-03-31": "0.20120", "2009-12-31": "0.20550", "2009-09-30": "0.18520", "2009-06-30": "0.20570", "2009-03-31": "0.22770", "2008-12-31": "0.22430", "2008-09-30": "0.20160", "2008-06-30": "0.22750", "2008-03-31": "0.22390", "2007-12-31": "0.22540", "2007-09-30": "0.21480", "2007-06-30": "0.22900", "2007-03-31": "0.22670", "2006-12-31": "0.22050", "2006-09-30": "0.21430", "2006-06-30": "0.23460", "2006-03-31": "0.23260", "2005-12-31": "0.22370", "2005-09-30": "0.21290", "2005-06-30": "0.22980", "2005-03-31": "0.22750"}, "Inventory Turnover Ratio": {"2020-12-31": "0.91790", "2020-09-30": "0.93980", "2020-06-30": "0.74530", "2020-03-31": "0.90230", "2019-12-31": "0.81410", "2019-09-30": "0.89880", "2019-06-30": "0.86570", "2019-03-31": "0.84550", "2018-12-31": "0.86720", "2018-09-30": "0.94210", "2018-06-30": "0.88290", "2018-03-31": "1.02870", "2017-12-31": "0.51470", "2017-09-30": "0.87400", "2017-06-30": "0.83760", "2017-03-31": "0.87980", "2016-12-31": "0.86880", "2016-09-30": "0.97670", "2016-06-30": "0.89970", "2016-03-31": "0.85810", "2015-12-31": "0.79500", "2015-09-30": "0.83210", "2015-06-30": "0.96340", "2015-03-31": "0.44120", "2014-12-31": "0.66530", "2014-09-30": "0.73580", "2014-06-30": "0.67350", "2014-03-31": "0.67390", "2013-12-31": "0.66800", "2013-09-30": "0.72330", "2013-06-30": "0.70470", "2013-03-31": "0.70550", "2012-12-31": "0.65740", "2012-09-30": "0.77840", "2012-06-30": "0.76460", "2012-03-31": "0.71270", "2011-12-31": "0.71370", "2011-09-30": "0.73600", "2011-06-30": "0.69310", "2011-03-31": "0.72090", "2010-12-31": "0.72390", "2010-09-30": "0.68630", "2010-06-30": "0.78760", "2010-03-31": "0.74140", "2009-12-31": "0.76830", "2009-09-30": "0.71410", "2009-06-30": "0.71260", "2009-03-31": "0.70240", "2008-12-31": "0.68050", "2008-09-30": "0.71090", "2008-06-30": "0.79110", "2008-03-31": "0.74440", "2007-12-31": "0.76840", "2007-09-30": "0.73040", "2007-06-30": "0.77300", "2007-03-31": "0.78370", "2006-12-31": "0.76510", "2006-09-30": "0.80960", "2006-06-30": "0.82100", "2006-03-31": "0.82920", "2005-12-31": "0.82070", "2005-09-30": "0.80310", "2005-06-30": "0.86130", "2005-03-31": "0.83990"}, "Receiveable Turnover": {"2020-12-31": "2.24260", "2020-09-30": "1.99500", "2020-06-30": "1.93430", "2020-03-31": "1.96900", "2019-12-31": "2.03710", "2019-09-30": "1.95520", "2019-06-30": "1.95950", "2019-03-31": "1.84070", "2018-12-31": "1.87730", "2018-09-30": "1.89870", "2018-06-30": "1.90730", "2018-03-31": "1.84130", "2017-12-31": "1.54000", "2017-09-30": "1.81590", "2017-06-30": "1.73530", "2017-03-31": "1.89230", "2016-12-31": "1.92490", "2016-09-30": "1.99750", "2016-06-30": "1.97650", "2016-03-31": "1.94850", "2015-12-31": "1.97360", "2015-09-30": "1.89120", "2015-06-30": "1.89670", "2015-03-31": "1.30470", "2014-12-31": "1.98930", "2014-09-30": "1.85510", "2014-06-30": "1.79150", "2014-03-31": "1.83360", "2013-12-31": "1.81040", "2013-09-30": "1.69440", "2013-06-30": "1.63640", "2013-03-31": "1.63930", "2012-12-31": "1.62710", "2012-09-30": "1.57340", "2012-06-30": "1.70680", "2012-03-31": "1.55830", "2011-12-31": "1.60810", "2011-09-30": "1.52050", "2011-06-30": "1.56130", "2011-03-31": "1.58880", "2010-12-31": "1.68500", "2010-09-30": "1.34830", "2010-06-30": "1.67960", "2010-03-31": "1.57550", "2009-12-31": "1.73800", "2009-09-30": "1.47480", "2009-06-30": "1.58980", "2009-03-31": "1.62410", "2008-12-31": "1.60250", "2008-09-30": "1.47870", "2008-06-30": "1.57360", "2008-03-31": "1.49550", "2007-12-31": "1.67110", "2007-09-30": "1.45340", "2007-06-30": "1.57750", "2007-03-31": "1.61790", "2006-12-31": "1.61680", "2006-09-30": "1.65130", "2006-06-30": "1.63890", "2006-03-31": "1.64710", "2005-12-31": "1.63230", "2005-09-30": "1.54910", "2005-06-30": "1.64590", "2005-03-31": "1.54130"}, "Days Sales In Receivables": {"2020-12-31": "40.13170", "2020-09-30": "45.11290", "2020-06-30": "46.52920", "2020-03-31": "45.70890", "2019-12-31": "44.17990", "2019-09-30": "46.03050", "2019-06-30": "45.93100", "2019-03-31": "48.89390", "2018-12-31": "47.94230", "2018-09-30": "47.40180", "2018-06-30": "47.18790", "2018-03-31": "48.87970", "2017-12-31": "58.44160", "2017-09-30": "49.56110", "2017-06-30": "51.86490", "2017-03-31": "47.56150", "2016-12-31": "46.75570", "2016-09-30": "45.05570", "2016-06-30": "45.53470", "2016-03-31": "46.18850", "2015-12-31": "45.60280", "2015-09-30": "47.58820", "2015-06-30": "47.45190", "2015-03-31": "68.98100", "2014-12-31": "45.24130", "2014-09-30": "48.51500", "2014-06-30": "50.23640", "2014-03-31": "49.08300", "2013-12-31": "49.71220", "2013-09-30": "53.11760", "2013-06-30": "54.99930", "2013-03-31": "54.90060", "2012-12-31": "55.31320", "2012-09-30": "57.19980", "2012-06-30": "52.72880", "2012-03-31": "57.75470", "2011-12-31": "55.96780", "2011-09-30": "59.19300", "2011-06-30": "57.64550", "2011-03-31": "56.64500", "2010-12-31": "53.41300", "2010-09-30": "66.74920", "2010-06-30": "53.58450", "2010-03-31": "57.12650", "2009-12-31": "51.78340", "2009-09-30": "61.02390", "2009-06-30": "56.61020", "2009-03-31": "55.41530", "2008-12-31": "56.16150", "2008-09-30": "60.86440", "2008-06-30": "57.19510", "2008-03-31": "60.18040", "2007-12-31": "53.85710", "2007-09-30": "61.92480", "2007-06-30": "57.05410", "2007-03-31": "55.62880", "2006-12-31": "55.66690", "2006-09-30": "54.50330", "2006-06-30": "54.91530", "2006-03-31": "54.64280", "2005-12-31": "55.13820", "2005-09-30": "58.09660", "2005-06-30": "54.68070", "2005-03-31": "58.39080"}, "ROE - Return On Equity": {"2020-12-31": "4.06720", "2020-09-30": "0.53870", "2020-06-30": "1.19070", "2020-03-31": "0.87360", "2019-12-31": "1.30670", "2019-09-30": "0.77320", "2019-06-30": "2.09810", "2019-03-31": "0.09390", "2018-12-31": "2.79890", "2018-09-30": "-0.64310", "2018-06-30": "2.78140", "2018-03-31": "-0.05670", "2017-12-31": "-0.64020", "2017-09-30": "2.53360", "2017-06-30": "-1.05690", "2017-03-31": "4.31940", "2016-12-31": "7.39810", "2016-09-30": "0.26200", "2016-06-30": "4.85500", "2016-03-31": "4.40910", "2015-12-31": "3.17040", "2015-09-30": "2.54010", "2015-06-30": "0.85480", "2015-03-31": "3.01720", "2014-12-31": "4.63600", "2014-09-30": "5.95690", "2014-06-30": "6.06170", "2014-03-31": "5.39980", "2013-12-31": "5.33570", "2013-09-30": "1.80480", "2013-06-30": "6.19100", "2013-03-31": "6.01470", "2012-12-31": "6.04100", "2012-09-30": "6.64290", "2012-06-30": "7.35810", "2012-03-31": "6.14630", "2011-12-31": "5.25730", "2011-09-30": "5.26330", "2011-06-30": "6.06860", "2011-03-31": "6.10040", "2010-12-31": "6.44280", "2010-09-30": "4.26080", "2010-06-30": "5.70750", "2010-03-31": "5.53500", "2009-12-31": "5.78110", "2009-09-30": "5.05660", "2009-06-30": "6.49870", "2009-03-31": "5.39490", "2008-12-31": "6.49090", "2008-09-30": "4.76600", "2008-06-30": "5.83340", "2008-03-31": "5.67250", "2007-12-31": "5.98760", "2007-09-30": "5.37510", "2007-06-30": "5.68770", "2007-03-31": "5.70380", "2006-12-31": "3.33380", "2006-09-30": "5.65350", "2006-06-30": "5.93480", "2006-03-31": "4.65840", "2005-12-31": "6.56900", "2005-09-30": "4.31830", "2005-06-30": "5.76200", "2005-03-31": "5.45770"}, "Return On Tangible Equity": {"2020-12-31": "-7.92760", "2020-09-30": "-0.93650", "2020-06-30": "-2.09740", "2020-03-31": "-1.08690", "2019-12-31": "-1.63340", "2019-09-30": "-0.94370", "2019-06-30": "-2.60060", "2019-03-31": "-0.11170", "2018-12-31": "-3.29790", "2018-09-30": "0.70880", "2018-06-30": "-3.16130", "2018-03-31": "0.06210", "2017-12-31": "0.67570", "2017-09-30": "-64.56690", "2017-06-30": "14.55140", "2017-03-31": "-6.27390", "2016-12-31": "-9.49400", "2016-09-30": "-0.32970", "2016-06-30": "-6.72650", "2016-03-31": "-5.35400", "2015-12-31": "-3.26400", "2015-09-30": "-2.46050", "2015-06-30": "-0.84530", "2015-03-31": "-2.67960", "2014-12-31": "7.56110", "2014-09-30": "9.39740", "2014-06-30": "9.40290", "2014-03-31": "8.51630", "2013-12-31": "8.56510", "2013-09-30": "2.93550", "2013-06-30": "10.49210", "2013-03-31": "10.51530", "2012-12-31": "10.80480", "2012-09-30": "12.22750", "2012-06-30": "12.71690", "2012-03-31": "10.42220", "2011-12-31": "8.43150", "2011-09-30": "8.36340", "2011-06-30": "8.55850", "2011-03-31": "8.76810", "2010-12-31": "8.76780", "2010-09-30": "5.60400", "2010-06-30": "7.61960", "2010-03-31": "7.45730", "2009-12-31": "7.75310", "2009-09-30": "6.32080", "2009-06-30": "8.07130", "2009-03-31": "6.82840", "2008-12-31": "8.25130", "2008-09-30": "6.07570", "2008-06-30": "7.47880", "2008-03-31": "7.31170", "2007-12-31": "7.86450", "2007-09-30": "7.17040", "2007-06-30": "7.61440", "2007-03-31": "7.68910", "2006-12-31": "4.59250", "2006-09-30": "7.39010", "2006-06-30": "7.97080", "2006-03-31": "6.26690", "2005-12-31": "8.36740", "2005-09-30": "5.56790", "2005-06-30": "7.45050", "2005-03-31": "7.02360"}, "ROA - Return On Assets": {"2020-12-31": "1.83200", "2020-09-30": "0.23700", "2020-06-30": "0.53000", "2020-03-31": "0.34200", "2019-12-31": "0.53320", "2019-09-30": "0.31490", "2019-06-30": "0.86340", "2019-03-31": "0.03800", "2018-12-31": "1.13160", "2018-09-30": "-0.25040", "2018-06-30": "1.10050", "2018-03-31": "-0.02200", "2017-12-31": "-0.24570", "2017-09-30": "0.86920", "2017-06-30": "-0.35790", "2017-03-31": "1.42610", "2016-12-31": "2.30690", "2016-09-30": "0.07820", "2016-06-30": "1.49910", "2016-03-31": "1.28830", "2015-12-31": "0.87920", "2015-09-30": "0.68740", "2015-06-30": "0.22900", "2015-03-31": "0.76340", "2014-12-31": "1.27010", "2014-09-30": "2.41830", "2014-06-30": "2.63460", "2014-03-31": "2.34290", "2013-12-31": "2.25180", "2013-09-30": "0.74900", "2013-06-30": "2.52010", "2013-03-31": "2.37320", "2012-12-31": "2.32170", "2012-09-30": "2.41840", "2012-06-30": "2.82620", "2012-03-31": "2.45750", "2011-12-31": "2.17770", "2011-09-30": "2.43640", "2011-06-30": "3.02750", "2011-03-31": "3.00710", "2010-12-31": "3.12050", "2010-09-30": "2.39940", "2010-06-30": "3.25700", "2010-03-31": "3.18710", "2009-12-31": "3.34380", "2009-09-30": "2.79480", "2009-06-30": "3.82760", "2009-03-31": "3.42110", "2008-12-31": "4.03900", "2008-09-30": "2.97270", "2008-06-30": "3.64110", "2008-03-31": "3.53320", "2007-12-31": "3.58020", "2007-09-30": "3.19890", "2007-06-30": "3.37600", "2007-03-31": "3.38820", "2006-12-31": "1.92420", "2006-09-30": "3.17800", "2006-06-30": "3.39820", "2006-03-31": "2.66970", "2005-12-31": "3.59030", "2005-09-30": "2.31240", "2005-06-30": "3.15800", "2005-03-31": "3.10670"}, "ROI - Return On Investment": {"2020-12-31": "2.46170", "2020-09-30": "0.31230", "2020-06-30": "0.69570", "2020-03-31": "0.48460", "2019-12-31": "0.72610", "2019-09-30": "0.41620", "2019-06-30": "1.14140", "2019-03-31": "0.05150", "2018-12-31": "1.52720", "2018-09-30": "-0.33840", "2018-06-30": "1.42420", "2018-03-31": "-0.02740", "2017-12-31": "-0.31380", "2017-09-30": "1.03750", "2017-06-30": "-0.42700", "2017-03-31": "2.01820", "2016-12-31": "3.37420", "2016-09-30": "0.11000", "2016-06-30": "2.09750", "2016-03-31": "1.82410", "2015-12-31": "1.26650", "2015-09-30": "0.98200", "2015-06-30": "0.33300", "2015-03-31": "1.11990", "2014-12-31": "1.56580", "2014-09-30": "3.41230", "2014-06-30": "3.56440", "2014-03-31": "3.16110", "2013-12-31": "3.06490", "2013-09-30": "1.03340", "2013-06-30": "3.44380", "2013-03-31": "3.30500", "2012-12-31": "3.28030", "2012-09-30": "3.47920", "2012-06-30": "3.89710", "2012-03-31": "3.25960", "2011-12-31": "2.85690", "2011-09-30": "3.47500", "2011-06-30": "4.13110", "2011-03-31": "4.10200", "2010-12-31": "4.26830", "2010-09-30": "3.34140", "2010-06-30": "4.42530", "2010-03-31": "4.29270", "2009-12-31": "4.50640", "2009-09-30": "3.92160", "2009-06-30": "5.05870", "2009-03-31": "4.66840", "2008-12-31": "5.61080", "2008-09-30": "3.99450", "2008-06-30": "4.90950", "2008-03-31": "4.73670", "2007-12-31": "4.94160", "2007-09-30": "4.40910", "2007-06-30": "4.64140", "2007-03-31": "4.63150", "2006-12-31": "2.68160", "2006-09-30": "4.52480", "2006-06-30": "4.67960", "2006-03-31": "3.66050", "2005-12-31": "5.12570", "2005-09-30": "3.26400", "2005-06-30": "4.35270", "2005-03-31": "4.17370"}, "Book Value Per Share": {"2020-12-31": "84.88090", "2020-09-30": "81.94350", "2020-06-30": "82.87190", "2020-03-31": "77.08920", "2019-12-31": "78.18630", "2019-09-30": "77.95450", "2019-06-30": "79.63210", "2019-03-31": "79.00060", "2018-12-31": "79.55020", "2018-09-30": "78.27040", "2018-06-30": "79.82020", "2018-03-31": "79.16110", "2017-12-31": "79.80330", "2017-09-30": "56.80390", "2017-06-30": "55.31170", "2017-03-31": "37.33150", "2016-12-31": "35.63020", "2016-09-30": "35.78680", "2016-06-30": "37.72670", "2016-03-31": "36.12600", "2015-12-31": "34.10020", "2015-09-30": "34.00160", "2015-06-30": "34.49640", "2015-03-31": "34.19040", "2014-12-31": "26.26740", "2014-09-30": "26.33250", "2014-06-30": "28.03440", "2014-03-31": "27.50980", "2013-12-31": "26.30800", "2013-09-30": "25.99500", "2013-06-30": "24.28540", "2013-03-31": "23.62300", "2012-12-31": "23.04310", "2012-09-30": "21.00440", "2012-06-30": "21.21970", "2012-03-31": "22.08330", "2011-12-31": "22.50110", "2011-09-30": "22.47570", "2011-06-30": "24.36640", "2011-03-31": "23.30980", "2010-12-31": "22.06060", "2010-09-30": "23.64750", "2010-06-30": "22.20100", "2010-03-31": "22.07010", "2009-12-31": "22.31730", "2009-09-30": "21.69170", "2009-06-30": "21.77160", "2009-03-31": "20.05570", "2008-12-31": "19.88630", "2008-09-30": "20.30450", "2008-06-30": "20.83240", "2008-03-31": "19.90930", "2007-12-31": "18.53790", "2007-09-30": "17.88880", "2007-06-30": "17.37090", "2007-03-31": "16.85600", "2006-12-31": "16.07170", "2006-09-30": "15.62810", "2006-06-30": "14.53450", "2006-03-31": "14.18770", "2005-12-31": "13.76830", "2005-09-30": "13.25860", "2005-06-30": "13.17910", "2005-03-31": "13.53300"}, "Operating Cash Flow Per Share": {"2020-12-31": "5.23010", "2020-09-30": 5.3145, "2020-06-30": 2.8688, "2020-03-31": 1.7553, "2019-12-31": "2.59320", "2019-09-30": 4.9781, "2019-06-30": 3.3355, "2019-03-31": 2.9121, "2018-12-31": "0.89330", "2018-09-30": 5.1355, "2018-06-30": 1.8872, "2018-03-31": 2.413, "2017-12-31": "1.39110", "2017-09-30": 4.9558, "2017-06-30": 1.6755, "2017-03-31": 3.3269, "2016-12-31": "1.44670", "2016-09-30": 3.2344, "2016-06-30": 3.8187, "2016-03-31": 2.5699, "2015-12-31": "2.14060", "2015-09-30": 3.4423, "2015-06-30": 2.3239, "2015-03-31": 1.119, "2014-12-31": "1.45180", "2014-09-30": 2.7045, "2014-06-30": 2.2379, "2014-03-31": 2.0969, "2013-12-31": "1.79190", "2013-09-30": 3.6429, "2013-06-30": 2.2365, "2013-03-31": 1.608, "2012-12-31": "1.13240", "2012-09-30": 2.5602, "2012-06-30": 2.7954, "2012-03-31": 1.3706, "2011-12-31": "1.36730", "2011-09-30": 2.2388, "2011-06-30": 1.8648, "2011-03-31": 1.1184, "2010-12-31": "2.01680", "2010-09-30": 1.9331, "2010-06-30": 1.9868, "2010-03-31": 1.1607, "2009-12-31": "1.52760", "2009-09-30": 2.454, "2009-06-30": 2.1409, "2009-03-31": 1.0559, "2008-12-31": "1.06920", "2008-09-30": 1.6129, "2008-06-30": 2.0747, "2008-03-31": 0.8457, "2007-12-31": "1.86920", "2007-09-30": 1.3841, "2007-06-30": 1.4347, "2007-03-31": 0.9252, "2006-12-31": "1.08290", "2006-09-30": 1.6284, "2006-06-30": 1.188, "2006-03-31": 0.8105, "2005-12-31": "0.67700", "2005-09-30": 1.6364, "2005-06-30": 1.2808, "2005-03-31": 1.7652}, "Free Cash Flow Per Share": {"2020-12-31": "4.39080", "2020-09-30": 4.5398, "2020-06-30": 2.2114, "2020-03-31": 0.9483, "2019-12-31": "1.96400", "2019-09-30": 3.6788, "2019-06-30": 2.4934, "2019-03-31": 2.1796, "2018-12-31": "0.28440", "2018-09-30": 3.8998, "2018-06-30": 1.2032, "2018-03-31": 1.7243, "2017-12-31": "0.61730", "2017-09-30": 3.8193, "2017-06-30": 0.809, "2017-03-31": 2.5928, "2016-12-31": "0.93230", "2016-09-30": 1.9119, "2016-06-30": 3.147, "2016-03-31": 1.9979, "2015-12-31": "1.52110", "2015-09-30": 2.4917, "2015-06-30": 1.7477, "2015-03-31": 0.3523, "2014-12-31": "0.87310", "2014-09-30": 1.3304, "2014-06-30": 1.5496, "2014-03-31": 1.452, "2013-12-31": "1.19630", "2013-09-30": 2.6435, "2013-06-30": 1.4397, "2013-03-31": 0.9283, "2012-12-31": "0.65640", "2012-09-30": 1.693, "2012-06-30": 2.1693, "2012-03-31": 0.7483, "2011-12-31": "0.83920", "2011-09-30": 1.2716, "2011-06-30": 1.1935, "2011-03-31": 0.5284, "2010-12-31": "1.59820", "2010-09-30": 1.0254, "2010-06-30": 1.4421, "2010-03-31": 0.5666, "2009-12-31": "0.96670", "2009-09-30": 1.4103, "2009-06-30": 1.4848, "2009-03-31": 0.4255, "2008-12-31": "0.58420", "2008-09-30": 0.8445, "2008-06-30": 1.4351, "2008-03-31": 0.1957, "2007-12-31": "1.37410", "2007-09-30": 0.6166, "2007-06-30": 0.8949, "2007-03-31": 0.4167, "2006-12-31": "0.62790", "2006-09-30": 0.8367, "2006-06-30": 0.7301, "2006-03-31": 0.4553, "2005-12-31": "0.41270", "2005-09-30": 1.0833, "2005-06-30": 1.0025, "2005-03-31": 1.3125}}, "revenue": {"Becton Dickinson Annual Revenue (Millions of US $)": {"2020": "$17,117", "2019": "$17,290", "2018": "$15,983", "2017": "$12,093", "2016": "$12,483", "2015": "$10,282", "2014": "$8,446", "2013": "$8,054", "2012": "$7,708", "2011": "$7,584", "2010": "$7,124", "2009": "$6,987", "2008": "$6,898", "2007": "$6,283", "2006": "$5,738", "2005": "$5,341"}, "Becton Dickinson Quarterly Revenue (Millions of US $)": {"2020-12-31": "$5,315", "2020-09-30": "$4,784", "2020-06-30": "$3,855", "2020-03-31": "$4,253", "2019-12-31": "$4,225", "2019-09-30": "$4,585", "2019-06-30": "$4,350", "2019-03-31": "$4,195", "2018-12-31": "$4,160", "2018-09-30": "$4,403", "2018-06-30": "$4,278", "2018-03-31": "$4,222", "2017-12-31": "$3,080", "2017-09-30": "$3,167", "2017-06-30": "$3,035", "2017-03-31": "$2,969", "2016-12-31": "$2,922", "2016-09-30": "$3,232", "2016-06-30": "$3,198", "2016-03-31": "$3,067", "2015-12-31": "$2,986", "2015-09-30": "$3,060", "2015-06-30": "$3,120", "2015-03-31": "$2,051", "2014-12-31": "$2,051", "2014-09-30": "$2,202", "2014-06-30": "$2,157", "2014-03-31": "$2,072", "2013-12-31": "$2,015", "2013-09-30": "$2,101", "2013-06-30": "$2,053", "2013-03-31": "$2,000", "2012-12-31": "$1,900", "2012-09-30": "$1,967", "2012-06-30": "$1,981", "2012-03-31": "$1,929", "2011-12-31": "$1,832", "2011-09-30": "$1,868", "2011-06-30": "$1,952", "2011-03-31": "$1,922", "2010-12-31": "$1,842", "2010-09-30": "$1,625", "2010-06-30": "$1,831", "2010-03-31": "$1,799", "2009-12-31": "$1,869", "2009-09-30": "$1,724", "2009-06-30": "$1,820", "2009-03-31": "$1,725", "2008-12-31": "$1,718", "2008-09-30": "$1,596", "2008-06-30": "$1,849", "2008-03-31": "$1,747", "2007-12-31": "$1,706", "2007-09-30": "$1,574", "2007-06-30": "$1,631", "2007-03-31": "$1,576", "2006-12-31": "$1,502", "2006-09-30": "$1,463", "2006-06-30": "$1,457", "2006-03-31": "$1,424", "2005-12-31": "$1,394", "2005-09-30": "$1,306", "2005-06-30": "$1,381", "2005-03-31": "$1,366"}}, "gross-profit": {"Becton Dickinson Annual Gross Profit (Millions of US $)": {"2020": "$7,577", "2019": "$8,288", "2018": "$7,269", "2017": "$5,965", "2016": "$5,991", "2015": "$4,695", "2014": "$4,301", "2013": "$4,171", "2012": "$3,953", "2011": "$3,959", "2010": "$3,696", "2009": "$3,675", "2008": "$3,540", "2007": "$3,250", "2006": "$2,945", "2005": "$2,718"}, "Becton Dickinson Quarterly Gross Profit (Millions of US $)": {"2020-12-31": "$2,732", "2020-09-30": "$2,206", "2020-06-30": "$1,660", "2020-03-31": "$1,733", "2019-12-31": "$1,978", "2019-09-30": "$2,267", "2019-06-30": "$2,074", "2019-03-31": "$1,974", "2018-12-31": "$1,973", "2018-09-30": "$2,094", "2018-06-30": "$2,016", "2018-03-31": "$1,606", "2017-12-31": "$1,553", "2017-09-30": "$1,578", "2017-06-30": "$1,503", "2017-03-31": "$1,432", "2016-12-31": "$1,452", "2016-09-30": "$1,553", "2016-06-30": "$1,547", "2016-03-31": "$1,483", "2015-12-31": "$1,408", "2015-09-30": "$1,430", "2015-06-30": "$1,174", "2015-03-31": "$1,046", "2014-12-31": "$1,045", "2014-09-30": "$1,102", "2014-06-30": "$1,111", "2014-03-31": "$1,053", "2013-12-31": "$1,035", "2013-09-30": "$1,087", "2013-06-30": "$1,060", "2013-03-31": "$1,018", "2012-12-31": "$1,006", "2012-09-30": "$1,001", "2012-06-30": "$1,033", "2012-03-31": "$988", "2011-12-31": "$931", "2011-09-30": "$952", "2011-06-30": "$1,029", "2011-03-31": "$1,001", "2010-12-31": "$977", "2010-09-30": "$839", "2010-06-30": "$947", "2010-03-31": "$935", "2009-12-31": "$974", "2009-09-30": "$898", "2009-06-30": "$960", "2009-03-31": "$896", "2008-12-31": "$922", "2008-09-30": "$827", "2008-06-30": "$944", "2008-03-31": "$893", "2007-12-31": "$876", "2007-09-30": "$806", "2007-06-30": "$840", "2007-03-31": "$811", "2006-12-31": "$793", "2006-09-30": "$754", "2006-06-30": "$738", "2006-03-31": "$725", "2005-12-31": "$728", "2005-09-30": "$682", "2005-06-30": "$695", "2005-03-31": "$688"}}, "operating-income": {"Becton Dickinson Annual Operating Income (Millions of US $)": {"2020": "$1,484", "2019": "$1,760", "2018": "$1,509", "2017": "$1,522", "2016": "$1,430", "2015": "$1,074", "2014": "$1,606", "2013": "$1,255", "2012": "$1,558", "2011": "$1,665", "2010": "$1,582", "2009": "$1,590", "2008": "$1,488", "2007": "$1,185", "2006": "$1,141", "2005": "$1,064"}, "Becton Dickinson Quarterly Operating Income (Millions of US $)": {"2020-12-31": "$1,242", "2020-09-30": "$255", "2020-06-30": "$359", "2020-03-31": "$369", "2019-12-31": "$501", "2019-09-30": "$112", "2019-06-30": "$626", "2019-03-31": "$136", "2018-12-31": "$886", "2018-09-30": "$576", "2018-06-30": "$511", "2018-03-31": "$187", "2017-12-31": "$235", "2017-09-30": "$491", "2017-06-30": "$-224", "2017-03-31": "$445", "2016-12-31": "$810", "2016-09-30": "$97", "2016-06-30": "$516", "2016-03-31": "$465", "2015-12-31": "$352", "2015-09-30": "$295", "2015-06-30": "$137", "2015-03-31": "$293", "2014-12-31": "$349", "2014-09-30": "$401", "2014-06-30": "$446", "2014-03-31": "$381", "2013-12-31": "$378", "2013-09-30": "$77", "2013-06-30": "$405", "2013-03-31": "$381", "2012-12-31": "$392", "2012-09-30": "$389", "2012-06-30": "$449", "2012-03-31": "$383", "2011-12-31": "$337", "2011-09-30": "$364", "2011-06-30": "$447", "2011-03-31": "$440", "2010-12-31": "$413", "2010-09-30": "$316", "2010-06-30": "$423", "2010-03-31": "$414", "2009-12-31": "$430", "2009-09-30": "$379", "2009-06-30": "$432", "2009-03-31": "$361", "2008-12-31": "$418", "2008-09-30": "$336", "2008-06-30": "$408", "2008-03-31": "$382", "2007-12-31": "$363", "2007-09-30": "$325", "2007-06-30": "$328", "2007-03-31": "$318", "2006-12-31": "$214", "2006-09-30": "$293", "2006-06-30": "$287", "2006-03-31": "$251", "2005-12-31": "$311", "2005-09-30": "$296", "2005-06-30": "$262", "2005-03-31": "$255"}}, "ebitda": {"Becton Dickinson Annual EBITDA (Millions of US $)": {"2020": "$3,638", "2019": "$4,013", "2018": "$3,487", "2017": "$2,610", "2016": "$2,544", "2015": "$1,965", "2014": "$2,168", "2013": "$1,801", "2012": "$2,069", "2011": "$2,159", "2010": "$2,074", "2009": "$2,054", "2008": "$1,960", "2007": "$1,626", "2006": "$1,544", "2005": "$1,447"}, "Becton Dickinson Quarterly EBITDA (Millions of US $)": {"2020-12-31": "$1,797", "2020-09-30": "$808", "2020-06-30": "$893", "2020-03-31": "$906", "2019-12-31": "$1,031", "2019-09-30": "$665", "2019-06-30": "$1,200", "2019-03-31": "$699", "2018-12-31": "$1,449", "2018-09-30": "$1,142", "2018-06-30": "$1,079", "2018-03-31": "$740", "2017-12-31": "$526", "2017-09-30": "$777", "2017-06-30": "$55", "2017-03-31": "$706", "2016-12-31": "$1,072", "2016-09-30": "$370", "2016-06-30": "$788", "2016-03-31": "$745", "2015-12-31": "$641", "2015-09-30": "$610", "2015-06-30": "$436", "2015-03-31": "$431", "2014-12-31": "$488", "2014-09-30": "$550", "2014-06-30": "$587", "2014-03-31": "$511", "2013-12-31": "$520", "2013-09-30": "$219", "2013-06-30": "$544", "2013-03-31": "$517", "2012-12-31": "$521", "2012-09-30": "$516", "2012-06-30": "$572", "2012-03-31": "$511", "2011-12-31": "$470", "2011-09-30": "$494", "2011-06-30": "$567", "2011-03-31": "$563", "2010-12-31": "$536", "2010-09-30": "$429", "2010-06-30": "$553", "2010-03-31": "$539", "2009-12-31": "$553", "2009-09-30": "$491", "2009-06-30": "$550", "2009-03-31": "$478", "2008-12-31": "$535", "2008-09-30": "$455", "2008-06-30": "$529", "2008-03-31": "$498", "2007-12-31": "$478", "2007-09-30": "$443", "2007-06-30": "$440", "2007-03-31": "$428", "2006-12-31": "$315", "2006-09-30": "$399", "2006-06-30": "$386", "2006-03-31": "$349", "2005-12-31": "$410", "2005-09-30": "$391", "2005-06-30": "$357", "2005-03-31": "$354"}}, "net-income": {"Becton Dickinson Annual Net Income (Millions of US $)": {"2020": "$767", "2019": "$1,082", "2018": "$159", "2017": "$1,030", "2016": "$976", "2015": "$695", "2014": "$1,185", "2013": "$1,293", "2012": "$1,170", "2011": "$1,271", "2010": "$1,318", "2009": "$1,232", "2008": "$1,127", "2007": "$890", "2006": "$752", "2005": "$722"}, "Becton Dickinson Quarterly Net Income (Millions of US $)": {"2020-12-31": "$981", "2020-09-30": "$105", "2020-06-30": "$277", "2020-03-31": "$145", "2019-12-31": "$240", "2019-09-30": "$125", "2019-06-30": "$413", "2019-03-31": "$-18", "2018-12-31": "$562", "2018-09-30": "$-173", "2018-06-30": "$556", "2018-03-31": "$-50", "2017-12-31": "$-174", "2017-09-30": "$289", "2017-06-30": "$-165", "2017-03-31": "$344", "2016-12-31": "$562", "2016-09-30": "$19", "2016-06-30": "$390", "2016-03-31": "$338", "2015-12-31": "$229", "2015-09-30": "$181", "2015-06-30": "$62", "2015-03-31": "$216", "2014-12-31": "$236", "2014-09-30": "$301", "2014-06-30": "$326", "2014-03-31": "$287", "2013-12-31": "$271", "2013-09-30": "$90", "2013-06-30": "$302", "2013-03-31": "$276", "2012-12-31": "$625", "2012-09-30": "$289", "2012-06-30": "$327", "2012-03-31": "$291", "2011-12-31": "$263", "2011-09-30": "$300", "2011-06-30": "$343", "2011-03-31": "$312", "2010-12-31": "$316", "2010-09-30": "$397", "2010-06-30": "$307", "2010-03-31": "$298", "2009-12-31": "$316", "2009-09-30": "$317", "2009-06-30": "$341", "2009-03-31": "$261", "2008-12-31": "$312", "2008-09-30": "$282", "2008-06-30": "$297", "2008-03-31": "$276", "2007-12-31": "$272", "2007-09-30": "$260", "2007-06-30": "$245", "2007-03-31": "$243", "2006-12-31": "$143", "2006-09-30": "$174", "2006-06-30": "$206", "2006-03-31": "$154", "2005-12-31": "$218", "2005-09-30": "$149", "2005-06-30": "$190", "2005-03-31": "$188"}}, "eps-earnings-per-share-diluted": {"Becton Dickinson Annual EPS": {"2020": "$2.71", "2019": "$3.94", "2018": "$0.60", "2017": "$4.60", "2016": "$4.49", "2015": "$3.35", "2014": "$5.99", "2013": "$6.49", "2012": "$5.59", "2011": "$5.62", "2010": "$5.49", "2009": "$4.99", "2008": "$4.46", "2007": "$3.49", "2006": "$2.93", "2005": "$2.77"}, "Becton Dickinson Quarterly EPS": {"2020-12-31": "$3.35", "2020-09-30": "$0.34", "2020-06-30": "$0.97", "2020-03-31": "$0.53", "2019-12-31": "$0.87", "2019-09-30": "$0.45", "2019-06-30": "$1.51", "2019-03-31": "$-0.07", "2018-12-31": "$2.05", "2018-09-30": "$-0.48", "2018-06-30": "$2.03", "2018-03-31": "$-0.19", "2017-12-31": "$-0.76", "2017-09-30": "$1.19", "2017-06-30": "$-0.75", "2017-03-31": "$1.58", "2016-12-31": "$2.58", "2016-09-30": "$0.07", "2016-06-30": "$1.80", "2016-03-31": "$1.56", "2015-12-31": "$1.06", "2015-09-30": "$0.78", "2015-06-30": "$0.29", "2015-03-31": "$1.08", "2014-12-31": "$1.20", "2014-09-30": "$1.52", "2014-06-30": "$1.65", "2014-03-31": "$1.45", "2013-12-31": "$1.37", "2013-09-30": "$0.45", "2013-06-30": "$1.52", "2013-03-31": "$1.39", "2012-12-31": "$3.13", "2012-09-30": "$1.40", "2012-06-30": "$1.59", "2012-03-31": "$1.39", "2011-12-31": "$1.21", "2011-09-30": "$1.35", "2011-06-30": "$1.53", "2011-03-31": "$1.38", "2010-12-31": "$1.36", "2010-09-30": "$1.66", "2010-06-30": "$1.29", "2010-03-31": "$1.24", "2009-12-31": "$1.30", "2009-09-30": "$1.28", "2009-06-30": "$1.39", "2009-03-31": "$1.06", "2008-12-31": "$1.26", "2008-09-30": "$1.12", "2008-06-30": "$1.18", "2008-03-31": "$1.09", "2007-12-31": "$1.07", "2007-09-30": "$1.02", "2007-06-30": "$0.96", "2007-03-31": "$0.95", "2006-12-31": "$0.56", "2006-09-30": "$0.67", "2006-06-30": "$0.81", "2006-03-31": "$0.60", "2005-12-31": "$0.85", "2005-09-30": "$0.57", "2005-06-30": "$0.73", "2005-03-31": "$0.72"}}, "shares-outstanding": {"Becton Dickinson Annual Shares Outstanding (Millions of Shares)": {"2020": "282", "2019": "275", "2018": "265", "2017": "224", "2016": "218", "2015": "208", "2014": "198", "2013": "199", "2012": "209", "2011": "226", "2010": "240", "2009": "247", "2008": "253", "2007": "255", "2006": "257", "2005": "261"}, "Becton Dickinson Quarterly Shares Outstanding (Millions of Shares)": {"2020-12-31": "293", "2020-09-30": "282", "2020-06-30": "285", "2020-03-31": "275", "2019-12-31": "275", "2019-09-30": "275", "2019-06-30": "274", "2019-03-31": "270", "2018-12-31": "274", "2018-09-30": "265", "2018-06-30": "274", "2018-03-31": "267", "2017-12-31": "230", "2017-09-30": "224", "2017-06-30": "221", "2017-03-31": "218", "2016-12-31": "218", "2016-09-30": "218", "2016-06-30": "217", "2016-03-31": "217", "2015-12-31": "216", "2015-09-30": "208", "2015-06-30": "215", "2015-03-31": "200", "2014-12-31": "197", "2014-09-30": "198", "2014-06-30": "197", "2014-03-31": "197", "2013-12-31": "198", "2013-09-30": "199", "2013-06-30": "199", "2013-03-31": "198", "2012-12-31": "200", "2012-09-30": "209", "2012-06-30": "205", "2012-03-31": "210", "2011-12-31": "218", "2011-09-30": "226", "2011-06-30": "224", "2011-03-31": "225", "2010-12-31": "233", "2010-09-30": "240", "2010-06-30": "238", "2010-03-31": "241", "2009-12-31": "243", "2009-09-30": "247", "2009-06-30": "246", "2009-03-31": "246", "2008-12-31": "248", "2008-09-30": "253", "2008-06-30": "252", "2008-03-31": "253", "2007-12-31": "253", "2007-09-30": "255", "2007-06-30": "254", "2007-03-31": "255", "2006-12-31": "255", "2006-09-30": "257", "2006-06-30": "255", "2006-03-31": "258", "2005-12-31": "256", "2005-09-30": "261", "2005-06-30": "260", "2005-03-31": "262"}}, "total-assets": {"Becton Dickinson Annual Total Assets (Millions of US $)": {"2020": "$54,012", "2019": "$51,765", "2018": "$53,904", "2017": "$37,734", "2016": "$25,586", "2015": "$26,478", "2014": "$12,447", "2013": "$12,149", "2012": "$11,361", "2011": "$10,430", "2010": "$9,651", "2009": "$9,305", "2008": "$7,913", "2007": "$7,329", "2006": "$6,825", "2005": "$6,133"}, "Becton Dickinson Quarterly Total Assets (Millions of US $)": {"2020-12-31": "$54,748", "2020-09-30": "$54,012", "2020-06-30": "$53,959", "2020-03-31": "$53,516", "2019-12-31": "$51,952", "2019-09-30": "$51,765", "2019-06-30": "$52,233", "2019-03-31": "$52,598", "2018-12-31": "$52,932", "2018-09-30": "$53,904", "2018-06-30": "$53,977", "2018-03-31": "$54,573", "2017-12-31": "$55,363", "2017-09-30": "$37,734", "2017-06-30": "$37,166", "2017-03-31": "$24,121", "2016-12-31": "$24,318", "2016-09-30": "$25,586", "2016-06-30": "$26,016", "2016-03-31": "$26,236", "2015-12-31": "$26,046", "2015-09-30": "$26,478", "2015-06-30": "$27,079", "2015-03-31": "$28,293", "2014-12-31": "$18,503", "2014-09-30": "$12,447", "2014-06-30": "$12,374", "2014-03-31": "$12,250", "2013-12-31": "$12,035", "2013-09-30": "$12,149", "2013-06-30": "$11,587", "2013-03-31": "$11,630", "2012-12-31": "$11,629", "2012-09-30": "$11,361", "2012-06-30": "$11,025", "2012-03-31": "$11,195", "2011-12-31": "$11,413", "2011-09-30": "$10,430", "2011-06-30": "$10,621", "2011-03-31": "$10,344", "2010-12-31": "$10,071", "2010-09-30": "$9,651", "2010-06-30": "$9,032", "2010-03-31": "$8,943", "2009-12-31": "$9,094", "2009-09-30": "$9,305", "2009-06-30": "$8,849", "2009-03-31": "$7,576", "2008-12-31": "$7,661", "2008-09-30": "$7,913", "2008-06-30": "$8,129", "2008-03-31": "$7,801", "2007-12-31": "$7,567", "2007-09-30": "$7,329", "2007-06-30": "$7,123", "2007-03-31": "$6,952", "2006-12-31": "$6,811", "2006-09-30": "$6,825", "2006-06-30": "$6,211", "2006-03-31": "$6,123", "2005-12-31": "$6,231", "2005-09-30": "$6,133", "2005-06-30": "$6,010", "2005-03-31": "$6,003"}}, "cash-on-hand": {"Becton Dickinson Annual Cash on Hand (Millions of US $)": {"2020": "$2,937", "2019": "$620", "2018": "$1,253", "2017": "$14,200", "2016": "$1,907", "2015": "$1,519", "2014": "$2,750", "2013": "$2,608", "2012": "$2,181", "2011": "$1,563", "2010": "$1,744", "2009": "$1,946", "2008": "$1,030", "2007": "$670", "2006": "$1,107", "2005": "$1,130"}, "Becton Dickinson Quarterly Cash on Hand (Millions of US $)": {"2020-12-31": "$3,464", "2020-09-30": "$2,937", "2020-06-30": "$2,986", "2020-03-31": "$2,445", "2019-12-31": "$617", "2019-09-30": "$620", "2019-06-30": "$606", "2019-03-31": "$777", "2018-12-31": "$1,046", "2018-09-30": "$1,253", "2018-06-30": "$1,524", "2018-03-31": "$1,434", "2017-12-31": "$1,321", "2017-09-30": "$14,200", "2017-06-30": "$13,904", "2017-03-31": "$911", "2016-12-31": "$1,283", "2016-09-30": "$1,907", "2016-06-30": "$2,046", "2016-03-31": "$2,022", "2015-12-31": "$1,629", "2015-09-30": "$1,519", "2015-06-30": "$1,718", "2015-03-31": "$2,129", "2014-12-31": "$8,784", "2014-09-30": "$2,750", "2014-06-30": "$2,639", "2014-03-31": "$2,626", "2013-12-31": "$2,513", "2013-09-30": "$2,608", "2013-06-30": "$2,299", "2013-03-31": "$2,421", "2012-12-31": "$2,512", "2012-09-30": "$2,181", "2012-06-30": "$2,188", "2012-03-31": "$2,112", "2011-12-31": "$2,694", "2011-09-30": "$1,563", "2011-06-30": "$1,921", "2011-03-31": "$1,858", "2010-12-31": "$2,247", "2010-09-30": "$1,744", "2010-06-30": "$1,445", "2010-03-31": "$1,258", "2009-12-31": "$1,458", "2009-09-30": "$1,946", "2009-06-30": "$1,752", "2009-03-31": "$730", "2008-12-31": "$777", "2008-09-30": "$1,030", "2008-06-30": "$968", "2008-03-31": "$761", "2007-12-31": "$920", "2007-09-30": "$670", "2007-06-30": "$576", "2007-03-31": "$580", "2006-12-31": "$643", "2006-09-30": "$1,107", "2006-06-30": "$818", "2006-03-31": "$866", "2005-12-31": "$1,257", "2005-09-30": "$1,130", "2005-06-30": "$996", "2005-03-31": "$879"}}, "long-term-debt": {"Becton Dickinson Annual Long Term Debt (Millions of US $)": {"2020": "$17,224", "2019": "$18,081", "2018": "$18,894", "2017": "$18,667", "2016": "$10,550", "2015": "$11,370", "2014": "$3,768", "2013": "$3,763", "2012": "$3,761", "2011": "$2,485", "2010": "$1,495", "2009": "$1,488", "2008": "$953", "2007": "$956", "2006": "$957", "2005": "$1,061"}, "Becton Dickinson Quarterly Long Term Debt (Millions of US $)": {"2020-12-31": "$16,082", "2020-09-30": "$17,224", "2020-06-30": "$17,090", "2020-03-31": "$16,809", "2019-12-31": "$16,949", "2019-09-30": "$18,081", "2019-06-30": "$18,016", "2019-03-31": "$17,556", "2018-12-31": "$17,817", "2018-09-30": "$18,894", "2018-06-30": "$20,350", "2018-03-31": "$22,589", "2017-12-31": "$22,095", "2017-09-30": "$18,667", "2017-06-30": "$18,563", "2017-03-31": "$9,082", "2016-12-31": "$9,043", "2016-09-30": "$10,550", "2016-06-30": "$10,561", "2016-03-31": "$10,864", "2015-12-31": "$10,858", "2015-09-30": "$11,370", "2015-06-30": "$11,367", "2015-03-31": "$12,128", "2014-12-31": "$9,940", "2014-09-30": "$3,768", "2014-06-30": "$3,768", "2014-03-31": "$3,764", "2013-12-31": "$3,764", "2013-09-30": "$3,763", "2013-06-30": "$3,763", "2013-03-31": "$3,762", "2012-12-31": "$3,762", "2012-09-30": "$3,761", "2012-06-30": "$3,761", "2012-03-31": "$3,964", "2011-12-31": "$3,972", "2011-09-30": "$2,485", "2011-06-30": "$2,485", "2011-03-31": "$2,484", "2010-12-31": "$2,485", "2010-09-30": "$1,495", "2010-06-30": "$1,493", "2010-03-31": "$1,490", "2009-12-31": "$1,488", "2009-09-30": "$1,488", "2009-06-30": "$1,484", "2009-03-31": "$748", "2008-12-31": "$748", "2008-09-30": "$953", "2008-06-30": "$955", "2008-03-31": "$960", "2007-12-31": "$958", "2007-09-30": "$956", "2007-06-30": "$953", "2007-03-31": "$956", "2006-12-31": "$956", "2006-09-30": "$957", "2006-06-30": "$954", "2006-03-31": "$957", "2005-12-31": "$959", "2005-09-30": "$1,061", "2005-06-30": "$1,066", "2005-03-31": "$1,051"}}, "total-liabilities": {"Becton Dickinson Annual Total Liabilities (Millions of US $)": {"2020": "$30,247", "2019": "$30,684", "2018": "$32,910", "2017": "$24,786", "2016": "$17,953", "2015": "$19,314", "2014": "$7,394", "2013": "$7,106", "2012": "$7,225", "2011": "$5,602", "2010": "$4,216", "2009": "$4,162", "2008": "$2,977", "2007": "$2,967", "2006": "$2,988", "2005": "$2,849"}, "Becton Dickinson Quarterly Total Liabilities (Millions of US $)": {"2020-12-31": "$30,085", "2020-09-30": "$30,247", "2020-06-30": "$29,937", "2020-03-31": "$32,565", "2019-12-31": "$30,750", "2019-09-30": "$30,684", "2019-06-30": "$30,736", "2019-03-31": "$31,289", "2018-12-31": "$31,528", "2018-09-30": "$32,910", "2018-06-30": "$32,620", "2018-03-31": "$33,421", "2017-12-31": "$34,116", "2017-09-30": "$24,786", "2017-06-30": "$24,579", "2017-03-31": "$16,158", "2016-12-31": "$16,735", "2016-09-30": "$17,953", "2016-06-30": "$17,983", "2016-03-31": "$18,570", "2015-12-31": "$18,823", "2015-09-30": "$19,314", "2015-06-30": "$19,826", "2015-03-31": "$21,134", "2014-12-31": "$13,435", "2014-09-30": "$7,394", "2014-06-30": "$6,996", "2014-03-31": "$6,935", "2013-12-31": "$6,957", "2013-09-30": "$7,106", "2013-06-30": "$6,871", "2013-03-31": "$7,041", "2012-12-31": "$7,160", "2012-09-30": "$7,225", "2012-06-30": "$6,790", "2012-03-31": "$6,719", "2011-12-31": "$6,686", "2011-09-30": "$5,602", "2011-06-30": "$5,322", "2011-03-31": "$5,245", "2010-12-31": "$5,193", "2010-09-30": "$4,216", "2010-06-30": "$3,878", "2010-03-31": "$3,794", "2009-12-31": "$3,834", "2009-09-30": "$4,162", "2009-06-30": "$3,637", "2009-03-31": "$2,772", "2008-12-31": "$2,894", "2008-09-30": "$2,977", "2008-06-30": "$3,055", "2008-03-31": "$2,942", "2007-12-31": "$3,042", "2007-09-30": "$2,967", "2007-06-30": "$2,895", "2007-03-31": "$2,822", "2006-12-31": "$2,880", "2006-09-30": "$2,988", "2006-06-30": "$2,655", "2006-03-31": "$2,614", "2005-12-31": "$2,825", "2005-09-30": "$2,849", "2005-06-30": "$2,716", "2005-03-31": "$2,586"}}, "total-share-holder-equity": {"Becton Dickinson Annual Share Holder Equity (Millions of US $)": {"2020": "$23,765", "2019": "$21,081", "2018": "$20,994", "2017": "$12,948", "2016": "$7,633", "2015": "$7,164", "2014": "$5,053", "2013": "$5,043", "2012": "$4,136", "2011": "$4,828", "2010": "$5,435", "2009": "$5,143", "2008": "$4,936", "2007": "$4,362", "2006": "$3,836", "2005": "$3,284"}, "Becton Dickinson Quarterly Share Holder Equity (Millions of US $)": {"2020-12-31": "$24,663", "2020-09-30": "$23,765", "2020-06-30": "$24,022", "2020-03-31": "$20,951", "2019-12-31": "$21,202", "2019-09-30": "$21,081", "2019-06-30": "$21,497", "2019-03-31": "$21,309", "2018-12-31": "$21,404", "2018-09-30": "$20,994", "2018-06-30": "$21,357", "2018-03-31": "$21,152", "2017-12-31": "$21,247", "2017-09-30": "$12,948", "2017-06-30": "$12,587", "2017-03-31": "$7,963", "2016-12-31": "$7,583", "2016-09-30": "$7,633", "2016-06-30": "$8,033", "2016-03-31": "$7,666", "2015-12-31": "$7,223", "2015-09-30": "$7,164", "2015-06-30": "$7,253", "2015-03-31": "$7,159", "2014-12-31": "$5,068", "2014-09-30": "$5,053", "2014-06-30": "$5,378", "2014-03-31": "$5,315", "2013-12-31": "$5,078", "2013-09-30": "$5,043", "2013-06-30": "$4,717", "2013-03-31": "$4,589", "2012-12-31": "$4,469", "2012-09-30": "$4,136", "2012-06-30": "$4,235", "2012-03-31": "$4,476", "2011-12-31": "$4,728", "2011-09-30": "$4,828", "2011-06-30": "$5,298", "2011-03-31": "$5,099", "2010-12-31": "$4,878", "2010-09-30": "$5,435", "2010-06-30": "$5,154", "2010-03-31": "$5,150", "2009-12-31": "$5,260", "2009-09-30": "$5,143", "2009-06-30": "$5,212", "2009-03-31": "$4,804", "2008-12-31": "$4,767", "2008-09-30": "$4,936", "2008-06-30": "$5,074", "2008-03-31": "$4,859", "2007-12-31": "$4,524", "2007-09-30": "$4,362", "2007-06-30": "$4,228", "2007-03-31": "$4,129", "2006-12-31": "$3,931", "2006-09-30": "$3,836", "2006-06-30": "$3,556", "2006-03-31": "$3,509", "2005-12-31": "$3,405", "2005-09-30": "$3,284", "2005-06-30": "$3,294", "2005-03-31": "$3,417"}}, "profit-margins": {"current": "8.79%"}, "gross margin": {"2020-12-31": "45.76%", "2020-09-30": "44.27%", "2020-06-30": "45.15%", "2020-03-31": "46.24%", "2019-12-31": "47.78%", "2019-09-30": "47.94%", "2019-06-30": "47.43%", "2019-03-31": "47.29%", "2018-12-31": "45.06%", "2018-09-30": "45.48%", "2018-06-30": "45.79%", "2018-03-31": "46.21%", "2017-12-31": "49.51%", "2017-09-30": "49.33%", "2017-06-30": "48.86%", "2017-03-31": "48.57%", "2016-12-31": "48.59%", "2016-09-30": "47.99%", "2016-06-30": "47.66%", "2016-03-31": "44.92%", "2015-12-31": "45.09%", "2015-09-30": "45.66%", "2015-06-30": "46.34%", "2015-03-31": "50.87%", "2014-12-31": "50.83%", "2014-09-30": "50.92%", "2014-06-30": "51.36%", "2014-03-31": "51.39%", "2013-12-31": "51.41%", "2013-09-30": "51.79%", "2013-06-30": "51.58%", "2013-03-31": "51.71%", "2012-12-31": "51.79%", "2012-09-30": "51.28%", "2012-06-30": "51.30%", "2012-03-31": "51.44%", "2011-12-31": "51.66%", "2011-09-30": "52.20%", "2011-06-30": "52.39%", "2011-03-31": "52.13%", "2010-12-31": "52.11%", "2010-09-30": "51.87%", "2010-06-30": "51.97%", "2010-03-31": "52.23%", "2009-12-31": "52.23%", "2009-09-30": "52.61%", "2009-06-30": "52.56%", "2009-03-31": "52.11%", "2008-12-31": "51.90%", "2008-09-30": "51.32%", "2008-06-30": "51.18%", "2008-03-31": "51.29%", "2007-12-31": "51.38%", "2007-09-30": "51.73%", "2007-06-30": "51.81%", "2007-03-31": "51.62%", "2006-12-31": "51.49%", "2006-09-30": "51.32%", "2006-06-30": "51.48%", "2006-03-31": "51.41%", "2005-12-31": "51.28%"}, "operating margin": {"2020-12-31": "12.22%", "2020-09-30": "8.67%", "2020-06-30": "7.93%", "2020-03-31": "9.23%", "2019-12-31": "7.92%", "2019-09-30": "10.18%", "2019-06-30": "13.00%", "2019-03-31": "12.38%", "2018-12-31": "12.66%", "2018-09-30": "9.44%", "2018-06-30": "9.66%", "2018-03-31": "5.10%", "2017-12-31": "7.73%", "2017-09-30": "12.59%", "2017-06-30": "9.28%", "2017-03-31": "15.16%", "2016-12-31": "15.20%", "2016-09-30": "11.46%", "2016-06-30": "13.22%", "2016-03-31": "10.21%", "2015-12-31": "9.60%", "2015-09-30": "10.45%", "2015-06-30": "12.52%", "2015-03-31": "17.60%", "2014-12-31": "18.59%", "2014-09-30": "19.01%", "2014-06-30": "15.36%", "2014-03-31": "15.06%", "2013-12-31": "15.19%", "2013-09-30": "15.58%", "2013-06-30": "19.79%", "2013-03-31": "20.53%", "2012-12-31": "20.74%", "2012-09-30": "20.21%", "2012-06-30": "20.14%", "2012-03-31": "20.20%", "2011-12-31": "20.97%", "2011-09-30": "21.94%", "2011-06-30": "22.01%", "2011-03-31": "22.05%", "2010-12-31": "22.07%", "2010-09-30": "22.22%", "2010-06-30": "22.79%", "2010-03-31": "22.95%", "2009-12-31": "22.44%", "2009-09-30": "22.76%", "2009-06-30": "22.55%", "2009-03-31": "22.11%", "2008-12-31": "22.34%", "2008-09-30": "21.59%", "2008-06-30": "21.50%", "2008-03-31": "21.00%", "2007-12-31": "20.56%", "2007-09-30": "18.86%", "2007-06-30": "18.68%", "2007-03-31": "18.54%", "2006-12-31": "17.88%", "2006-09-30": "19.90%", "2006-06-30": "20.52%", "2006-03-31": "20.35%", "2005-12-31": "20.64%"}, "ebitda margin": {"2020-12-31": "24.19%", "2020-09-30": "21.25%", "2020-06-30": "20.66%", "2020-03-31": "21.83%", "2019-12-31": "20.71%", "2019-09-30": "23.21%", "2019-06-30": "26.25%", "2019-03-31": "25.65%", "2018-12-31": "25.85%", "2018-09-30": "21.82%", "2018-06-30": "21.17%", "2018-03-31": "15.54%", "2017-12-31": "16.85%", "2017-09-30": "21.58%", "2017-06-30": "18.12%", "2017-03-31": "23.83%", "2016-12-31": "23.96%", "2016-09-30": "20.38%", "2016-06-30": "22.61%", "2016-03-31": "19.88%", "2015-12-31": "18.88%", "2015-09-30": "19.11%", "2015-06-30": "20.21%", "2015-03-31": "24.30%", "2014-12-31": "25.18%", "2014-09-30": "25.67%", "2014-06-30": "22.01%", "2014-03-31": "21.77%", "2013-12-31": "22.03%", "2013-09-30": "22.36%", "2013-06-30": "26.49%", "2013-03-31": "27.09%", "2012-12-31": "27.26%", "2012-09-30": "26.84%", "2012-06-30": "26.90%", "2012-03-31": "26.94%", "2011-12-31": "27.65%", "2011-09-30": "28.48%", "2011-06-30": "28.54%", "2011-03-31": "28.82%", "2010-12-31": "28.98%", "2010-09-30": "29.11%", "2010-06-30": "29.57%", "2010-03-31": "29.58%", "2009-12-31": "29.03%", "2009-09-30": "29.40%", "2009-06-30": "29.42%", "2009-03-31": "28.99%", "2008-12-31": "29.19%", "2008-09-30": "28.41%", "2008-06-30": "28.33%", "2008-03-31": "27.92%", "2007-12-31": "27.58%", "2007-09-30": "25.88%", "2007-06-30": "25.63%", "2007-03-31": "25.48%", "2006-12-31": "24.79%", "2006-09-30": "26.91%", "2006-06-30": "27.52%", "2006-03-31": "27.38%", "2005-12-31": "27.76%"}, "pre tax profit margin": {"2020-12-31": "9.60%", "2020-09-30": "5.75%", "2020-06-30": "4.97%", "2020-03-31": "6.05%", "2019-12-31": "4.93%", "2019-09-30": "6.80%", "2019-06-30": "9.31%", "2019-03-31": "10.44%", "2018-12-31": "10.44%", "2018-09-30": "7.34%", "2018-06-30": "7.35%", "2018-03-31": "0.24%", "2017-12-31": "3.18%", "2017-09-30": "8.07%", "2017-06-30": "5.43%", "2017-03-31": "12.06%", "2016-12-31": "12.08%", "2016-09-30": "8.60%", "2016-06-30": "10.19%", "2016-03-31": "7.12%", "2015-12-31": "6.42%", "2015-09-30": "7.19%", "2015-06-30": "9.83%", "2015-03-31": "15.48%", "2014-12-31": "17.07%", "2014-09-30": "18.02%", "2014-06-30": "14.44%", "2014-03-31": "14.09%", "2013-12-31": "14.18%", "2013-09-30": "14.46%", "2013-06-30": "18.51%", "2013-03-31": "19.19%", "2012-12-31": "19.49%", "2012-09-30": "19.09%", "2012-06-30": "19.15%", "2012-03-31": "19.43%", "2011-12-31": "20.21%", "2011-09-30": "21.32%", "2011-06-30": "21.67%", "2011-03-31": "21.73%", "2010-12-31": "21.87%", "2010-09-30": "22.00%", "2010-06-30": "22.47%", "2010-03-31": "22.73%", "2009-12-31": "22.14%", "2009-09-30": "22.60%", "2009-06-30": "22.38%", "2009-03-31": "21.99%", "2008-12-31": "22.36%", "2008-09-30": "21.60%", "2008-06-30": "21.50%", "2008-03-31": "21.01%", "2007-12-31": "20.63%", "2007-09-30": "18.88%", "2007-06-30": "18.73%", "2007-03-31": "18.46%", "2006-12-31": "17.69%", "2006-09-30": "19.62%", "2006-06-30": "20.23%", "2006-03-31": "20.07%", "2005-12-31": "20.29%"}, "net profit margin": {"2020-12-31": "8.28%", "2020-09-30": "4.48%", "2020-06-30": "4.65%", "2020-03-31": "5.30%", "2019-12-31": "4.38%", "2019-09-30": "6.26%", "2019-06-30": "4.58%", "2019-03-31": "5.44%", "2018-12-31": "5.25%", "2018-09-30": "0.99%", "2018-06-30": "4.21%", "2018-03-31": "-0.74%", "2017-12-31": "2.40%", "2017-09-30": "8.52%", "2017-06-30": "6.25%", "2017-03-31": "10.67%", "2016-12-31": "10.54%", "2016-09-30": "7.82%", "2016-06-30": "9.24%", "2016-03-31": "6.62%", "2015-12-31": "6.13%", "2015-09-30": "6.76%", "2015-06-30": "8.65%", "2015-03-31": "12.75%", "2014-12-31": "13.56%", "2014-09-30": "14.03%", "2014-06-30": "11.67%", "2014-03-31": "11.53%", "2013-12-31": "11.49%", "2013-09-30": "16.05%", "2013-06-30": "18.84%", "2013-03-31": "19.33%", "2012-12-31": "19.70%", "2012-09-30": "15.18%", "2012-06-30": "15.52%", "2012-03-31": "15.79%", "2011-12-31": "16.08%", "2011-09-30": "16.76%", "2011-06-30": "18.64%", "2011-03-31": "18.45%", "2010-12-31": "18.57%", "2010-09-30": "18.50%", "2010-06-30": "17.14%", "2010-03-31": "17.64%", "2009-12-31": "17.30%", "2009-09-30": "17.62%", "2009-06-30": "17.44%", "2009-03-31": "16.72%", "2008-12-31": "16.89%", "2008-09-30": "16.34%", "2008-06-30": "16.07%", "2008-03-31": "15.82%", "2007-12-31": "15.72%", "2007-09-30": "14.18%", "2007-06-30": "13.04%", "2007-03-31": "12.77%", "2006-12-31": "11.58%", "2006-09-30": "13.11%", "2006-06-30": "13.03%", "2006-03-31": "12.92%", "2005-12-31": "13.68%"}, "pe ratio": {"current": "21.07", "2021-02-05": "136.92", "2020-12-31": "134.53", "2020-09-30": "84.94", "2020-06-30": "85.48", "2020-03-31": "68.52", "2019-12-31": "98.66", "2019-09-30": "63.80", "2019-06-30": "86.72", "2019-03-31": "72.44", "2018-12-31": "67.56", "2018-09-30": "576.19", "2018-06-30": "100.01", "2018-03-31": "0.00", "2017-12-31": "157.22", "2017-09-30": "40.41", "2017-06-30": "53.26", "2017-03-31": "28.86", "2016-12-31": "26.03", "2016-09-30": "37.61", "2016-06-30": "30.32", "2016-03-31": "37.92", "2015-12-31": "43.94", "2015-09-30": "36.12", "2015-06-30": "31.93", "2015-03-31": "24.21", "2014-12-31": "21.88", "2014-09-30": "17.31", "2014-06-30": "21.80", "2014-03-31": "22.06", "2013-12-31": "20.98", "2013-09-30": "13.78", "2013-06-30": "11.79", "2013-03-31": "11.24", "2012-12-31": "9.14", "2012-09-30": "12.24", "2012-06-30": "11.73", "2012-03-31": "12.24", "2011-12-31": "11.73", "2011-09-30": "11.14", "2011-06-30": "12.32", "2011-03-31": "11.80", "2010-12-31": "12.78", "2010-09-30": "11.27", "2010-06-30": "11.01", "2010-03-31": "12.51", "2009-12-31": "12.91", "2009-09-30": "11.46", "2009-06-30": "12.07", "2009-03-31": "11.84", "2008-12-31": "11.90", "2008-09-30": "14.49", "2008-06-30": "15.07", "2008-03-31": "16.71", "2007-12-31": "16.78", "2007-09-30": "18.84", "2007-06-30": "18.73", "2007-03-31": "20.23", "2006-12-31": "20.83"}, "price sales": {"2021-02-05": "3.98", "2020-12-31": "3.91", "2020-09-30": "3.78", "2020-06-30": "3.89", "2020-03-31": "3.59", "2019-12-31": "4.23", "2019-09-30": "3.93", "2019-06-30": "3.91", "2019-03-31": "3.88", "2018-12-31": "3.47", "2018-09-30": "4.13", "2018-06-30": "3.93", "2018-03-31": "3.66", "2017-12-31": "3.75", "2017-09-30": "3.42", "2017-06-30": "3.35", "2017-03-31": "3.08", "2016-12-31": "2.75", "2016-09-30": "2.95", "2016-06-30": "2.78", "2016-03-31": "2.48", "2015-12-31": "2.69", "2015-09-30": "2.47", "2015-06-30": "2.83", "2015-03-31": "3.09", "2014-12-31": "2.97", "2014-09-30": "2.43", "2014-06-30": "2.55", "2014-03-31": "2.55", "2013-12-31": "2.42", "2013-09-30": "2.21", "2013-06-30": "2.24", "2013-03-31": "2.19", "2012-12-31": "1.83", "2012-09-30": "1.88", "2012-06-30": "1.83", "2012-03-31": "1.94", "2011-12-31": "1.89", "2011-09-30": "1.88", "2011-06-30": "2.30", "2011-03-31": "2.18", "2010-12-31": "2.39", "2010-09-30": "2.10", "2010-06-30": "1.89", "2010-03-31": "2.21", "2009-12-31": "2.24", "2009-09-30": "2.02", "2009-06-30": "2.11", "2009-03-31": "1.98", "2008-12-31": "2.01", "2008-09-30": "2.37", "2008-06-30": "2.40", "2008-03-31": "2.62", "2007-12-31": "2.61", "2007-09-30": "2.64", "2007-06-30": "2.44", "2007-03-31": "2.58", "2006-12-31": "2.42"}, "price book": {"current": "3.00", "2021-02-05": "3.00", "2020-12-31": "2.95", "2020-09-30": "2.83", "2020-06-30": "2.87", "2020-03-31": "2.95", "2019-12-31": "3.43", "2019-09-30": "3.19", "2019-06-30": "3.10", "2019-03-31": "3.09", "2018-12-31": "2.76", "2018-09-30": "3.24", "2018-06-30": "2.91", "2018-03-31": "2.64", "2017-12-31": "2.58", "2017-09-30": "3.31", "2017-06-30": "3.37", "2017-03-31": "4.68", "2016-12-31": "4.40", "2016-09-30": "4.74", "2016-06-30": "4.23", "2016-03-31": "3.94", "2015-12-31": "4.21", "2015-09-30": "3.62", "2015-06-30": "3.80", "2015-03-31": "3.87", "2014-12-31": "4.86", "2014-09-30": "3.94", "2014-06-30": "3.83", "2014-03-31": "3.85", "2013-12-31": "3.78", "2013-09-30": "3.45", "2013-06-30": "3.63", "2013-03-31": "3.59", "2012-12-31": "2.99", "2012-09-30": "3.28", "2012-06-30": "3.07", "2012-03-31": "3.04", "2011-12-31": "2.86", "2011-09-30": "2.79", "2011-06-30": "3.01", "2011-03-31": "2.89", "2010-12-31": "3.23", "2010-09-30": "2.63", "2010-06-30": "2.54", "2010-03-31": "2.96", "2009-12-31": "2.92", "2009-09-30": "2.64", "2009-06-30": "2.68", "2009-03-31": "2.73", "2008-12-31": "2.78", "2008-09-30": "3.18", "2008-06-30": "3.13", "2008-03-31": "3.45", "2007-12-31": "3.59", "2007-09-30": "3.64", "2007-06-30": "3.40", "2007-03-31": "3.60", "2006-12-31": "3.43", "2006-09-30": "3.55", "2006-06-30": "3.29", "2006-03-31": "3.38"}, "price fcf": {"2021-02-05": "", "2020-12-31": "$12.09", "2020-09-30": "$9.66", "2020-06-30": "$8.80", "2020-03-31": "$9.08", "2019-12-31": "$10.32", "2019-09-30": "$8.64", "2019-06-30": "$8.86", "2019-03-31": "$7.57", "2018-12-31": "$7.11", "2018-09-30": "$7.44", "2018-06-30": "$7.36", "2018-03-31": "$6.97", "2017-12-31": "$7.84", "2017-09-30": "$8.15", "2017-06-30": "$6.25", "2017-03-31": "$8.58", "2016-12-31": "$7.99", "2016-09-30": "$8.58", "2016-06-30": "$9.16", "2016-03-31": "$7.76", "2015-12-31": "$6.11", "2015-09-30": "$5.46", "2015-06-30": "$4.30", "2015-03-31": "$4.11", "2014-12-31": "$5.21", "2014-09-30": "$5.53", "2014-06-30": "$6.84", "2014-03-31": "$6.73", "2013-12-31": "$6.21", "2013-09-30": "$5.67", "2013-06-30": "$4.72", "2013-03-31": "$5.45", "2012-12-31": "$5.27", "2012-09-30": "$5.45", "2012-06-30": "$5.03", "2012-03-31": "$4.05", "2011-12-31": "$3.83", "2011-09-30": "$4.59", "2011-06-30": "$4.35", "2011-03-31": "$4.59", "2010-12-31": "$4.63", "2010-09-30": "$4.00", "2010-06-30": "$4.39", "2010-03-31": "$4.43", "2009-12-31": "$4.29", "2009-09-30": "$3.90", "2009-06-30": "$3.34", "2009-03-31": "$3.29", "2008-12-31": "$3.06", "2008-09-30": "$3.85", "2008-06-30": "$3.62", "2008-03-31": "$3.08", "2007-12-31": "$3.30", "2007-09-30": "$2.56", "2007-06-30": "$2.78", "2007-03-31": "$2.61", "2006-12-31": "$3.06"}, "net worth": {"value": "$74.07B"}, "current ratio": {"current": "1.36", "2020-12-31": "1.36", "2020-09-30": "1.54", "2020-06-30": "1.46", "2020-03-31": "0.98", "2019-12-31": "0.96", "2019-09-30": "1.18", "2019-06-30": "1.09", "2019-03-31": "0.96", "2018-12-31": "0.97", "2018-09-30": "1.03", "2018-06-30": "1.23", "2018-03-31": "1.70", "2017-12-31": "1.54", "2017-09-30": "5.58", "2017-06-30": "5.56", "2017-03-31": "1.22", "2016-12-31": "1.14", "2016-09-30": "1.45", "2016-06-30": "1.55", "2016-03-31": "1.51", "2015-12-31": "1.25", "2015-09-30": "1.29", "2015-06-30": "1.40", "2015-03-31": "1.56", "2014-12-31": "5.82", "2014-09-30": "2.74", "2014-06-30": "2.89", "2014-03-31": "2.95", "2013-12-31": "2.88", "2013-09-30": "2.76", "2013-06-30": "3.21", "2013-03-31": "2.93", "2012-12-31": "2.73", "2012-09-30": "2.69", "2012-06-30": "2.80", "2012-03-31": "3.27", "2011-12-31": "3.55", "2011-09-30": "2.56", "2011-06-30": "3.06", "2011-03-31": "3.08", "2010-12-31": "3.07", "2010-09-30": "2.70", "2010-06-30": "2.69", "2010-03-31": "2.69", "2009-12-31": "2.64", "2009-09-30": "2.62", "2009-06-30": "2.73", "2009-03-31": "2.26", "2008-12-31": "2.12", "2008-09-30": "2.55", "2008-06-30": "2.49", "2008-03-31": "2.48", "2007-12-31": "2.24", "2007-09-30": "2.12", "2007-06-30": "2.09", "2007-03-31": "2.12", "2006-12-31": "1.92", "2006-09-30": "2.02", "2006-06-30": "2.07", "2006-03-31": "2.18", "2005-12-31": "2.03", "2005-09-30": "2.29", "2005-06-30": "2.34", "2005-03-31": "2.54"}, "quick ratio": {"2020-12-31": "0.96", "2020-09-30": "1.07", "2020-06-30": "0.97", "2020-03-31": "0.66", "2019-12-31": "0.55", "2019-09-30": "0.72", "2019-06-30": "0.67", "2019-03-31": "0.59", "2018-12-31": "0.62", "2018-09-30": "0.69", "2018-06-30": "0.81", "2018-03-31": "1.12", "2017-12-31": "0.94", "2017-09-30": "5.03", "2017-06-30": "5.01", "2017-03-31": "0.78", "2016-12-31": "0.77", "2016-09-30": "1.06", "2016-06-30": "1.11", "2016-03-31": "1.09", "2015-12-31": "0.81", "2015-09-30": "0.85", "2015-06-30": "0.95", "2015-03-31": "1.05", "2014-12-31": "5.09", "2014-09-30": "2.07", "2014-06-30": "2.15", "2014-03-31": "2.20", "2013-12-31": "2.14", "2013-09-30": "2.10", "2013-06-30": "2.38", "2013-03-31": "2.19", "2012-12-31": "2.06", "2012-09-30": "2.06", "2012-06-30": "2.14", "2012-03-31": "2.46", "2011-12-31": "2.76", "2011-09-30": "1.88", "2011-06-30": "2.26", "2011-03-31": "2.27", "2010-12-31": "2.33", "2010-09-30": "2.01", "2010-06-30": "1.96", "2010-03-31": "1.89", "2009-12-31": "1.88", "2009-09-30": "1.96", "2009-06-30": "2.00", "2009-03-31": "1.47", "2008-12-31": "1.40", "2008-09-30": "1.79", "2008-06-30": "1.71", "2008-03-31": "1.65", "2007-12-31": "1.51", "2007-09-30": "1.41", "2007-06-30": "1.37", "2007-03-31": "1.39", "2006-12-31": "1.29", "2006-09-30": "1.47", "2006-06-30": "1.43", "2006-03-31": "1.53", "2005-12-31": "1.50", "2005-09-30": "1.69", "2005-06-30": "1.70", "2005-03-31": "1.83"}, "debt equity ratio": {"current": "0.65", "2020-12-31": "1.22", "2020-09-30": "1.27", "2020-06-30": "1.25", "2020-03-31": "1.55", "2019-12-31": "1.45", "2019-09-30": "1.46", "2019-06-30": "1.43", "2019-03-31": "1.47", "2018-12-31": "1.47", "2018-09-30": "1.57", "2018-06-30": "1.53", "2018-03-31": "1.58", "2017-12-31": "1.61", "2017-09-30": "1.91", "2017-06-30": "1.95", "2017-03-31": "2.03", "2016-12-31": "2.21", "2016-09-30": "2.35", "2016-06-30": "2.24", "2016-03-31": "2.42", "2015-12-31": "2.61", "2015-09-30": "2.70", "2015-06-30": "2.73", "2015-03-31": "2.95", "2014-12-31": "2.65", "2014-09-30": "1.46", "2014-06-30": "1.30", "2014-03-31": "1.31", "2013-12-31": "1.37", "2013-09-30": "1.41", "2013-06-30": "1.46", "2013-03-31": "1.53", "2012-12-31": "1.60", "2012-09-30": "1.75", "2012-06-30": "1.60", "2012-03-31": "1.50", "2011-12-31": "1.41", "2011-09-30": "1.16", "2011-06-30": "1.01", "2011-03-31": "1.03", "2010-12-31": "1.07", "2010-09-30": "0.78", "2010-06-30": "0.75", "2010-03-31": "0.74", "2009-12-31": "0.73", "2009-09-30": "0.81", "2009-06-30": "0.70", "2009-03-31": "0.58", "2008-12-31": "0.61", "2008-09-30": "0.60", "2008-06-30": "0.60", "2008-03-31": "0.61", "2007-12-31": "0.67", "2007-09-30": "0.68", "2007-06-30": "0.69", "2007-03-31": "0.68", "2006-12-31": "0.73", "2006-09-30": "0.78", "2006-06-30": "0.75", "2006-03-31": "0.75", "2005-12-31": "0.83", "2005-09-30": "0.87", "2005-06-30": "0.83", "2005-03-31": "0.76"}, "return on equity": {"2020-12-31": "6.46%", "2020-09-30": "3.41%", "2020-06-30": "3.61%", "2020-03-31": "4.36%", "2019-12-31": "3.57%", "2019-09-30": "5.07%", "2019-06-30": "3.68%", "2019-03-31": "4.36%", "2018-12-31": "4.22%", "2018-09-30": "0.75%", "2018-06-30": "3.24%", "2018-03-31": "-0.59%", "2017-12-31": "2.15%", "2017-09-30": "10.03%", "2017-06-30": "8.50%", "2017-03-31": "16.85%", "2016-12-31": "16.94%", "2016-09-30": "12.78%", "2016-06-30": "15.13%", "2016-03-31": "11.06%", "2015-12-31": "9.56%", "2015-09-30": "10.43%", "2015-06-30": "13.29%", "2015-03-31": "19.05%", "2014-12-31": "22.10%", "2014-09-30": "22.76%", "2014-06-30": "18.72%", "2014-03-31": "18.86%", "2013-12-31": "19.33%", "2013-09-30": "27.48%", "2013-06-30": "33.32%", "2013-03-31": "34.82%", "2012-12-31": "35.39%", "2012-09-30": "26.63%", "2012-06-30": "25.86%", "2012-03-31": "24.77%", "2011-12-31": "24.42%", "2011-09-30": "25.29%", "2011-06-30": "26.42%", "2011-03-31": "25.91%", "2010-12-31": "25.57%", "2010-09-30": "25.11%", "2010-06-30": "23.91%", "2010-03-31": "24.50%", "2009-12-31": "24.19%", "2009-09-30": "24.71%", "2009-06-30": "24.26%", "2009-03-31": "23.53%", "2008-12-31": "23.77%", "2008-09-30": "23.25%", "2008-06-30": "23.49%", "2008-03-31": "23.44%", "2007-12-31": "23.66%", "2007-09-30": "21.41%", "2007-06-30": "19.97%", "2007-03-31": "19.83%", "2006-12-31": "18.26%", "2006-09-30": "21.03%", "2006-06-30": "21.14%", "2006-03-31": "21.08%", "2005-12-31": "22.24%"}, "return on assets": {"2020-12-31": "2.79%", "2020-09-30": "1.44%", "2020-06-30": "1.49%", "2020-03-31": "1.76%", "2019-12-31": "1.46%", "2019-09-30": "2.07%", "2019-06-30": "1.48%", "2019-03-31": "1.74%", "2018-12-31": "1.66%", "2018-09-30": "0.29%", "2018-06-30": "1.23%", "2018-03-31": "-0.22%", "2017-12-31": "0.76%", "2017-09-30": "3.34%", "2017-06-30": "2.73%", "2017-03-31": "5.26%", "2016-12-31": "5.13%", "2016-09-30": "3.76%", "2016-06-30": "4.34%", "2016-03-31": "3.06%", "2015-12-31": "2.55%", "2015-09-30": "2.77%", "2015-06-30": "3.78%", "2015-03-31": "6.03%", "2014-12-31": "8.28%", "2014-09-30": "9.65%", "2014-06-30": "7.98%", "2014-03-31": "7.91%", "2013-12-31": "7.92%", "2013-09-30": "11.01%", "2013-06-30": "12.92%", "2013-03-31": "13.29%", "2012-12-31": "13.55%", "2012-09-30": "10.40%", "2012-06-30": "10.72%", "2012-03-31": "10.97%", "2011-12-31": "11.38%", "2011-09-30": "12.26%", "2011-06-30": "13.45%", "2011-03-31": "13.63%", "2010-12-31": "13.99%", "2010-09-30": "14.36%", "2010-06-30": "13.61%", "2010-03-31": "14.06%", "2009-12-31": "14.19%", "2009-09-30": "14.75%", "2009-06-30": "14.95%", "2009-03-31": "14.73%", "2008-12-31": "14.82%", "2008-09-30": "14.35%", "2008-06-30": "14.34%", "2008-03-31": "14.12%", "2007-12-31": "14.08%", "2007-09-30": "12.63%", "2007-06-30": "11.62%", "2007-03-31": "11.43%", "2006-12-31": "10.43%", "2006-09-30": "11.85%", "2006-06-30": "11.77%", "2006-03-31": "11.61%", "2005-12-31": "12.22%"}, "return on investments": {"2020-12-31": "5.54%", "2020-09-30": "3.76%", "2020-06-30": "3.43%", "2020-03-31": "4.16%", "2019-12-31": "3.53%", "2019-09-30": "4.49%", "2019-06-30": "5.65%", "2019-03-31": "5.28%", "2018-12-31": "5.25%", "2018-09-30": "3.58%", "2018-06-30": "3.55%", "2018-03-31": "1.84%", "2017-12-31": "3.08%", "2017-09-30": "6.31%", "2017-06-30": "5.44%", "2017-03-31": "10.61%", "2016-12-31": "10.50%", "2016-09-30": "7.79%", "2016-06-30": "8.83%", "2016-03-31": "6.77%", "2015-12-31": "5.78%", "2015-09-30": "6.01%", "2015-06-30": "7.65%", "2015-03-31": "11.40%", "2014-12-31": "15.00%", "2014-09-30": "17.90%", "2014-06-30": "14.29%", "2014-03-31": "14.10%", "2013-12-31": "14.40%", "2013-09-30": "14.82%", "2013-06-30": "19.02%", "2013-03-31": "19.84%", "2012-12-31": "19.81%", "2012-09-30": "18.87%", "2012-06-30": "18.90%", "2012-03-31": "19.00%", "2011-12-31": "20.24%", "2011-09-30": "22.16%", "2011-06-30": "21.79%", "2011-03-31": "22.33%", "2010-12-31": "22.71%", "2010-09-30": "23.48%", "2010-06-30": "24.69%", "2010-03-31": "24.78%", "2009-12-31": "25.01%", "2009-09-30": "26.07%", "2009-06-30": "26.16%", "2009-03-31": "26.50%", "2008-12-31": "26.56%", "2008-09-30": "25.65%", "2008-06-30": "26.10%", "2008-03-31": "25.65%", "2007-12-31": "25.33%", "2007-09-30": "23.15%", "2007-06-30": "23.12%", "2007-03-31": "23.08%", "2006-12-31": "22.41%", "2006-09-30": "25.19%", "2006-06-30": "25.90%", "2006-03-31": "25.55%", "2005-12-31": "25.63%"}, "return on tangible equity": {"2020-12-31": "-10.62%", "2020-09-30": "-5.02%", "2020-06-30": "-4.87%", "2020-03-31": "-5.40%", "2019-12-31": "-4.38%", "2019-09-30": "-6.12%", "2019-06-30": "-4.33%", "2019-03-31": "-5.02%", "2018-12-31": "-4.75%", "2018-09-30": "-0.82%", "2018-06-30": "-4.23%", "2018-03-31": "0.98%", "2017-12-31": "-4.35%", "2017-09-30": "-32.15%", "2017-06-30": "-16.55%", "2017-03-31": "-22.62%", "2016-12-31": "-21.74%", "2016-09-30": "-15.50%", "2016-06-30": "-17.16%", "2016-03-31": "-11.55%", "2015-12-31": "-9.23%", "2015-09-30": "-14.12%", "2015-06-30": "-35.88%", "2015-03-31": "251.37%", "2014-12-31": "34.99%", "2014-09-30": "35.90%", "2014-06-30": "29.74%", "2014-03-31": "30.60%", "2013-12-31": "32.18%", "2013-09-30": "46.99%", "2013-06-30": "58.77%", "2013-03-31": "61.79%", "2012-12-31": "62.30%", "2012-09-30": "45.50%", "2012-06-30": "42.65%", "2012-03-31": "38.66%", "2011-12-31": "36.65%", "2011-09-30": "36.50%", "2011-06-30": "36.43%", "2011-03-31": "35.23%", "2010-12-31": "34.24%", "2010-09-30": "33.50%", "2010-06-30": "31.50%", "2010-03-31": "31.69%", "2009-12-31": "30.82%", "2009-09-30": "31.05%", "2009-06-30": "30.64%", "2009-03-31": "29.97%", "2008-12-31": "30.41%", "2008-09-30": "29.96%", "2008-06-30": "30.60%", "2008-03-31": "30.87%", "2007-12-31": "31.54%", "2007-09-30": "28.87%", "2007-06-30": "26.81%", "2007-03-31": "26.64%", "2006-12-31": "24.52%", "2006-09-30": "27.69%", "2006-06-30": "27.76%", "2006-03-31": "27.41%", "2005-12-31": "28.59%"}, "dividend yield history": {"last payout": "$3.32", "last yield": "1.30%"}}