{"ticker": "BEN", "price": {"title": "Franklin Resources Historical Annual Stock Price Data", "value": 27.22, "historical": {"2021": {"Average Stock Price": "26.3300", "Year Open": "24.3400", "Year High": "27.7300", "Year Low": "24.2800", "Year Close": "27.2200", "Annual % Change": "8.92%"}, "2020": {"Average Stock Price": "21.2753", "Year Open": "25.6100", "Year High": "26.3100", "Year Low": "15.3000", "Year Close": "24.9900", "Annual % Change": "-3.81%"}, "2019": {"Average Stock Price": "30.8082", "Year Open": "29.8500", "Year High": "35.6700", "Year Low": "25.8000", "Year Close": "25.9800", "Annual % Change": "-12.41%"}, "2018": {"Average Stock Price": "34.2281", "Year Open": "43.2500", "Year High": "45.8600", "Year Low": "27.7600", "Year Close": "29.6600", "Annual % Change": "-31.55%"}, "2017": {"Average Stock Price": "42.8429", "Year Open": "40.4400", "Year High": "47.2800", "Year Low": "39.7400", "Year Close": "43.3300", "Annual % Change": "9.47%"}, "2016": {"Average Stock Price": "36.1343", "Year Open": "36.1800", "Year High": "42.0200", "Year Low": "30.6700", "Year Close": "39.5800", "Annual % Change": "7.50%"}, "2015": {"Average Stock Price": "46.5987", "Year Open": "55.4900", "Year High": "55.4900", "Year Low": "35.0000", "Year Close": "36.8200", "Annual % Change": "-33.50%"}, "2014": {"Average Stock Price": "54.9571", "Year Open": "56.7200", "Year High": "58.8400", "Year Low": "50.2000", "Year Close": "55.3700", "Annual % Change": "-4.09%"}, "2013": {"Average Stock Price": "50.0610", "Year Open": "43.3233", "Year High": "57.7300", "Year Low": "43.2633", "Year Close": "57.7300", "Annual % Change": "37.78%"}, "2012": {"Average Stock Price": "39.4664", "Year Open": "33.0067", "Year High": "44.4467", "Year Low": "32.0867", "Year Close": "41.9000", "Annual % Change": "30.86%"}, "2011": {"Average Stock Price": "38.7431", "Year Open": "37.7233", "Year High": "45.7533", "Year Low": "30.1267", "Year Close": "32.0200", "Annual % Change": "-13.62%"}, "2010": {"Average Stock Price": "35.4045", "Year Open": "36.0000", "Year High": "41.5300", "Year Low": "28.3233", "Year Close": "37.0700", "Annual % Change": "5.56%"}, "2009": {"Average Stock Price": "26.2927", "Year Open": "22.2000", "Year High": "38.5467", "Year Low": "12.8867", "Year Close": "35.1167", "Annual % Change": "65.18%"}, "2008": {"Average Stock Price": "29.8109", "Year Open": "37.8967", "Year High": "37.8967", "Year Low": "16.4667", "Year Close": "21.2600", "Annual % Change": "-44.26%"}, "2007": {"Average Stock Price": "42.1239", "Year Open": "37.7933", "Year High": "47.9833", "Year Low": "36.4300", "Year Close": "38.1433", "Annual % Change": "3.87%"}, "2006": {"Average Stock Price": "32.6680", "Year Open": "31.9667", "Year High": "38.0000", "Year Low": "27.0767", "Year Close": "36.7233", "Annual % Change": "17.19%"}, "2005": {"Average Stock Price": "26.0178", "Year Open": "23.1767", "Year High": "32.6767", "Year Low": "21.4600", "Year Close": "31.3367", "Annual % Change": "34.97%"}, "2004": {"Average Stock Price": "18.6012", "Year Open": "17.3967", "Year High": "23.5833", "Year Low": "15.7900", "Year Close": "23.2167", "Annual % Change": "33.79%"}, "2003": {"Average Stock Price": "13.4728", "Year Open": "11.7567", "Year High": "17.3533", "Year Low": "10.1333", "Year Close": "17.3533", "Annual % Change": "52.76%"}, "2002": {"Average Stock Price": "12.4640", "Year Open": "11.7300", "Year High": "14.7100", "Year Low": "9.3933", "Year Close": "11.3600", "Annual % Change": "-3.37%"}, "2001": {"Average Stock Price": "13.4519", "Year Open": "12.5000", "Year High": "15.9433", "Year Low": "10.5467", "Year Close": "11.7567", "Annual % Change": "-7.43%"}, "2000": {"Average Stock Price": "11.5980", "Year Open": "10.5633", "Year High": "15.1133", "Year Low": "8.3967", "Year Close": "12.7000", "Annual % Change": "18.84%"}, "1999": {"Average Stock Price": "11.5267", "Year Open": "11.9167", "Year High": "15.0000", "Year Low": "9.0833", "Year Close": "10.6867", "Annual % Change": "0.19%"}, "1998": {"Average Stock Price": "14.7403", "Year Open": "14.6567", "Year High": "19.1033", "Year Low": "8.7933", "Year Close": "10.6667", "Annual % Change": "-26.39%"}, "1997": {"Average Stock Price": "12.2113", "Year Open": "7.4589", "Year High": "17.2667", "Year Low": "7.4589", "Year Close": "14.4900", "Annual % Change": "90.74%"}, "1996": {"Average Stock Price": "6.6899", "Year Open": "5.5689", "Year High": "8.2917", "Year Low": "5.1806", "Year Close": "7.5967", "Annual % Change": "35.71%"}, "1995": {"Average Stock Price": "5.0542", "Year Open": "3.9311", "Year High": "6.4167", "Year Low": "3.7089", "Year Close": "5.5978", "Annual % Change": "41.40%"}, "1994": {"Average Stock Price": "4.3803", "Year Open": "4.8200", "Year High": "5.5278", "Year Low": "3.7778", "Year Close": "3.9589", "Annual % Change": "-22.34%"}, "1993": {"Average Stock Price": "4.5314", "Year Open": "4.0422", "Year High": "5.7367", "Year Low": "3.5700", "Year Close": "5.0978", "Annual % Change": "31.09%"}, "1992": {"Average Stock Price": "3.1947", "Year Open": "3.1044", "Year High": "4.3056", "Year Low": "2.5556", "Year Close": "3.8889", "Annual % Change": "23.89%"}, "1991": {"Average Stock Price": "2.1095", "Year Open": "1.6878", "Year High": "3.1389", "Year Low": "1.6456", "Year Close": "3.1389", "Annual % Change": "86.77%"}, "1990": {"Average Stock Price": "1.6400", "Year Open": "1.6111", "Year High": "1.9794", "Year Low": "1.2706", "Year Close": "1.6806", "Annual % Change": "5.84%"}, "1989": {"Average Stock Price": "1.3045", "Year Open": "0.8426", "Year High": "1.6622", "Year Low": "0.8426", "Year Close": "1.5878", "Annual % Change": "90.54%"}, "1988": {"Average Stock Price": "0.7543", "Year Open": "0.7037", "Year High": "0.8704", "Year Low": "0.6389", "Year Close": "0.8333", "Annual % Change": "26.76%"}, "1987": {"Average Stock Price": "0.8477", "Year Open": "0.7926", "Year High": "1.2406", "Year Low": "0.4907", "Year Close": "0.6574", "Annual % Change": "-16.28%"}, "1986": {"Average Stock Price": "0.6987", "Year Open": "0.4950", "Year High": "0.8543", "Year Low": "0.4754", "Year Close": "0.7852", "Annual % Change": "58.63%"}, "1985": {"Average Stock Price": "0.2478", "Year Open": "0.0488", "Year High": "0.4950", "Year Low": "0.0488", "Year Close": "0.4950", "Annual % Change": "929.11%"}}}, "market cap": {"value": "$13.45B"}, "income statement": {"Revenue": {"2020-09-30": "5566.50000", "2019-09-30": "5669.40000", "2018-09-30": "6204.50000", "2017-09-30": "6392.20000", "2016-09-30": "6618.00000", "2015-09-30": "7948.70000", "2014-09-30": "8491.40000", "2013-09-30": "7985.00000", "2012-09-30": "7101.00000", "2011-09-30": "7140.00000", "2010-09-30": "5853.00000", "2009-09-30": "4194.08700", "2008-09-30": "6032.38600", "2007-09-30": "6205.76900", "2006-09-30": "5050.72600", "2005-09-30": "4310.09800"}, "Cost Of Goods Sold": {"2020-09-30": "", "2019-09-30": "", "2018-09-30": "", "2017-09-30": "", "2016-09-30": "", "2015-09-30": "", "2014-09-30": "", "2013-09-30": "", "2012-09-30": "", "2011-09-30": "", "2010-09-30": "", "2009-09-30": "", "2008-09-30": "1937.11300", "2007-09-30": "2160.63100", "2006-09-30": "1641.40100", "2005-09-30": "1406.13700"}, "Gross Profit": {"2020-09-30": "5566.50000", "2019-09-30": "5669.40000", "2018-09-30": "6204.50000", "2017-09-30": "6392.20000", "2016-09-30": "6618.00000", "2015-09-30": "7948.70000", "2014-09-30": "8491.40000", "2013-09-30": "7985.00000", "2012-09-30": "7101.00000", "2011-09-30": "7140.00000", "2010-09-30": "5853.00000", "2009-09-30": "4194.08700", "2008-09-30": "4095.27300", "2007-09-30": "4045.13800", "2006-09-30": "3409.32500", "2005-09-30": "2903.96100"}, "Research And Development Expenses": {"2020-09-30": "", "2019-09-30": "", "2018-09-30": "", "2017-09-30": "", "2016-09-30": "", "2015-09-30": "", "2014-09-30": "", "2013-09-30": "", "2012-09-30": "", "2011-09-30": "", "2010-09-30": "", "2009-09-30": "", "2008-09-30": "", "2007-09-30": "", "2006-09-30": "", "2005-09-30": ""}, "SG&A Expenses": {"2020-09-30": "4463.60000", "2019-09-30": "4187.80000", "2018-09-30": "4174.50000", "2017-09-30": "4127.90000", "2016-09-30": "4252.30000", "2015-09-30": "4921.10000", "2014-09-30": "5270.20000", "2013-09-30": "5063.70000", "2012-09-30": "4585.80000", "2011-09-30": "4480.20000", "2010-09-30": "3894.30000", "2009-09-30": "2991.49300", "2008-09-30": "1625.95200", "2007-09-30": "1587.95400", "2006-09-30": "1395.05500", "2005-09-30": "1294.45700"}, "Other Operating Income Or Expenses": {"2020-09-30": "", "2019-09-30": "", "2018-09-30": "", "2017-09-30": "", "2016-09-30": "", "2015-09-30": "", "2014-09-30": "", "2013-09-30": "", "2012-09-30": "", "2011-09-30": "", "2010-09-30": "", "2009-09-30": "", "2008-09-30": "-192.31500", "2007-09-30": "-231.52300", "2006-09-30": "-251.01600", "2005-09-30": "-198.65800"}, "Operating Expenses": {"2020-09-30": "4517.60000", "2019-09-30": "4202.50000", "2018-09-30": "4176.30000", "2017-09-30": "4127.90000", "2016-09-30": "4252.30000", "2015-09-30": "4921.10000", "2014-09-30": "5270.20000", "2013-09-30": "5063.70000", "2012-09-30": "4585.80000", "2011-09-30": "4480.20000", "2010-09-30": "3894.30000", "2009-09-30": "2991.49300", "2008-09-30": "3933.38400", "2007-09-30": "4138.22200", "2006-09-30": "3417.34500", "2005-09-30": "3021.72200"}, "Operating Income": {"2020-09-30": "1048.90000", "2019-09-30": "1466.90000", "2018-09-30": "2028.20000", "2017-09-30": "2264.30000", "2016-09-30": "2365.70000", "2015-09-30": "3027.60100", "2014-09-30": "3221.20100", "2013-09-30": "2921.30000", "2012-09-30": "2515.20000", "2011-09-30": "2659.80000", "2010-09-30": "1958.70000", "2009-09-30": "1202.59400", "2008-09-30": "2099.00200", "2007-09-30": "2067.54700", "2006-09-30": "1633.38100", "2005-09-30": "1288.37600"}, "Total Non-Operating Income/Expense": {"2020-09-30": "-31.00000", "2019-09-30": "180.90000", "2018-09-30": "187.00000", "2017-09-30": "284.80000", "2016-09-30": "134.10000", "2015-09-30": "0.80000", "2014-09-30": "188.40000", "2013-09-30": "105.30000", "2012-09-30": "163.00000", "2011-09-30": "-35.60000", "2010-09-30": "111.10000", "2009-09-30": "86.01100", "2008-09-30": "149.19300", "2007-09-30": "397.75400", "2006-09-30": "202.18500", "2005-09-30": "132.47900"}, "Pre-Tax Income": {"2020-09-30": "1017.90000", "2019-09-30": "1647.80000", "2018-09-30": "2215.20000", "2017-09-30": "2549.10000", "2016-09-30": "2499.80000", "2015-09-30": "3028.40000", "2014-09-30": "3409.60000", "2013-09-30": "3026.60000", "2012-09-30": "2678.20000", "2011-09-30": "2624.20000", "2010-09-30": "2069.80000", "2009-09-30": "1288.60500", "2008-09-30": "2248.19500", "2007-09-30": "2465.30100", "2006-09-30": "1835.56600", "2005-09-30": "1420.85500"}, "Income Taxes": {"2020-09-30": "230.80000", "2019-09-30": "442.30000", "2018-09-30": "1472.50000", "2017-09-30": "759.40000", "2016-09-30": "742.10000", "2015-09-30": "923.70000", "2014-09-30": "997.90000", "2013-09-30": "855.90000", "2012-09-30": "762.70000", "2011-09-30": "803.40000", "2010-09-30": "618.30000", "2009-09-30": "384.31400", "2008-09-30": "648.37600", "2007-09-30": "692.36300", "2006-09-30": "567.99800", "2005-09-30": "363.22400"}, "Income After Taxes": {"2020-09-30": "787.10000", "2019-09-30": "1205.50000", "2018-09-30": "742.70000", "2017-09-30": "1789.70000", "2016-09-30": "1757.70000", "2015-09-30": "2104.70000", "2014-09-30": "2411.70000", "2013-09-30": "2170.70000", "2012-09-30": "1915.50000", "2011-09-30": "1820.80000", "2010-09-30": "1451.50000", "2009-09-30": "904.29100", "2008-09-30": "1599.81900", "2007-09-30": "1772.93800", "2006-09-30": "1267.56800", "2005-09-30": "1057.63100"}, "Other Income": {"2020-09-30": "", "2019-09-30": "", "2018-09-30": "", "2017-09-30": "", "2016-09-30": "", "2015-09-30": "", "2014-09-30": "", "2013-09-30": "", "2012-09-30": "", "2011-09-30": "", "2010-09-30": "", "2009-09-30": "", "2008-09-30": "", "2007-09-30": "", "2006-09-30": "", "2005-09-30": ""}, "Income From Continuous Operations": {"2020-09-30": "787.10000", "2019-09-30": "1205.50000", "2018-09-30": "742.70000", "2017-09-30": "1789.70000", "2016-09-30": "1757.70000", "2015-09-30": "2104.70000", "2014-09-30": "2411.70000", "2013-09-30": "2170.70000", "2012-09-30": "1915.50000", "2011-09-30": "1820.80000", "2010-09-30": "1451.50000", "2009-09-30": "904.29100", "2008-09-30": "1599.81900", "2007-09-30": "1772.93800", "2006-09-30": "1267.56800", "2005-09-30": "1057.63100"}, "Income From Discontinued Operations": {"2020-09-30": "", "2019-09-30": "", "2018-09-30": "", "2017-09-30": "", "2016-09-30": "", "2015-09-30": "", "2014-09-30": "", "2013-09-30": "", "2012-09-30": "", "2011-09-30": "", "2010-09-30": "", "2009-09-30": "", "2008-09-30": "", "2007-09-30": "", "2006-09-30": "", "2005-09-30": ""}, "Net Income": {"2020-09-30": "783.60000", "2019-09-30": "1184.80000", "2018-09-30": "746.80000", "2017-09-30": "1684.30000", "2016-09-30": "1715.80000", "2015-09-30": "2023.30000", "2014-09-30": "2370.00000", "2013-09-30": "2136.30000", "2012-09-30": "1919.70000", "2011-09-30": "1915.00000", "2010-09-30": "1438.10000", "2009-09-30": "890.42600", "2008-09-30": "1578.29100", "2007-09-30": "1772.93800", "2006-09-30": "1267.56800", "2005-09-30": "1057.63100"}, "EBITDA": {"2020-09-30": "1257.70000", "2019-09-30": "1646.10000", "2018-09-30": "2185.30000", "2017-09-30": "2416.60000", "2016-09-30": "2528.00000", "2015-09-30": "3237.80100", "2014-09-30": "3443.60100", "2013-09-30": "3152.80000", "2012-09-30": "2727.20000", "2011-09-30": "2903.40000", "2010-09-30": "2226.10000", "2009-09-30": "1383.86600", "2008-09-30": "2314.22400", "2007-09-30": "2266.16600", "2006-09-30": "1848.65200", "2005-09-30": "1500.54900"}, "EBIT": {"2020-09-30": "1048.90000", "2019-09-30": "1466.90000", "2018-09-30": "2028.20000", "2017-09-30": "2264.30000", "2016-09-30": "2365.70000", "2015-09-30": "3027.60100", "2014-09-30": "3221.20100", "2013-09-30": "2921.30000", "2012-09-30": "2515.20000", "2011-09-30": "2659.80000", "2010-09-30": "1958.70000", "2009-09-30": "1202.59400", "2008-09-30": "2099.00200", "2007-09-30": "2067.54700", "2006-09-30": "1633.38100", "2005-09-30": "1288.37600"}, "Basic Shares Outstanding": {"2020-09-30": "491.90000", "2019-09-30": "503.60000", "2018-09-30": "537.40000", "2017-09-30": "558.80000", "2016-09-30": "583.80000", "2015-09-30": "614.80000", "2014-09-30": "624.80000", "2013-09-30": "633.10000", "2012-09-30": "641.40000", "2011-09-30": "663.10000", "2010-09-30": "678.30000", "2009-09-30": "691.00200", "2008-09-30": "709.18800", "2007-09-30": "747.59100", "2006-09-30": "765.70200", "2005-09-30": "751.41600"}, "Shares Outstanding": {"2020-09-30": "492.40000", "2019-09-30": "504.30000", "2018-09-30": "538.00000", "2017-09-30": "559.10000", "2016-09-30": "583.80000", "2015-09-30": "614.90000", "2014-09-30": "625.20000", "2013-09-30": "634.10000", "2012-09-30": "643.30000", "2011-09-30": "666.30000", "2010-09-30": "682.20000", "2009-09-30": "694.35300", "2008-09-30": "714.80400", "2007-09-30": "756.35400", "2006-09-30": "785.23500", "2005-09-30": "787.68300"}, "Basic EPS": {"2020-09-30": "1.59000", "2019-09-30": "2.35000", "2018-09-30": "1.39000", "2017-09-30": "3.01000", "2016-09-30": "2.94000", "2015-09-30": "3.29000", "2014-09-30": "3.79000", "2013-09-30": "3.37000", "2012-09-30": "2.99000", "2011-09-30": "2.89000", "2010-09-30": "2.12000", "2009-09-30": "1.29000", "2008-09-30": "2.22670", "2007-09-30": "2.37000", "2006-09-30": "1.65670", "2005-09-30": "1.40670"}, "EPS - Earnings Per Share": {"2020-09-30": "1.59000", "2019-09-30": "2.35000", "2018-09-30": "1.39000", "2017-09-30": "3.01000", "2016-09-30": "2.94000", "2015-09-30": "3.29000", "2014-09-30": "3.79000", "2013-09-30": "3.37000", "2012-09-30": "2.98000", "2011-09-30": "2.87000", "2010-09-30": "2.11000", "2009-09-30": "1.28330", "2008-09-30": "2.20670", "2007-09-30": "2.34330", "2006-09-30": "1.62000", "2005-09-30": "1.35330"}}, "income statement, quarterly": {"Revenue": {"2020-12-31": "1995.10000", "2020-09-30": "1650.90000", "2020-06-30": "1188.10000", "2020-03-31": "1338.30000", "2019-12-31": "1389.20000", "2019-09-30": "1347.40000", "2019-06-30": "1476.70000", "2019-03-31": "1433.80000", "2018-12-31": "1411.50000", "2018-09-30": "1412.60000", "2018-06-30": "1558.60000", "2018-03-31": "1617.80000", "2017-12-31": "1615.50000", "2017-09-30": "1616.90000", "2017-06-30": "1613.90000", "2017-03-31": "1600.60000", "2016-12-31": "1560.80000", "2016-09-30": "1611.80000", "2016-06-30": "1634.30000", "2016-03-31": "1613.90000", "2015-12-31": "1758.00000", "2015-09-30": "1873.80000", "2015-06-30": "2000.80000", "2015-03-31": "2009.80000", "2014-12-31": "2064.30000", "2014-09-30": "2155.50000", "2014-06-30": "2130.50000", "2014-03-31": "2095.90000", "2013-12-31": "2109.50000", "2013-09-30": "1984.80000", "2013-06-30": "2084.80000", "2013-03-31": "2013.60000", "2012-12-31": "1901.80000", "2012-09-30": "1816.20000", "2012-06-30": "1783.60000", "2012-03-31": "1799.30000", "2011-12-31": "1701.90000", "2011-09-30": "1837.09100", "2011-06-30": "1853.03300", "2011-03-31": "1749.56300", "2010-12-31": "1700.31300", "2010-09-30": "1528.40500", "2010-06-30": "1534.07100", "2010-03-31": "1413.11300", "2009-12-31": "1377.41100", "2009-09-30": "1238.92700", "2009-06-30": "1073.55800", "2009-03-31": "912.27200", "2008-12-31": "969.33000", "2008-09-30": "1321.45400", "2008-06-30": "1521.64900", "2008-03-31": "1503.69200", "2007-12-31": "1685.59100", "2007-09-30": "1629.13700", "2007-06-30": "1639.81100", "2007-03-31": "1509.00600", "2006-12-31": "1427.81500", "2006-09-30": "1297.22900", "2006-06-30": "1317.27500", "2006-03-31": "1254.77000", "2005-12-31": "1181.45200", "2005-09-30": "1163.16100", "2005-06-30": "1109.73400", "2005-03-31": "1051.18100"}, "Cost Of Goods Sold": {"2020-12-31": "", "2020-09-30": "", "2020-06-30": "", "2020-03-31": "", "2019-12-31": "", "2019-09-30": "", "2019-06-30": "", "2019-03-31": "", "2018-12-31": "", "2018-09-30": "", "2018-06-30": "", "2018-03-31": "", "2017-12-31": "", "2017-09-30": "", "2017-06-30": "", "2017-03-31": "", "2016-12-31": "", "2016-09-30": "", "2016-06-30": "", "2016-03-31": "", "2015-12-31": "", "2015-09-30": "", "2015-06-30": "", "2015-03-31": "", "2014-12-31": "", "2014-09-30": "", "2014-06-30": "", "2014-03-31": "", "2013-12-31": "", "2013-09-30": "", "2013-06-30": "", "2013-03-31": "", "2012-12-31": "", "2012-09-30": "", "2012-06-30": "", "2012-03-31": "", "2011-12-31": "", "2011-09-30": "", "2011-06-30": "", "2011-03-31": "", "2010-12-31": "", "2010-09-30": "", "2010-06-30": "", "2010-03-31": "", "2009-12-31": "535.59300", "2009-09-30": "", "2009-06-30": "350.67500", "2009-03-31": "293.53400", "2008-12-31": "289.52900", "2008-09-30": "406.52600", "2008-06-30": "492.38500", "2008-03-31": "485.61200", "2007-12-31": "552.59000", "2007-09-30": "552.72900", "2007-06-30": "595.90500", "2007-03-31": "533.94600", "2006-12-31": "478.05100", "2006-09-30": "417.36110", "2006-06-30": "430.72700", "2006-03-31": "413.23600", "2005-12-31": "380.07700", "2005-09-30": "387.68200", "2005-06-30": "359.65700", "2005-03-31": "347.37600"}, "Gross Profit": {"2020-12-31": "1995.10000", "2020-09-30": "1650.90000", "2020-06-30": "1188.10000", "2020-03-31": "1338.30000", "2019-12-31": "1389.20000", "2019-09-30": "1347.40000", "2019-06-30": "1476.70000", "2019-03-31": "1433.80000", "2018-12-31": "1411.50000", "2018-09-30": "1412.60000", "2018-06-30": "1558.60000", "2018-03-31": "1617.80000", "2017-12-31": "1615.50000", "2017-09-30": "1616.90000", "2017-06-30": "1613.90000", "2017-03-31": "1600.60000", "2016-12-31": "1560.80000", "2016-09-30": "1611.80000", "2016-06-30": "1634.30000", "2016-03-31": "1613.90000", "2015-12-31": "1758.00000", "2015-09-30": "1873.80000", "2015-06-30": "2000.80000", "2015-03-31": "2009.80000", "2014-12-31": "2064.30000", "2014-09-30": "2155.50000", "2014-06-30": "2130.50000", "2014-03-31": "2095.90000", "2013-12-31": "2109.50000", "2013-09-30": "1984.80000", "2013-06-30": "2084.80000", "2013-03-31": "2013.60000", "2012-12-31": "1901.80000", "2012-09-30": "1816.20000", "2012-06-30": "1783.60000", "2012-03-31": "1799.30000", "2011-12-31": "1701.90000", "2011-09-30": "1837.09100", "2011-06-30": "1853.03300", "2011-03-31": "1749.56300", "2010-12-31": "1700.31300", "2010-09-30": "1528.40500", "2010-06-30": "1534.07100", "2010-03-31": "1413.11300", "2009-12-31": "841.81800", "2009-09-30": "1238.92700", "2009-06-30": "722.88300", "2009-03-31": "618.73800", "2008-12-31": "679.80100", "2008-09-30": "914.92850", "2008-06-30": "1029.26400", "2008-03-31": "1018.08000", "2007-12-31": "1133.00100", "2007-09-30": "1076.40800", "2007-06-30": "1043.90600", "2007-03-31": "975.06000", "2006-12-31": "949.76390", "2006-09-30": "879.86800", "2006-06-30": "886.54800", "2006-03-31": "841.53410", "2005-12-31": "801.37500", "2005-09-30": "775.47910", "2005-06-30": "750.07700", "2005-03-31": "703.80510"}, "Research And Development Expenses": {"2020-12-31": "", "2020-09-30": "", "2020-06-30": "", "2020-03-31": "", "2019-12-31": "", "2019-09-30": "", "2019-06-30": "", "2019-03-31": "", "2018-12-31": "", "2018-09-30": "", "2018-06-30": "", "2018-03-31": "", "2017-12-31": "", "2017-09-30": "", "2017-06-30": "", "2017-03-31": "", "2016-12-31": "", "2016-09-30": "", "2016-06-30": "", "2016-03-31": "", "2015-12-31": "", "2015-09-30": "", "2015-06-30": "", "2015-03-31": "", "2014-12-31": "", "2014-09-30": "", "2014-06-30": "", "2014-03-31": "", "2013-12-31": "", "2013-09-30": "", "2013-06-30": "", "2013-03-31": "", "2012-12-31": "", "2012-09-30": "", "2012-06-30": "", "2012-03-31": "", "2011-12-31": "", "2011-09-30": "", "2011-06-30": "", "2011-03-31": "", "2010-12-31": "", "2010-09-30": "", "2010-06-30": "", "2010-03-31": "", "2009-12-31": "", "2009-09-30": "", "2009-06-30": "", "2009-03-31": "", "2008-12-31": "", "2008-09-30": "", "2008-06-30": "", "2008-03-31": "", "2007-12-31": "", "2007-09-30": "", "2007-06-30": "", "2007-03-31": "", "2006-12-31": "", "2006-09-30": "", "2006-06-30": "", "2006-03-31": "", "2005-12-31": "", "2005-09-30": "", "2005-06-30": "", "2005-03-31": ""}, "SG&A Expenses": {"2020-12-31": "1527.80000", "2020-09-30": "1535.50000", "2020-06-30": "934.40000", "2020-03-31": "982.20000", "2019-12-31": "1011.50000", "2019-09-30": "1031.70000", "2019-06-30": "1101.80000", "2019-03-31": "1054.30000", "2018-12-31": "1000.00000", "2018-09-30": "1022.50000", "2018-06-30": "1055.50000", "2018-03-31": "1062.10000", "2017-12-31": "1034.40000", "2017-09-30": "1059.20000", "2017-06-30": "1049.70000", "2017-03-31": "1045.10000", "2016-12-31": "973.90000", "2016-09-30": "1032.40000", "2016-06-30": "1038.90000", "2016-03-31": "1076.60000", "2015-12-31": "1104.40000", "2015-09-30": "1155.70000", "2015-06-30": "1231.00000", "2015-03-31": "1252.10000", "2014-12-31": "1282.30000", "2014-09-30": "1320.20000", "2014-06-30": "1343.70000", "2014-03-31": "1309.90000", "2013-12-31": "1296.40000", "2013-09-30": "1249.70000", "2013-06-30": "1313.10000", "2013-03-31": "1284.20000", "2012-12-31": "1216.70000", "2012-09-30": "1193.50000", "2012-06-30": "1140.60000", "2012-03-31": "1182.20000", "2011-12-31": "1069.50000", "2011-09-30": "1148.70300", "2011-06-30": "1170.33600", "2011-03-31": "1120.08100", "2010-12-31": "1041.07900", "2010-09-30": "1554.97400", "2010-06-30": "1012.50700", "2010-03-31": "951.97800", "2009-12-31": "374.84100", "2009-09-30": "1998.74100", "2009-06-30": "327.03400", "2009-03-31": "328.83000", "2008-12-31": "336.88800", "2008-09-30": "402.61790", "2008-06-30": "408.93200", "2008-03-31": "407.85100", "2007-12-31": "406.55100", "2007-09-30": "430.94600", "2007-06-30": "407.60900", "2007-03-31": "388.45900", "2006-12-31": "360.94000", "2006-09-30": "373.05400", "2006-06-30": "358.07700", "2006-03-31": "341.21200", "2005-12-31": "322.71200", "2005-09-30": "328.14310", "2005-06-30": "343.06900", "2005-03-31": "318.82500"}, "Other Operating Income Or Expenses": {"2020-12-31": "", "2020-09-30": "", "2020-06-30": "", "2020-03-31": "", "2019-12-31": "", "2019-09-30": "", "2019-06-30": "", "2019-03-31": "", "2018-12-31": "", "2018-09-30": "", "2018-06-30": "", "2018-03-31": "", "2017-12-31": "", "2017-09-30": "", "2017-06-30": "", "2017-03-31": "", "2016-12-31": "", "2016-09-30": "", "2016-06-30": "", "2016-03-31": "", "2015-12-31": "", "2015-09-30": "", "2015-06-30": "", "2015-03-31": "", "2014-12-31": "", "2014-09-30": "", "2014-06-30": "", "2014-03-31": "", "2013-12-31": "", "2013-09-30": "", "2013-06-30": "", "2013-03-31": "", "2012-12-31": "", "2012-09-30": "", "2012-06-30": "", "2012-03-31": "", "2011-12-31": "", "2011-09-30": "", "2011-06-30": "", "2011-03-31": "", "2010-12-31": "", "2010-09-30": "", "2010-06-30": "", "2010-03-31": "", "2009-12-31": "", "2009-09-30": "", "2009-06-30": "-36.79800", "2009-03-31": "-32.83200", "2008-12-31": "-37.93700", "2008-09-30": "-52.14300", "2008-06-30": "-46.18200", "2008-03-31": "-47.82000", "2007-12-31": "-46.17000", "2007-09-30": "-58.13900", "2007-06-30": "-76.47400", "2007-03-31": "-49.90300", "2006-12-31": "-47.00700", "2006-09-30": "-56.87900", "2006-06-30": "-42.32100", "2006-03-31": "-114.09400", "2005-12-31": "-37.72200", "2005-09-30": "-60.79800", "2005-06-30": "-26.82000", "2005-03-31": "-76.73300"}, "Operating Expenses": {"2020-12-31": "1586.00000", "2020-09-30": "1584.70000", "2020-06-30": "934.40000", "2020-03-31": "982.20000", "2019-12-31": "1016.30000", "2019-09-30": "1046.40000", "2019-06-30": "1101.80000", "2019-03-31": "1054.30000", "2018-12-31": "1000.00000", "2018-09-30": "1024.30000", "2018-06-30": "1055.50000", "2018-03-31": "1062.10000", "2017-12-31": "1034.40000", "2017-09-30": "1059.20000", "2017-06-30": "1049.70000", "2017-03-31": "1045.10000", "2016-12-31": "973.90000", "2016-09-30": "1032.40000", "2016-06-30": "1038.90000", "2016-03-31": "1076.60000", "2015-12-31": "1104.40000", "2015-09-30": "1155.70000", "2015-06-30": "1231.00000", "2015-03-31": "1252.10000", "2014-12-31": "1282.30000", "2014-09-30": "1320.20000", "2014-06-30": "1343.70000", "2014-03-31": "1309.90000", "2013-12-31": "1296.40000", "2013-09-30": "1249.69900", "2013-06-30": "1313.10000", "2013-03-31": "1284.20000", "2012-12-31": "1216.70000", "2012-09-30": "1193.50000", "2012-06-30": "1140.60000", "2012-03-31": "1182.20000", "2011-12-31": "1069.50000", "2011-09-30": "1148.70400", "2011-06-30": "1170.33600", "2011-03-31": "1120.08100", "2010-12-31": "1041.07900", "2010-09-30": "1019.38100", "2010-06-30": "1012.50700", "2010-03-31": "951.97800", "2009-12-31": "910.43400", "2009-09-30": "854.20500", "2009-06-30": "747.37190", "2009-03-31": "688.95010", "2008-12-31": "700.96600", "2008-09-30": "909.48270", "2008-06-30": "989.43400", "2008-03-31": "984.60500", "2007-12-31": "1049.86200", "2007-09-30": "1087.74900", "2007-06-30": "1120.80500", "2007-03-31": "1009.92300", "2006-12-31": "919.74510", "2006-09-30": "870.17720", "2006-06-30": "865.28900", "2006-03-31": "905.01300", "2005-12-31": "776.86600", "2005-09-30": "794.62880", "2005-06-30": "763.25500", "2005-03-31": "777.90000"}, "Operating Income": {"2020-12-31": "409.10000", "2020-09-30": "66.19970", "2020-06-30": "253.70000", "2020-03-31": "356.10000", "2019-12-31": "372.90000", "2019-09-30": "301.00020", "2019-06-30": "374.89990", "2019-03-31": "379.50000", "2018-12-31": "411.49990", "2018-09-30": "388.30020", "2018-06-30": "503.10000", "2018-03-31": "555.70010", "2017-12-31": "581.10000", "2017-09-30": "557.70040", "2017-06-30": "564.20000", "2017-03-31": "555.50000", "2016-12-31": "586.90010", "2016-09-30": "579.40040", "2016-06-30": "595.40000", "2016-03-31": "537.30000", "2015-12-31": "653.60010", "2015-09-30": "718.10070", "2015-06-30": "769.80000", "2015-03-31": "757.70010", "2014-12-31": "782.00010", "2014-09-30": "835.30080", "2014-06-30": "786.79990", "2014-03-31": "786.00000", "2013-12-31": "813.10010", "2013-09-30": "735.10060", "2013-06-30": "771.70010", "2013-03-31": "729.39990", "2012-12-31": "685.10010", "2012-09-30": "622.70030", "2012-06-30": "643.00000", "2012-03-31": "617.10000", "2011-12-31": "632.40000", "2011-09-30": "688.38710", "2011-06-30": "682.69690", "2011-03-31": "629.48190", "2010-12-31": "659.23400", "2010-09-30": "509.02370", "2010-06-30": "521.56400", "2010-03-31": "461.13510", "2009-12-31": "466.97700", "2009-09-30": "384.72170", "2009-06-30": "326.18600", "2009-03-31": "223.32190", "2008-12-31": "268.36400", "2008-09-30": "411.97180", "2008-06-30": "532.21500", "2008-03-31": "519.08700", "2007-12-31": "635.72890", "2007-09-30": "541.38840", "2007-06-30": "519.00600", "2007-03-31": "499.08290", "2006-12-31": "508.06990", "2006-09-30": "427.05190", "2006-06-30": "451.98600", "2006-03-31": "349.75700", "2005-12-31": "404.58610", "2005-09-30": "368.53230", "2005-06-30": "346.47900", "2005-03-31": "273.28100"}, "Total Non-Operating Income/Expense": {"2020-12-31": "128.20000", "2020-09-30": "133.40000", "2020-06-30": "16.10000", "2020-03-31": "-253.20000", "2019-12-31": "72.70000", "2019-09-30": "94.80000", "2019-06-30": "38.60000", "2019-03-31": "113.00000", "2018-12-31": "-65.50000", "2018-09-30": "95.00000", "2018-06-30": "-55.90000", "2018-03-31": "77.40000", "2017-12-31": "70.50000", "2017-09-30": "100.70000", "2017-06-30": "79.30000", "2017-03-31": "72.00000", "2016-12-31": "32.80000", "2016-09-30": "56.90000", "2016-06-30": "53.50000", "2016-03-31": "5.20000", "2015-12-31": "18.50000", "2015-09-30": "-122.40000", "2015-06-30": "-18.40000", "2015-03-31": "101.20000", "2014-12-31": "40.40000", "2014-09-30": "50.50000", "2014-06-30": "96.70000", "2014-03-31": "5.60000", "2013-12-31": "35.60000", "2013-09-30": "-11.60000", "2013-06-30": "0.30000", "2013-03-31": "85.60000", "2012-12-31": "31.00000", "2012-09-30": "55.70000", "2012-06-30": "-28.10000", "2012-03-31": "72.80000", "2011-12-31": "62.60000", "2011-09-30": "-127.56700", "2011-06-30": "4.44700", "2011-03-31": "49.08700", "2010-12-31": "38.43300", "2010-09-30": "43.33900", "2010-06-30": "-26.76800", "2010-03-31": "47.22100", "2009-12-31": "47.30800", "2009-09-30": "129.90000", "2009-06-30": "96.86600", "2009-03-31": "-47.09100", "2008-12-31": "-93.66400", "2008-09-30": "53.38400", "2008-06-30": "21.67700", "2008-03-31": "0.38100", "2007-12-31": "73.75100", "2007-09-30": "78.34390", "2007-06-30": "115.51500", "2007-03-31": "108.62200", "2006-12-31": "95.27300", "2006-09-30": "65.70100", "2006-06-30": "37.23700", "2006-03-31": "65.25500", "2005-12-31": "33.99200", "2005-09-30": "50.89700", "2005-06-30": "17.23400", "2005-03-31": "28.78300"}, "Pre-Tax Income": {"2020-12-31": "537.30000", "2020-09-30": "199.60000", "2020-06-30": "269.80000", "2020-03-31": "102.90000", "2019-12-31": "445.60000", "2019-09-30": "395.80000", "2019-06-30": "413.50000", "2019-03-31": "492.50000", "2018-12-31": "346.00000", "2018-09-30": "483.30000", "2018-06-30": "447.20000", "2018-03-31": "633.10000", "2017-12-31": "651.60000", "2017-09-30": "658.40010", "2017-06-30": "643.50000", "2017-03-31": "627.50000", "2016-12-31": "619.70000", "2016-09-30": "636.30000", "2016-06-30": "648.90000", "2016-03-31": "542.50000", "2015-12-31": "672.10000", "2015-09-30": "595.70000", "2015-06-30": "751.40000", "2015-03-31": "858.90000", "2014-12-31": "822.40000", "2014-09-30": "885.80010", "2014-06-30": "883.50000", "2014-03-31": "791.60000", "2013-12-31": "848.70000", "2013-09-30": "723.50010", "2013-06-30": "772.00000", "2013-03-31": "815.00000", "2012-12-31": "716.10000", "2012-09-30": "678.39980", "2012-06-30": "614.90000", "2012-03-31": "689.90000", "2011-12-31": "695.00000", "2011-09-30": "560.81990", "2011-06-30": "687.14400", "2011-03-31": "678.56900", "2010-12-31": "697.66700", "2010-09-30": "552.36310", "2010-06-30": "494.79600", "2010-03-31": "508.35600", "2009-12-31": "514.28500", "2009-09-30": "514.62190", "2009-06-30": "423.05200", "2009-03-31": "176.23100", "2008-12-31": "174.70000", "2008-09-30": "465.35500", "2008-06-30": "553.89200", "2008-03-31": "519.46800", "2007-12-31": "709.48000", "2007-09-30": "619.73190", "2007-06-30": "634.52100", "2007-03-31": "607.70500", "2006-12-31": "603.34300", "2006-09-30": "492.75310", "2006-06-30": "489.22300", "2006-03-31": "415.01200", "2005-12-31": "438.57800", "2005-09-30": "419.42900", "2005-06-30": "363.71300", "2005-03-31": "302.06400"}, "Income Taxes": {"2020-12-31": "142.50000", "2020-09-30": "73.10000", "2020-06-30": "16.10000", "2020-03-31": "44.10000", "2019-12-31": "97.50000", "2019-09-30": "86.50000", "2019-06-30": "158.90000", "2019-03-31": "110.90000", "2018-12-31": "86.00000", "2018-09-30": "7.00000", "2018-06-30": "91.80000", "2018-03-31": "150.20000", "2017-12-31": "1223.50000", "2017-09-30": "181.90010", "2017-06-30": "184.10000", "2017-03-31": "192.50000", "2016-12-31": "200.90000", "2016-09-30": "163.29990", "2016-06-30": "187.40000", "2016-03-31": "181.70000", "2015-12-31": "209.70000", "2015-09-30": "214.20000", "2015-06-30": "217.40000", "2015-03-31": "236.00000", "2014-12-31": "256.10000", "2014-09-30": "255.00000", "2014-06-30": "251.40000", "2014-03-31": "238.80000", "2013-12-31": "252.70000", "2013-09-30": "213.00000", "2013-06-30": "209.90000", "2013-03-31": "221.60000", "2012-12-31": "211.40000", "2012-09-30": "174.40000", "2012-06-30": "184.90000", "2012-03-31": "202.10000", "2011-12-31": "201.30000", "2011-09-30": "203.90210", "2011-06-30": "208.94400", "2011-03-31": "183.00400", "2010-12-31": "207.55000", "2010-09-30": "176.50500", "2010-06-30": "135.11300", "2010-03-31": "149.94600", "2009-12-31": "156.73600", "2009-09-30": "136.18000", "2009-06-30": "116.20400", "2009-03-31": "67.15900", "2008-12-31": "64.77100", "2008-09-30": "153.25990", "2008-06-30": "150.58000", "2008-03-31": "153.37200", "2007-12-31": "191.16400", "2007-09-30": "182.82400", "2007-06-30": "166.15700", "2007-03-31": "166.83900", "2006-12-31": "176.54300", "2006-09-30": "111.08400", "2006-06-30": "117.80900", "2006-03-31": "218.49600", "2005-12-31": "120.60900", "2005-09-30": "84.93400", "2005-06-30": "101.84000", "2005-03-31": "80.79000"}, "Income After Taxes": {"2020-12-31": "394.80000", "2020-09-30": "126.50000", "2020-06-30": "253.70000", "2020-03-31": "58.80000", "2019-12-31": "348.10000", "2019-09-30": "309.30000", "2019-06-30": "254.60000", "2019-03-31": "381.60000", "2018-12-31": "260.00000", "2018-09-30": "476.30000", "2018-06-30": "355.40000", "2018-03-31": "482.90000", "2017-12-31": "-571.90000", "2017-09-30": "476.50000", "2017-06-30": "459.40000", "2017-03-31": "435.00000", "2016-12-31": "418.80000", "2016-09-30": "473.00010", "2016-06-30": "461.50000", "2016-03-31": "360.80000", "2015-12-31": "462.40000", "2015-09-30": "381.49990", "2015-06-30": "534.00000", "2015-03-31": "622.90000", "2014-12-31": "566.30000", "2014-09-30": "630.80030", "2014-06-30": "632.10000", "2014-03-31": "552.80000", "2013-12-31": "596.00000", "2013-09-30": "510.50020", "2013-06-30": "562.10000", "2013-03-31": "593.40000", "2012-12-31": "504.70000", "2012-09-30": "503.99990", "2012-06-30": "430.00000", "2012-03-31": "487.80000", "2011-12-31": "493.70000", "2011-09-30": "356.91800", "2011-06-30": "478.20000", "2011-03-31": "495.56500", "2010-12-31": "490.11700", "2010-09-30": "375.85810", "2010-06-30": "359.68300", "2010-03-31": "358.41000", "2009-12-31": "357.54900", "2009-09-30": "378.44200", "2009-06-30": "306.84800", "2009-03-31": "109.07200", "2008-12-31": "109.92900", "2008-09-30": "312.09510", "2008-06-30": "403.31200", "2008-03-31": "366.09600", "2007-12-31": "518.31600", "2007-09-30": "436.90790", "2007-06-30": "468.36400", "2007-03-31": "440.86600", "2006-12-31": "426.80000", "2006-09-30": "381.66910", "2006-06-30": "371.41400", "2006-03-31": "196.51600", "2005-12-31": "317.96900", "2005-09-30": "334.49500", "2005-06-30": "261.87300", "2005-03-31": "221.27400"}, "Other Income": {"2020-12-31": "", "2020-09-30": "", "2020-06-30": "", "2020-03-31": "", "2019-12-31": "", "2019-09-30": "", "2019-06-30": "", "2019-03-31": "", "2018-12-31": "", "2018-09-30": "", "2018-06-30": "", "2018-03-31": "", "2017-12-31": "", "2017-09-30": "", "2017-06-30": "", "2017-03-31": "", "2016-12-31": "", "2016-09-30": "", "2016-06-30": "", "2016-03-31": "", "2015-12-31": "", "2015-09-30": "", "2015-06-30": "", "2015-03-31": "", "2014-12-31": "", "2014-09-30": "", "2014-06-30": "", "2014-03-31": "", "2013-12-31": "", "2013-09-30": "", "2013-06-30": "", "2013-03-31": "", "2012-12-31": "", "2012-09-30": "", "2012-06-30": "", "2012-03-31": "", "2011-12-31": "", "2011-09-30": "", "2011-06-30": "", "2011-03-31": "", "2010-12-31": "", "2010-09-30": "", "2010-06-30": "", "2010-03-31": "", "2009-12-31": "", "2009-09-30": "", "2009-06-30": "", "2009-03-31": "", "2008-12-31": "", "2008-09-30": "", "2008-06-30": "", "2008-03-31": "", "2007-12-31": "", "2007-09-30": "", "2007-06-30": "", "2007-03-31": "", "2006-12-31": "", "2006-09-30": "", "2006-06-30": "", "2006-03-31": "", "2005-12-31": "", "2005-09-30": "", "2005-06-30": "", "2005-03-31": ""}, "Income From Continuous Operations": {"2020-12-31": "394.80000", "2020-09-30": "126.50000", "2020-06-30": "253.70000", "2020-03-31": "58.80000", "2019-12-31": "348.10000", "2019-09-30": "309.30000", "2019-06-30": "254.60000", "2019-03-31": "381.60000", "2018-12-31": "260.00000", "2018-09-30": "476.30000", "2018-06-30": "355.40000", "2018-03-31": "482.90000", "2017-12-31": "-571.90000", "2017-09-30": "476.50000", "2017-06-30": "459.40000", "2017-03-31": "435.00000", "2016-12-31": "418.80000", "2016-09-30": "473.00010", "2016-06-30": "461.50000", "2016-03-31": "360.80000", "2015-12-31": "462.40000", "2015-09-30": "381.49990", "2015-06-30": "534.00000", "2015-03-31": "622.90000", "2014-12-31": "566.30000", "2014-09-30": "630.80030", "2014-06-30": "632.10000", "2014-03-31": "552.80000", "2013-12-31": "596.00000", "2013-09-30": "510.50020", "2013-06-30": "562.10000", "2013-03-31": "593.40000", "2012-12-31": "504.70000", "2012-09-30": "503.99990", "2012-06-30": "430.00000", "2012-03-31": "487.80000", "2011-12-31": "493.70000", "2011-09-30": "356.91800", "2011-06-30": "478.20000", "2011-03-31": "495.56500", "2010-12-31": "490.11700", "2010-09-30": "375.85810", "2010-06-30": "359.68300", "2010-03-31": "358.41000", "2009-12-31": "357.54900", "2009-09-30": "378.44200", "2009-06-30": "306.84800", "2009-03-31": "109.07200", "2008-12-31": "109.92900", "2008-09-30": "312.09510", "2008-06-30": "403.31200", "2008-03-31": "366.09600", "2007-12-31": "518.31600", "2007-09-30": "436.90790", "2007-06-30": "468.36400", "2007-03-31": "440.86600", "2006-12-31": "426.80000", "2006-09-30": "381.66910", "2006-06-30": "371.41400", "2006-03-31": "196.51600", "2005-12-31": "317.96900", "2005-09-30": "334.49500", "2005-06-30": "261.87300", "2005-03-31": "221.27400"}, "Income From Discontinued Operations": {"2020-12-31": "", "2020-09-30": "", "2020-06-30": "", "2020-03-31": "", "2019-12-31": "", "2019-09-30": "", "2019-06-30": "", "2019-03-31": "", "2018-12-31": "", "2018-09-30": "", "2018-06-30": "", "2018-03-31": "", "2017-12-31": "", "2017-09-30": "", "2017-06-30": "", "2017-03-31": "", "2016-12-31": "", "2016-09-30": "", "2016-06-30": "", "2016-03-31": "", "2015-12-31": "", "2015-09-30": "", "2015-06-30": "", "2015-03-31": "", "2014-12-31": "", "2014-09-30": "", "2014-06-30": "", "2014-03-31": "", "2013-12-31": "", "2013-09-30": "", "2013-06-30": "", "2013-03-31": "", "2012-12-31": "", "2012-09-30": "", "2012-06-30": "", "2012-03-31": "", "2011-12-31": "", "2011-09-30": "", "2011-06-30": "", "2011-03-31": "", "2010-12-31": "", "2010-09-30": "", "2010-06-30": "", "2010-03-31": "", "2009-12-31": "", "2009-09-30": "", "2009-06-30": "", "2009-03-31": "", "2008-12-31": "", "2008-09-30": "", "2008-06-30": "", "2008-03-31": "", "2007-12-31": "", "2007-09-30": "", "2007-06-30": "", "2007-03-31": "", "2006-12-31": "", "2006-09-30": "", "2006-06-30": "", "2006-03-31": "", "2005-12-31": "", "2005-09-30": "", "2005-06-30": "", "2005-03-31": ""}, "Net Income": {"2020-12-31": "330.70000", "2020-09-30": "73.80000", "2020-06-30": "286.20000", "2020-03-31": "77.30000", "2019-12-31": "346.30000", "2019-09-30": "304.40010", "2019-06-30": "243.30000", "2019-03-31": "363.70000", "2018-12-31": "273.40000", "2018-09-30": "489.20000", "2018-06-30": "398.70000", "2018-03-31": "443.20000", "2017-12-31": "-584.30000", "2017-09-30": "422.80000", "2017-06-30": "407.10000", "2017-03-31": "417.20000", "2016-12-31": "437.20000", "2016-09-30": "469.80010", "2016-06-30": "443.20000", "2016-03-31": "357.70000", "2015-12-31": "445.10000", "2015-09-30": "353.80010", "2015-06-30": "504.20000", "2015-03-31": "602.50000", "2014-12-31": "562.80000", "2014-09-30": "637.60000", "2014-06-30": "575.00000", "2014-03-31": "557.10000", "2013-12-31": "600.30000", "2013-09-30": "499.10000", "2013-06-30": "548.30000", "2013-03-31": "572.80000", "2012-12-31": "516.10000", "2012-09-30": "490.30000", "2012-06-30": "452.20000", "2012-03-31": "499.80000", "2011-12-31": "477.40000", "2011-09-30": "415.17100", "2011-06-30": "500.46000", "2011-03-31": "500.33800", "2010-12-31": "499.03100", "2010-09-30": "372.57400", "2010-06-30": "358.47900", "2010-03-31": "354.70900", "2009-12-31": "352.33800", "2009-09-30": "365.22400", "2009-06-30": "295.27800", "2009-03-31": "109.88400", "2008-12-31": "120.04000", "2008-09-30": "290.56700", "2008-06-30": "403.31200", "2008-03-31": "366.09600", "2007-12-31": "518.31600", "2007-09-30": "436.90800", "2007-06-30": "468.36400", "2007-03-31": "440.86600", "2006-12-31": "426.80000", "2006-09-30": "381.66900", "2006-06-30": "371.41400", "2006-03-31": "196.51600", "2005-12-31": "317.96900", "2005-09-30": "334.49500", "2005-06-30": "261.87300", "2005-03-31": "221.27400"}, "EBITDA": {"2020-12-31": "508.10000", "2020-09-30": "142.49970", "2020-06-30": "294.50000", "2020-03-31": "400.70000", "2019-12-31": "420.00000", "2019-09-30": "352.70030", "2019-06-30": "420.79990", "2019-03-31": "419.10000", "2018-12-31": "453.49990", "2018-09-30": "426.20020", "2018-06-30": "543.50000", "2018-03-31": "594.50010", "2017-12-31": "621.10000", "2017-09-30": "594.80040", "2017-06-30": "604.49990", "2017-03-31": "593.40000", "2016-12-31": "623.90010", "2016-09-30": "618.10030", "2016-06-30": "635.70000", "2016-03-31": "575.20010", "2015-12-31": "699.00010", "2015-09-30": "768.50070", "2015-06-30": "820.80000", "2015-03-31": "811.40010", "2014-12-31": "837.10010", "2014-09-30": "887.60080", "2014-06-30": "839.79990", "2014-03-31": "843.80000", "2013-12-31": "872.40010", "2013-09-30": "793.30060", "2013-06-30": "830.40010", "2013-03-31": "790.09990", "2012-12-31": "739.00010", "2012-09-30": "672.20030", "2012-06-30": "697.10000", "2012-03-31": "672.90000", "2011-12-31": "685.00000", "2011-09-30": "750.22210", "2011-06-30": "740.83490", "2011-03-31": "690.63090", "2010-12-31": "721.71200", "2010-09-30": "575.61980", "2010-06-30": "591.17400", "2010-03-31": "526.32810", "2009-12-31": "532.97800", "2009-09-30": "435.99680", "2009-06-30": "367.04000", "2009-03-31": "265.78490", "2008-12-31": "315.04400", "2008-09-30": "470.37680", "2008-06-30": "583.92400", "2008-03-31": "571.91090", "2007-12-31": "688.01290", "2007-09-30": "572.64940", "2007-06-30": "577.56500", "2007-03-31": "555.34300", "2006-12-31": "560.60890", "2006-09-30": "481.47890", "2006-06-30": "504.88900", "2006-03-31": "403.93100", "2005-12-31": "458.35310", "2005-09-30": "433.98140", "2005-06-30": "394.82100", "2005-03-31": "322.95900"}, "EBIT": {"2020-12-31": "409.10000", "2020-09-30": "66.19990", "2020-06-30": "253.70000", "2020-03-31": "356.10000", "2019-12-31": "372.90000", "2019-09-30": "301.00010", "2019-06-30": "374.89990", "2019-03-31": "379.50000", "2018-12-31": "411.49990", "2018-09-30": "388.30020", "2018-06-30": "503.10000", "2018-03-31": "555.70010", "2017-12-31": "581.10000", "2017-09-30": "557.70030", "2017-06-30": "564.20000", "2017-03-31": "555.50000", "2016-12-31": "586.90010", "2016-09-30": "579.40000", "2016-06-30": "595.40000", "2016-03-31": "537.30000", "2015-12-31": "653.60010", "2015-09-30": "718.10030", "2015-06-30": "769.80000", "2015-03-31": "757.70010", "2014-12-31": "782.00010", "2014-09-30": "835.30080", "2014-06-30": "786.79990", "2014-03-31": "786.00000", "2013-12-31": "813.10010", "2013-09-30": "735.10010", "2013-06-30": "771.70010", "2013-03-31": "729.39990", "2012-12-31": "685.10010", "2012-09-30": "622.70020", "2012-06-30": "643.00000", "2012-03-31": "617.10000", "2011-12-31": "632.40000", "2011-09-30": "688.38750", "2011-06-30": "682.69690", "2011-03-31": "629.48190", "2010-12-31": "659.23400", "2010-09-30": "509.02390", "2010-06-30": "521.56400", "2010-03-31": "461.13510", "2009-12-31": "466.97700", "2009-09-30": "384.72180", "2009-06-30": "326.18600", "2009-03-31": "223.32190", "2008-12-31": "268.36400", "2008-09-30": "411.97160", "2008-06-30": "532.21500", "2008-03-31": "519.08700", "2007-12-31": "635.72890", "2007-09-30": "541.38810", "2007-06-30": "519.00600", "2007-03-31": "499.08290", "2006-12-31": "508.06990", "2006-09-30": "427.05170", "2006-06-30": "451.98600", "2006-03-31": "349.75700", "2005-12-31": "404.58610", "2005-09-30": "368.53220", "2005-06-30": "346.47900", "2005-03-31": "273.28100"}, "Basic Shares Outstanding": {"2020-12-31": "491.10000", "2020-09-30": "491.90000", "2020-06-30": "490.40000", "2020-03-31": "491.50000", "2019-12-31": "494.70000", "2019-09-30": "503.60000", "2019-06-30": "501.60000", "2019-03-31": "504.70000", "2018-12-31": "510.30000", "2018-09-30": "537.40000", "2018-06-30": "533.00000", "2018-03-31": "545.00000", "2017-12-31": "550.70000", "2017-09-30": "558.80000", "2017-06-30": "556.20000", "2017-03-31": "560.30000", "2016-12-31": "565.10000", "2016-09-30": "583.80000", "2016-06-30": "578.90000", "2016-03-31": "587.00000", "2015-12-31": "597.60000", "2015-09-30": "614.80000", "2015-06-30": "614.10000", "2015-03-31": "617.60000", "2014-12-31": "620.10000", "2014-09-30": "624.80000", "2014-06-30": "623.20000", "2014-03-31": "626.10000", "2013-12-31": "628.10000", "2013-09-30": "633.10000", "2013-06-30": "633.60000", "2013-03-31": "634.00000", "2012-12-31": "634.50000", "2012-09-30": "641.40000", "2012-06-30": "639.30000", "2012-03-31": "643.50000", "2011-12-31": "648.30000", "2011-09-30": "663.10000", "2011-06-30": "660.93900", "2011-03-31": "665.08800", "2010-12-31": "669.50700", "2010-09-30": "678.30000", "2010-06-30": "676.87810", "2010-03-31": "681.13800", "2009-12-31": "683.67600", "2009-09-30": "691.00200", "2009-06-30": "689.41200", "2009-03-31": "693.53400", "2008-12-31": "694.87810", "2008-09-30": "709.18800", "2008-06-30": "703.89300", "2008-03-31": "709.56000", "2007-12-31": "724.75500", "2007-09-30": "747.59100", "2007-06-30": "743.57400", "2007-03-31": "755.28900", "2006-12-31": "757.20000", "2006-09-30": "765.70200", "2006-06-30": "772.77600", "2006-03-31": "774.33000", "2005-12-31": "759.62400", "2005-09-30": "751.41600", "2005-06-30": "751.42500", "2005-03-31": "752.07600"}, "Shares Outstanding": {"2020-12-31": "491.70000", "2020-09-30": "492.40000", "2020-06-30": "490.70000", "2020-03-31": "491.80000", "2019-12-31": "495.30000", "2019-09-30": "504.30000", "2019-06-30": "502.30000", "2019-03-31": "505.10000", "2018-12-31": "510.80000", "2018-09-30": "538.00000", "2018-06-30": "533.50000", "2018-03-31": "545.50000", "2017-12-31": "550.70000", "2017-09-30": "559.10000", "2017-06-30": "556.70000", "2017-03-31": "560.60000", "2016-12-31": "565.20000", "2016-09-30": "583.80000", "2016-06-30": "578.90000", "2016-03-31": "587.10000", "2015-12-31": "597.70000", "2015-09-30": "614.90000", "2015-06-30": "614.20000", "2015-03-31": "617.70000", "2014-12-31": "620.20000", "2014-09-30": "625.20000", "2014-06-30": "623.60000", "2014-03-31": "626.50000", "2013-12-31": "628.50000", "2013-09-30": "634.10000", "2013-06-30": "634.30000", "2013-03-31": "634.70000", "2012-12-31": "635.40000", "2012-09-30": "643.30000", "2012-06-30": "640.90000", "2012-03-31": "645.30000", "2011-12-31": "650.10000", "2011-09-30": "666.30000", "2011-06-30": "663.85200", "2011-03-31": "668.08800", "2010-12-31": "672.75900", "2010-09-30": "682.20000", "2010-06-30": "680.41800", "2010-03-31": "684.90000", "2009-12-31": "687.75310", "2009-09-30": "694.35300", "2009-06-30": "692.45700", "2009-03-31": "695.67000", "2008-12-31": "698.06400", "2008-09-30": "714.80400", "2008-06-30": "709.45500", "2008-03-31": "715.08000", "2007-12-31": "732.44100", "2007-09-30": "756.35400", "2007-06-30": "753.91500", "2007-03-31": "765.48000", "2006-12-31": "766.64100", "2006-09-30": "785.23500", "2006-06-30": "788.62810", "2006-03-31": "796.31100", "2005-12-31": "795.19800", "2005-09-30": "787.68300", "2005-06-30": "788.59500", "2005-03-31": "790.15800"}, "Basic EPS": {"2020-12-31": "0.67000", "2020-09-30": "0.15000", "2020-06-30": "0.58000", "2020-03-31": "0.16000", "2019-12-31": "0.70000", "2019-09-30": "0.61000", "2019-06-30": "0.48000", "2019-03-31": "0.72000", "2018-12-31": "0.54000", "2018-09-30": "0.91000", "2018-06-30": "0.75000", "2018-03-31": "0.79000", "2017-12-31": "-1.06000", "2017-09-30": "0.77000", "2017-06-30": "0.73000", "2017-03-31": "0.74000", "2016-12-31": "0.77000", "2016-09-30": "0.82000", "2016-06-30": "0.77000", "2016-03-31": "0.61000", "2015-12-31": "0.74000", "2015-09-30": "0.58000", "2015-06-30": "0.82000", "2015-03-31": "0.98000", "2014-12-31": "0.91000", "2014-09-30": "1.02000", "2014-06-30": "0.92000", "2014-03-31": "0.89000", "2013-12-31": "0.96000", "2013-09-30": "0.79000", "2013-06-30": "0.87000", "2013-03-31": "0.90000", "2012-12-31": "0.81000", "2012-09-30": "0.76670", "2012-06-30": "0.71000", "2012-03-31": "0.77670", "2011-12-31": "0.73670", "2011-09-30": "0.63330", "2011-06-30": "0.75670", "2011-03-31": "0.75330", "2010-12-31": "0.74670", "2010-09-30": "0.55330", "2010-06-30": "0.53000", "2010-03-31": "0.52000", "2009-12-31": "0.51670", "2009-09-30": "0.53000", "2009-06-30": "0.42670", "2009-03-31": "0.16000", "2008-12-31": "0.17330", "2008-09-30": "0.42000", "2008-06-30": "0.57330", "2008-03-31": "0.51670", "2007-12-31": "0.71670", "2007-09-30": "0.59330", "2007-06-30": "0.63000", "2007-03-31": "0.58330", "2006-12-31": "0.56330", "2006-09-30": "0.50330", "2006-06-30": "0.48000", "2006-03-31": "0.25330", "2005-12-31": "0.42000", "2005-09-30": "0.44670", "2005-06-30": "0.34670", "2005-03-31": "0.29330"}, "EPS - Earnings Per Share": {"2020-12-31": "0.67000", "2020-09-30": "0.15000", "2020-06-30": "0.58000", "2020-03-31": "0.16000", "2019-12-31": "0.70000", "2019-09-30": "0.61000", "2019-06-30": "0.48000", "2019-03-31": "0.72000", "2018-12-31": "0.54000", "2018-09-30": "0.92000", "2018-06-30": "0.75000", "2018-03-31": "0.78000", "2017-12-31": "-1.06000", "2017-09-30": "0.77000", "2017-06-30": "0.73000", "2017-03-31": "0.74000", "2016-12-31": "0.77000", "2016-09-30": "0.82000", "2016-06-30": "0.77000", "2016-03-31": "0.61000", "2015-12-31": "0.74000", "2015-09-30": "0.58000", "2015-06-30": "0.82000", "2015-03-31": "0.98000", "2014-12-31": "0.91000", "2014-09-30": "1.02000", "2014-06-30": "0.92000", "2014-03-31": "0.89000", "2013-12-31": "0.96000", "2013-09-30": "0.80000", "2013-06-30": "0.86000", "2013-03-31": "0.90000", "2012-12-31": "0.81000", "2012-09-30": "0.76330", "2012-06-30": "0.71000", "2012-03-31": "0.77330", "2011-12-31": "0.73330", "2011-09-30": "0.62330", "2011-06-30": "0.75330", "2011-03-31": "0.75000", "2010-12-31": "0.74330", "2010-09-30": "0.55330", "2010-06-30": "0.52670", "2010-03-31": "0.51670", "2009-12-31": "0.51330", "2009-09-30": "0.52670", "2009-06-30": "0.42670", "2009-03-31": "0.15670", "2008-12-31": "0.17330", "2008-09-30": "0.41670", "2008-06-30": "0.57000", "2008-03-31": "0.51330", "2007-12-31": "0.70670", "2007-09-30": "0.59000", "2007-06-30": "0.62000", "2007-03-31": "0.57670", "2006-12-31": "0.55670", "2006-09-30": "0.50000", "2006-06-30": "0.47000", "2006-03-31": "0.24670", "2005-12-31": "0.40330", "2005-09-30": "0.43000", "2005-06-30": "0.33330", "2005-03-31": "0.28330"}}, "balance sheet": {"Cash On Hand": {"2020-09-30": "3957.50000", "2019-09-30": "5957.60000", "2018-09-30": "6910.60000", "2017-09-30": "8749.70000", "2016-09-30": "8483.30000", "2015-09-30": "8368.10000", "2014-09-30": "7596.00000", "2013-09-30": "6323.10000", "2012-09-30": "6051.39900", "2011-09-30": "5198.60000", "2010-09-30": "4123.71600", "2009-09-30": "3104.45100", "2008-09-30": "2527.55200", "2007-09-30": "3584.18300", "2006-09-30": "3613.13500", "2005-09-30": "3152.15900"}, "Receivables": {"2020-09-30": "1200.60000", "2019-09-30": "839.00000", "2018-09-30": "847.90000", "2017-09-30": "1001.90000", "2016-09-30": "794.30000", "2015-09-30": "838.00000", "2014-09-30": "950.00000", "2013-09-30": "1268.60000", "2012-09-30": "1104.60000", "2011-09-30": "1324.50000", "2010-09-30": "1059.10900", "2009-09-30": "892.31400", "2008-09-30": "1061.99800", "2007-09-30": "1105.64800", "2006-09-30": "882.18200", "2005-09-30": "813.47800"}, "Inventory": {"2020-09-30": "", "2019-09-30": "", "2018-09-30": "", "2017-09-30": "", "2016-09-30": "", "2015-09-30": "", "2014-09-30": "", "2013-09-30": "", "2012-09-30": "", "2011-09-30": "", "2010-09-30": "384.75800", "2009-09-30": "613.20900", "2008-09-30": "468.01500", "2007-09-30": "385.45200", "2006-09-30": "382.05300", "2005-09-30": "254.75000"}, "Pre-Paid Expenses": {"2020-09-30": "", "2019-09-30": "", "2018-09-30": "", "2017-09-30": "", "2016-09-30": "", "2015-09-30": "", "2014-09-30": "", "2013-09-30": "", "2012-09-30": "", "2011-09-30": "", "2010-09-30": "36.11700", "2009-09-30": "30.45200", "2008-09-30": "33.94400", "2007-09-30": "", "2006-09-30": "", "2005-09-30": ""}, "Other Current Assets": {"2020-09-30": "319.50000", "2019-09-30": "197.70000", "2018-09-30": "", "2017-09-30": "", "2016-09-30": "", "2015-09-30": "", "2014-09-30": "", "2013-09-30": "", "2012-09-30": "161.50000", "2011-09-30": "216.20000", "2010-09-30": "2241.81300", "2009-09-30": "1575.38600", "2008-09-30": "1802.19400", "2007-09-30": "1347.53700", "2006-09-30": "1145.14400", "2005-09-30": "1193.45000"}, "Total Current Assets": {"2020-09-30": "5477.60000", "2019-09-30": "6994.30000", "2018-09-30": "7758.50000", "2017-09-30": "9751.60100", "2016-09-30": "9277.60000", "2015-09-30": "9206.10000", "2014-09-30": "8644.10000", "2013-09-30": "7704.10000", "2012-09-30": "7412.39900", "2011-09-30": "6847.20000", "2010-09-30": "7934.75500", "2009-09-30": "6283.58500", "2008-09-30": "5911.01100", "2007-09-30": "6504.90400", "2006-09-30": "6118.49500", "2005-09-30": "5535.72900"}, "Property, Plant, And Equipment": {"2020-09-30": "813.80000", "2019-09-30": "683.70000", "2018-09-30": "535.00000", "2017-09-30": "517.20000", "2016-09-30": "523.20000", "2015-09-30": "510.10000", "2014-09-30": "530.70000", "2013-09-30": "564.10000", "2012-09-30": "582.70000", "2011-09-30": "589.70000", "2010-09-30": "548.95600", "2009-09-30": "535.45900", "2008-09-30": "554.70600", "2007-09-30": "559.48300", "2006-09-30": "506.29100", "2005-09-30": "489.36600"}, "Long-Term Investments": {"2020-09-30": "3979.70000", "2019-09-30": "3859.70000", "2018-09-30": "3535.90000", "2017-09-30": "4861.00000", "2016-09-30": "3930.00000", "2015-09-30": "4109.10000", "2014-09-30": "4678.20000", "2013-09-30": "4583.50000", "2012-09-30": "4614.50000", "2011-09-30": "4190.70000", "2010-09-30": "91.86600", "2009-09-30": "507.83300", "2008-09-30": "483.54200", "2007-09-30": "523.90100", "2006-09-30": "471.55300", "2005-09-30": "452.83100"}, "Goodwill And Intangible Assets": {"2020-09-30": "9415.00000", "2019-09-30": "2994.50000", "2018-09-30": "2333.40000", "2017-09-30": "2227.70000", "2016-09-30": "2211.30000", "2015-09-30": "2257.00000", "2014-09-30": "2325.90000", "2013-09-30": "2359.20000", "2012-09-30": "2141.90000", "2011-09-30": "2148.20000", "2010-09-30": "2006.62900", "2009-09-30": "2004.60000", "2008-09-30": "2017.66500", "2007-09-30": "2058.24400", "2006-09-30": "1981.45800", "2005-09-30": "2047.44400"}, "Other Long-Term Assets": {"2020-09-30": "", "2019-09-30": "", "2018-09-30": "220.70000", "2017-09-30": "176.50000", "2016-09-30": "156.70000", "2015-09-30": "253.40000", "2014-09-30": "178.20000", "2013-09-30": "179.40000", "2012-09-30": "", "2011-09-30": "", "2010-09-30": "125.88200", "2009-09-30": "32.99300", "2008-09-30": "21.78900", "2007-09-30": "27.85200", "2006-09-30": "64.86500", "2005-09-30": "58.70000"}, "Total Long-Term Assets": {"2020-09-30": "14208.50000", "2019-09-30": "7537.90000", "2018-09-30": "6625.00000", "2017-09-30": "7782.40000", "2016-09-30": "6821.20000", "2015-09-30": "7129.60000", "2014-09-30": "7713.00000", "2013-09-30": "7686.20000", "2012-09-30": "7339.10000", "2011-09-30": "6928.60100", "2010-09-30": "2773.33300", "2009-09-30": "3184.87800", "2008-09-30": "3265.50900", "2007-09-30": "3427.36800", "2006-09-30": "3381.36500", "2005-09-30": "3358.19900"}, "Total Assets": {"2020-09-30": "20220.90000", "2019-09-30": "14532.20000", "2018-09-30": "14383.50000", "2017-09-30": "17534.00000", "2016-09-30": "16098.80000", "2015-09-30": "16335.70000", "2014-09-30": "16357.10000", "2013-09-30": "15390.30000", "2012-09-30": "14751.50000", "2011-09-30": "13775.80000", "2010-09-30": "10708.09000", "2009-09-30": "9468.46300", "2008-09-30": "9176.52000", "2007-09-30": "9932.27200", "2006-09-30": "9499.85900", "2005-09-30": "8893.92700"}, "Total Current Liabilities": {"2020-09-30": "3428.40000", "2019-09-30": "2293.50000", "2018-09-30": "2277.00000", "2017-09-30": "1189.40000", "2016-09-30": "997.30000", "2015-09-30": "1117.80000", "2014-09-30": "1219.80000", "2013-09-30": "1742.70000", "2012-09-30": "1910.80000", "2011-09-30": "2178.10000", "2010-09-30": "1730.13500", "2009-09-30": "1471.77300", "2008-09-30": "1688.46300", "2007-09-30": "2176.67000", "2006-09-30": "1870.58300", "2005-09-30": "1656.69900"}, "Long Term Debt": {"2020-09-30": "4350.50000", "2019-09-30": "747.70000", "2018-09-30": "728.50000", "2017-09-30": "1097.60000", "2016-09-30": "2083.40000", "2015-09-30": "2155.30000", "2014-09-30": "2149.00000", "2013-09-30": "2295.10000", "2012-09-30": "2777.20000", "2011-09-30": "2168.50000", "2010-09-30": "898.90300", "2009-09-30": "", "2008-09-30": "118.43300", "2007-09-30": "162.12500", "2006-09-30": "627.91900", "2005-09-30": "1208.39000"}, "Other Non-Current Liabilities": {"2020-09-30": "", "2019-09-30": "", "2018-09-30": "", "2017-09-30": "198.70000", "2016-09-30": "267.30000", "2015-09-30": "265.80000", "2014-09-30": "281.80000", "2013-09-30": "272.70000", "2012-09-30": "", "2011-09-30": "32.30000", "2010-09-30": "91.26100", "2009-09-30": "78.28400", "2008-09-30": "71.60900", "2007-09-30": "5.28700", "2006-09-30": "9.24500", "2005-09-30": "33.34200"}, "Total Long Term Liabilities": {"2020-09-30": "5818.70000", "2019-09-30": "1614.50000", "2018-09-30": "1898.60000", "2017-09-30": "3408.80000", "2016-09-30": "2573.30000", "2015-09-30": "2722.10000", "2014-09-30": "2924.90000", "2013-09-30": "2962.10000", "2012-09-30": "3080.20000", "2011-09-30": "2493.80000", "2010-09-30": "1247.50700", "2009-09-30": "362.25500", "2008-09-30": "413.69300", "2007-09-30": "423.32700", "2006-09-30": "944.54800", "2005-09-30": "1552.84400"}, "Total Liabilities": {"2020-09-30": "9247.10000", "2019-09-30": "3908.00000", "2018-09-30": "4175.60000", "2017-09-30": "4598.20000", "2016-09-30": "3570.60000", "2015-09-30": "3839.90000", "2014-09-30": "4144.70000", "2013-09-30": "4704.80000", "2012-09-30": "4991.00000", "2011-09-30": "4671.90000", "2010-09-30": "2977.64200", "2009-09-30": "1834.02800", "2008-09-30": "2102.15600", "2007-09-30": "2599.99700", "2006-09-30": "2815.13100", "2005-09-30": "3209.54300"}, "Common Stock Net": {"2020-09-30": "49.50000", "2019-09-30": "49.90000", "2018-09-30": "51.90000", "2017-09-30": "55.50000", "2016-09-30": "57.00000", "2015-09-30": "60.40000", "2014-09-30": "62.30000", "2013-09-30": "63.10000", "2012-09-30": "63.70000", "2011-09-30": "21.80000", "2010-09-30": "22.40100", "2009-09-30": "22.93200", "2008-09-30": "23.27800", "2007-09-30": "24.54700", "2006-09-30": "25.32500", "2005-09-30": "25.27400"}, "Retained Earnings (Accumulated Deficit)": {"2020-09-30": "10472.60000", "2019-09-30": "10288.20000", "2018-09-30": "10217.90000", "2017-09-30": "12849.30000", "2016-09-30": "12226.20000", "2015-09-30": "12094.80000", "2014-09-30": "11639.50000", "2013-09-30": "10003.90000", "2012-09-30": "9075.60100", "2011-09-30": "8462.50000", "2010-09-30": "7530.87700", "2009-09-30": "7505.89000", "2008-09-30": "7044.73200", "2007-09-30": "7049.41700", "2006-09-30": "6333.84300", "2005-09-30": "5206.48500"}, "Comprehensive Income": {"2020-09-30": "-407.60000", "2019-09-30": "-431.60000", "2018-09-30": "-370.60000", "2017-09-30": "-284.80000", "2016-09-30": "-347.40000", "2015-09-30": "-314.20000", "2014-09-30": "-117.70000", "2013-09-30": "6.10000", "2012-09-30": "62.00000", "2011-09-30": "40.40000", "2010-09-30": "173.71600", "2009-09-30": "103.35100", "2008-09-30": "6.35400", "2007-09-30": "258.31100", "2006-09-30": "139.97700", "2005-09-30": "99.72300"}, "Other Share Holders Equity": {"2020-09-30": "", "2019-09-30": "", "2018-09-30": "", "2017-09-30": "", "2016-09-30": "", "2015-09-30": "", "2014-09-30": "", "2013-09-30": "", "2012-09-30": "", "2011-09-30": "", "2010-09-30": "", "2009-09-30": "", "2008-09-30": "", "2007-09-30": "", "2006-09-30": "", "2005-09-30": ""}, "Share Holder Equity": {"2020-09-30": "10973.80000", "2019-09-30": "10624.20000", "2018-09-30": "10207.90000", "2017-09-30": "12935.80000", "2016-09-30": "12528.20000", "2015-09-30": "12495.80000", "2014-09-30": "12212.40000", "2013-09-30": "10685.50000", "2012-09-30": "9760.50000", "2011-09-30": "9103.90000", "2010-09-30": "7730.44600", "2009-09-30": "7634.43500", "2008-09-30": "7074.36400", "2007-09-30": "7332.27500", "2006-09-30": "6684.72800", "2005-09-30": "5684.38400"}, "Total Liabilities And Share Holders Equity": {"2020-09-30": "20220.90000", "2019-09-30": "14532.20000", "2018-09-30": "14383.50000", "2017-09-30": "17534.00000", "2016-09-30": "16098.80000", "2015-09-30": "16335.70000", "2014-09-30": "16357.10000", "2013-09-30": "15390.30000", "2012-09-30": "14751.50000", "2011-09-30": "13775.80000", "2010-09-30": "10708.09000", "2009-09-30": "9468.46300", "2008-09-30": "9176.52000", "2007-09-30": "9932.27200", "2006-09-30": "9499.85900", "2005-09-30": "8893.92700"}}, "balance sheet, quarterly": {"Cash On Hand": {"2020-12-31": "4419.50000", "2020-09-30": "3957.50000", "2020-06-30": "6975.90000", "2020-03-31": "6035.80000", "2019-12-31": "5976.30000", "2019-09-30": "5957.60000", "2019-06-30": "5757.60000", "2019-03-31": "5946.00000", "2018-12-31": "6658.90000", "2018-09-30": "6910.60000", "2018-06-30": "6654.20000", "2018-03-31": "8726.50000", "2017-12-31": "8970.40000", "2017-09-30": "8749.70000", "2017-06-30": "8786.20000", "2017-03-31": "8776.10000", "2016-12-31": "8454.80000", "2016-09-30": "8483.30000", "2016-06-30": "8242.10000", "2016-03-31": "8041.00000", "2015-12-31": "8269.00000", "2015-09-30": "8368.10000", "2015-06-30": "8426.39900", "2015-03-31": "8122.30000", "2014-12-31": "7885.20000", "2014-09-30": "7596.00000", "2014-06-30": "7697.60000", "2014-03-31": "6910.90000", "2013-12-31": "6634.40000", "2013-09-30": "6323.10000", "2013-06-30": "6232.10000", "2013-03-31": "5555.80000", "2012-12-31": "5242.70000", "2012-09-30": "6051.39900", "2012-06-30": "5385.05200", "2012-03-31": "5079.14100", "2011-12-31": "4911.85800", "2011-09-30": "5198.60000", "2011-06-30": "4719.98900", "2011-03-31": "4668.44300", "2010-12-31": "4321.03000", "2010-09-30": "4123.71600", "2010-06-30": "3990.62200", "2010-03-31": "3023.62000", "2009-12-31": "2850.30800", "2009-09-30": "3104.45100", "2009-06-30": "2370.66500", "2009-03-31": "2444.33600", "2008-12-31": "2836.79700", "2008-09-30": "2527.55200", "2008-06-30": "3044.11400", "2008-03-31": "3663.70700", "2007-12-31": "2882.27300", "2007-09-30": "3584.18300", "2007-06-30": "3576.04600", "2007-03-31": "3979.16800", "2006-12-31": "4006.04900", "2006-09-30": "3613.13500", "2006-06-30": "3413.19600", "2006-03-31": "3750.43700", "2005-12-31": "3626.35300", "2005-09-30": "3152.15900", "2005-06-30": "2952.44600", "2005-03-31": "3197.09300"}, "Receivables": {"2020-12-31": "1230.10000", "2020-09-30": "1200.60000", "2020-06-30": "927.80000", "2020-03-31": "675.20000", "2019-12-31": "787.50000", "2019-09-30": "839.00000", "2019-06-30": "850.20000", "2019-03-31": "841.00000", "2018-12-31": "805.60000", "2018-09-30": "847.90000", "2018-06-30": "946.90000", "2018-03-31": "899.00000", "2017-12-31": "1098.50000", "2017-09-30": "1001.90000", "2017-06-30": "978.60000", "2017-03-31": "1023.50000", "2016-12-31": "930.00000", "2016-09-30": "794.30000", "2016-06-30": "812.60000", "2016-03-31": "798.00000", "2015-12-31": "863.70000", "2015-09-30": "838.00000", "2015-06-30": "899.00000", "2015-03-31": "919.10000", "2014-12-31": "926.70000", "2014-09-30": "950.00000", "2014-06-30": "1002.80000", "2014-03-31": "1209.70000", "2013-12-31": "1313.70000", "2013-09-30": "1268.60000", "2013-06-30": "1194.90000", "2013-03-31": "1232.90000", "2012-12-31": "1187.40000", "2012-09-30": "1104.60000", "2012-06-30": "1059.98700", "2012-03-31": "1749.22900", "2011-12-31": "1171.76500", "2011-09-30": "1324.50000", "2011-06-30": "1325.89400", "2011-03-31": "1274.15800", "2010-12-31": "1212.18000", "2010-09-30": "1059.10900", "2010-06-30": "1051.92700", "2010-03-31": "994.02000", "2009-12-31": "994.91000", "2009-09-30": "892.31400", "2009-06-30": "892.43600", "2009-03-31": "925.02910", "2008-12-31": "908.79500", "2008-09-30": "1061.99800", "2008-06-30": "1094.98400", "2008-03-31": "1017.87900", "2007-12-31": "1052.58900", "2007-09-30": "1105.64800", "2007-06-30": "1052.39400", "2007-03-31": "915.29500", "2006-12-31": "915.48800", "2006-09-30": "882.18200", "2006-06-30": "850.71300", "2006-03-31": "811.34700", "2005-12-31": "801.21300", "2005-09-30": "813.47800", "2005-06-30": "764.80300", "2005-03-31": "788.27400"}, "Inventory": {"2020-12-31": "", "2020-09-30": "", "2020-06-30": "", "2020-03-31": "", "2019-12-31": "", "2019-09-30": "", "2019-06-30": "", "2019-03-31": "", "2018-12-31": "", "2018-09-30": "", "2018-06-30": "", "2018-03-31": "", "2017-12-31": "", "2017-09-30": "", "2017-06-30": "", "2017-03-31": "", "2016-12-31": "", "2016-09-30": "", "2016-06-30": "", "2016-03-31": "", "2015-12-31": "", "2015-09-30": "", "2015-06-30": "", "2015-03-31": "", "2014-12-31": "", "2014-09-30": "", "2014-06-30": "", "2014-03-31": "", "2013-12-31": "", "2013-09-30": "", "2013-06-30": "", "2013-03-31": "", "2012-12-31": "", "2012-09-30": "", "2012-06-30": "1019.22600", "2012-03-31": "1185.29100", "2011-12-31": "1056.66800", "2011-09-30": "", "2011-06-30": "907.82700", "2011-03-31": "777.83700", "2010-12-31": "541.11800", "2010-09-30": "384.75800", "2010-06-30": "498.44600", "2010-03-31": "533.30400", "2009-12-31": "547.07000", "2009-09-30": "613.20900", "2009-06-30": "595.29000", "2009-03-31": "417.12000", "2008-12-31": "482.35200", "2008-09-30": "468.01500", "2008-06-30": "416.29200", "2008-03-31": "285.01400", "2007-12-31": "374.95600", "2007-09-30": "385.45200", "2007-06-30": "404.75800", "2007-03-31": "394.76700", "2006-12-31": "418.40700", "2006-09-30": "382.05300", "2006-06-30": "340.23400", "2006-03-31": "316.62400", "2005-12-31": "283.95400", "2005-09-30": "254.75000", "2005-06-30": "263.96800", "2005-03-31": "250.38400"}, "Pre-Paid Expenses": {"2020-12-31": "", "2020-09-30": "", "2020-06-30": "", "2020-03-31": "", "2019-12-31": "", "2019-09-30": "", "2019-06-30": "", "2019-03-31": "", "2018-12-31": "", "2018-09-30": "", "2018-06-30": "", "2018-03-31": "", "2017-12-31": "", "2017-09-30": "", "2017-06-30": "", "2017-03-31": "", "2016-12-31": "", "2016-09-30": "", "2016-06-30": "", "2016-03-31": "", "2015-12-31": "", "2015-09-30": "", "2015-06-30": "", "2015-03-31": "", "2014-12-31": "", "2014-09-30": "", "2014-06-30": "", "2014-03-31": "", "2013-12-31": "", "2013-09-30": "", "2013-06-30": "", "2013-03-31": "", "2012-12-31": "", "2012-09-30": "", "2012-06-30": "41.02400", "2012-03-31": "36.26800", "2011-12-31": "30.52300", "2011-09-30": "", "2011-06-30": "28.64000", "2011-03-31": "33.13100", "2010-12-31": "34.91100", "2010-09-30": "36.11700", "2010-06-30": "25.91200", "2010-03-31": "31.53800", "2009-12-31": "28.09800", "2009-09-30": "30.45200", "2009-06-30": "24.70300", "2009-03-31": "28.55900", "2008-12-31": "", "2008-09-30": "33.94400", "2008-06-30": "", "2008-03-31": "", "2007-12-31": "", "2007-09-30": "", "2007-06-30": "", "2007-03-31": "", "2006-12-31": "", "2006-09-30": "", "2006-06-30": "", "2006-03-31": "", "2005-12-31": "", "2005-09-30": "", "2005-06-30": "", "2005-03-31": ""}, "Other Current Assets": {"2020-12-31": "", "2020-09-30": "", "2020-06-30": "", "2020-03-31": "", "2019-12-31": "", "2019-09-30": "197.70000", "2019-06-30": "", "2019-03-31": "", "2018-12-31": "", "2018-09-30": "", "2018-06-30": "", "2018-03-31": "196.20000", "2017-12-31": "", "2017-09-30": "", "2017-06-30": "", "2017-03-31": "", "2016-12-31": "", "2016-09-30": "", "2016-06-30": "897.90000", "2016-03-31": "", "2015-12-31": "", "2015-09-30": "", "2015-06-30": "", "2015-03-31": "", "2014-12-31": "", "2014-09-30": "", "2014-06-30": "169.30000", "2014-03-31": "", "2013-12-31": "", "2013-09-30": "", "2013-06-30": "", "2013-03-31": "", "2012-12-31": "", "2012-09-30": "161.50000", "2012-06-30": "773.99400", "2012-03-31": "976.12300", "2011-12-31": "825.71800", "2011-09-30": "216.20000", "2011-06-30": "1669.65800", "2011-03-31": "1021.78000", "2010-12-31": "1503.46100", "2010-09-30": "2241.81300", "2010-06-30": "1358.28600", "2010-03-31": "1529.10900", "2009-12-31": "1550.74000", "2009-09-30": "1575.38600", "2009-06-30": "2103.83800", "2009-03-31": "1809.42400", "2008-12-31": "1468.59700", "2008-09-30": "1802.19400", "2008-06-30": "1318.25300", "2008-03-31": "1486.37700", "2007-12-31": "1801.31800", "2007-09-30": "1347.53700", "2007-06-30": "916.83500", "2007-03-31": "919.52000", "2006-12-31": "949.07900", "2006-09-30": "1145.14400", "2006-06-30": "1023.00400", "2006-03-31": "921.38500", "2005-12-31": "748.43600", "2005-09-30": "1193.45000", "2005-06-30": "1077.94700", "2005-03-31": "925.98000"}, "Total Current Assets": {"2020-12-31": "5649.60000", "2020-09-30": "5158.10000", "2020-06-30": "7903.70000", "2020-03-31": "6711.00000", "2019-12-31": "6763.80000", "2019-09-30": "6994.30000", "2019-06-30": "6607.80000", "2019-03-31": "6787.00000", "2018-12-31": "7464.50000", "2018-09-30": "7758.50000", "2018-06-30": "7601.10000", "2018-03-31": "9821.70000", "2017-12-31": "10068.90000", "2017-09-30": "9751.60100", "2017-06-30": "9764.80000", "2017-03-31": "9799.60000", "2016-12-31": "9384.80000", "2016-09-30": "9277.60000", "2016-06-30": "9952.60000", "2016-03-31": "8839.00000", "2015-12-31": "9233.10100", "2015-09-30": "9206.10000", "2015-06-30": "9431.69900", "2015-03-31": "9137.00000", "2014-12-31": "8889.50000", "2014-09-30": "8644.10000", "2014-06-30": "8869.70000", "2014-03-31": "8120.60000", "2013-12-31": "8066.80000", "2013-09-30": "7704.10000", "2013-06-30": "7530.10000", "2013-03-31": "6889.00000", "2012-12-31": "6524.80000", "2012-09-30": "7412.39900", "2012-06-30": "8375.92200", "2012-03-31": "9128.83600", "2011-12-31": "8103.18000", "2011-09-30": "6847.20000", "2011-06-30": "8760.66400", "2011-03-31": "7873.84100", "2010-12-31": "7708.81300", "2010-09-30": "7934.75500", "2010-06-30": "7003.91400", "2010-03-31": "6186.89800", "2009-12-31": "6041.66100", "2009-09-30": "6283.58500", "2009-06-30": "6038.25400", "2009-03-31": "5660.61000", "2008-12-31": "5753.96200", "2008-09-30": "5911.01100", "2008-06-30": "5966.93100", "2008-03-31": "6543.17400", "2007-12-31": "6198.03000", "2007-09-30": "6504.90400", "2007-06-30": "6032.51100", "2007-03-31": "6318.52500", "2006-12-31": "6380.20900", "2006-09-30": "6118.49500", "2006-06-30": "5733.78700", "2006-03-31": "5903.79300", "2005-12-31": "5556.28400", "2005-09-30": "5535.72900", "2005-06-30": "5190.68600", "2005-03-31": "5302.71200"}, "Property, Plant, And Equipment": {"2020-12-31": "800.50000", "2020-09-30": "813.80000", "2020-06-30": "705.20000", "2020-03-31": "709.30000", "2019-12-31": "691.90000", "2019-09-30": "683.70000", "2019-06-30": "684.80000", "2019-03-31": "576.60000", "2018-12-31": "541.30000", "2018-09-30": "535.00000", "2018-06-30": "522.40000", "2018-03-31": "517.70000", "2017-12-31": "516.60000", "2017-09-30": "517.20000", "2017-06-30": "508.80000", "2017-03-31": "509.80000", "2016-12-31": "512.50000", "2016-09-30": "523.20000", "2016-06-30": "508.40000", "2016-03-31": "504.40000", "2015-12-31": "507.10000", "2015-09-30": "510.10000", "2015-06-30": "510.10000", "2015-03-31": "516.90000", "2014-12-31": "523.40000", "2014-09-30": "530.70000", "2014-06-30": "542.10000", "2014-03-31": "553.50000", "2013-12-31": "559.40000", "2013-09-30": "564.10000", "2013-06-30": "563.20000", "2013-03-31": "573.90000", "2012-12-31": "578.00000", "2012-09-30": "582.70000", "2012-06-30": "585.17300", "2012-03-31": "594.79700", "2011-12-31": "594.66800", "2011-09-30": "589.70000", "2011-06-30": "563.92100", "2011-03-31": "561.95500", "2010-12-31": "566.67200", "2010-09-30": "548.95600", "2010-06-30": "538.30700", "2010-03-31": "534.78500", "2009-12-31": "530.92600", "2009-09-30": "535.45900", "2009-06-30": "535.26500", "2009-03-31": "538.49200", "2008-12-31": "553.47700", "2008-09-30": "554.70600", "2008-06-30": "568.05600", "2008-03-31": "567.54100", "2007-12-31": "561.00600", "2007-09-30": "559.48300", "2007-06-30": "537.39100", "2007-03-31": "525.10300", "2006-12-31": "511.65900", "2006-09-30": "506.29100", "2006-06-30": "487.33500", "2006-03-31": "489.26400", "2005-12-31": "487.49100", "2005-09-30": "489.36600", "2005-06-30": "487.00500", "2005-03-31": "490.77700"}, "Long-Term Investments": {"2020-12-31": "4577.60000", "2020-09-30": "3979.70000", "2020-06-30": "3409.30000", "2020-03-31": "3753.90000", "2019-12-31": "4044.90000", "2019-09-30": "3859.70000", "2019-06-30": "3973.10000", "2019-03-31": "3655.10000", "2018-12-31": "3426.10000", "2018-09-30": "3535.90000", "2018-06-30": "4840.60000", "2018-03-31": "5108.30000", "2017-12-31": "5062.70000", "2017-09-30": "4861.00000", "2017-06-30": "4828.70000", "2017-03-31": "4535.90000", "2016-12-31": "3968.90000", "2016-09-30": "3930.00000", "2016-06-30": "3173.10000", "2016-03-31": "4170.60000", "2015-12-31": "4028.40000", "2015-09-30": "4109.10000", "2015-06-30": "4285.10000", "2015-03-31": "4383.80000", "2014-12-31": "4404.00000", "2014-09-30": "4678.20000", "2014-06-30": "4802.10000", "2014-03-31": "4828.30000", "2013-12-31": "4758.60000", "2013-09-30": "4583.50000", "2013-06-30": "4700.20000", "2013-03-31": "4797.40000", "2012-12-31": "4691.50000", "2012-09-30": "4614.50000", "2012-06-30": "2383.77100", "2012-03-31": "1621.20200", "2011-12-31": "2340.19900", "2011-09-30": "4190.70000", "2011-06-30": "1615.09500", "2011-03-31": "1968.27200", "2010-12-31": "1720.66500", "2010-09-30": "91.86600", "2010-06-30": "735.72600", "2010-03-31": "650.41000", "2009-12-31": "502.89100", "2009-09-30": "507.83300", "2009-06-30": "505.95600", "2009-03-31": "479.51400", "2008-12-31": "499.04000", "2008-09-30": "483.54200", "2008-06-30": "515.98900", "2008-03-31": "534.54000", "2007-12-31": "539.09200", "2007-09-30": "523.90100", "2007-06-30": "534.27300", "2007-03-31": "508.25500", "2006-12-31": "500.57100", "2006-09-30": "471.55300", "2006-06-30": "425.26100", "2006-03-31": "440.60000", "2005-12-31": "455.40900", "2005-09-30": "452.83100", "2005-06-30": "429.36600", "2005-03-31": "429.82000"}, "Goodwill And Intangible Assets": {"2020-12-31": "9382.60000", "2020-09-30": "9415.00000", "2020-06-30": "3094.80000", "2020-03-31": "3018.60000", "2019-12-31": "3032.20000", "2019-09-30": "2994.50000", "2019-06-30": "3013.40000", "2019-03-31": "3027.90000", "2018-12-31": "2326.20000", "2018-09-30": "2333.40000", "2018-06-30": "2352.90000", "2018-03-31": "2242.30000", "2017-12-31": "2235.10000", "2017-09-30": "2227.70000", "2017-06-30": "2228.00000", "2017-03-31": "2224.00000", "2016-12-31": "2200.40000", "2016-09-30": "2211.30000", "2016-06-30": "2213.50000", "2016-03-31": "2221.60000", "2015-12-31": "2247.70000", "2015-09-30": "2257.00000", "2015-06-30": "2285.80000", "2015-03-31": "2287.60000", "2014-12-31": "2307.90000", "2014-09-30": "2325.90000", "2014-06-30": "2348.80000", "2014-03-31": "2346.70000", "2013-12-31": "2351.00000", "2013-09-30": "2359.20000", "2013-06-30": "2358.80000", "2013-03-31": "2380.90000", "2012-12-31": "2392.30000", "2012-09-30": "2141.90000", "2012-06-30": "2127.48800", "2012-03-31": "2145.35900", "2011-12-31": "2142.22700", "2011-09-30": "2148.20000", "2011-06-30": "2093.57300", "2011-03-31": "2080.67400", "2010-12-31": "2007.40100", "2010-09-30": "2006.62900", "2010-06-30": "1999.91900", "2010-03-31": "2012.70100", "2009-12-31": "2007.21900", "2009-09-30": "2004.60000", "2009-06-30": "1997.52100", "2009-03-31": "1985.23900", "2008-12-31": "1995.86100", "2008-09-30": "2017.66500", "2008-06-30": "2036.65300", "2008-03-31": "2047.70100", "2007-12-31": "2056.49900", "2007-09-30": "2058.24400", "2007-06-30": "2054.34900", "2007-03-31": "1975.82400", "2006-12-31": "1976.20300", "2006-09-30": "1981.45800", "2006-06-30": "1984.03100", "2006-03-31": "1983.17100", "2005-12-31": "2041.85200", "2005-09-30": "2047.44400", "2005-06-30": "2046.70300", "2005-03-31": "2051.02900"}, "Other Long-Term Assets": {"2020-12-31": "295.20000", "2020-09-30": "319.50000", "2020-06-30": "245.50000", "2020-03-31": "207.50000", "2019-12-31": "193.70000", "2019-09-30": "", "2019-06-30": "184.20000", "2019-03-31": "192.40000", "2018-12-31": "192.50000", "2018-09-30": "220.70000", "2018-06-30": "211.00000", "2018-03-31": "", "2017-12-31": "191.10000", "2017-09-30": "176.50000", "2017-06-30": "145.90000", "2017-03-31": "140.80000", "2016-12-31": "143.70000", "2016-09-30": "156.70000", "2016-06-30": "149.90000", "2016-03-31": "155.30000", "2015-12-31": "139.20000", "2015-09-30": "253.40000", "2015-06-30": "157.60000", "2015-03-31": "165.80000", "2014-12-31": "172.00000", "2014-09-30": "178.20000", "2014-06-30": "", "2014-03-31": "169.50000", "2013-12-31": "173.50000", "2013-09-30": "179.40000", "2013-06-30": "164.90000", "2013-03-31": "169.00000", "2012-12-31": "167.60000", "2012-09-30": "", "2012-06-30": "106.61200", "2012-03-31": "103.93000", "2011-12-31": "100.68400", "2011-09-30": "", "2011-06-30": "117.74600", "2011-03-31": "118.79900", "2010-12-31": "122.52200", "2010-09-30": "125.88200", "2010-06-30": "42.22300", "2010-03-31": "34.73600", "2009-12-31": "36.38200", "2009-09-30": "32.99300", "2009-06-30": "31.23000", "2009-03-31": "26.90400", "2008-12-31": "25.06300", "2008-09-30": "21.78900", "2008-06-30": "32.76200", "2008-03-31": "25.84400", "2007-12-31": "26.08400", "2007-09-30": "27.85200", "2007-06-30": "24.54900", "2007-03-31": "18.97300", "2006-12-31": "27.48500", "2006-09-30": "64.86500", "2006-06-30": "26.48700", "2006-03-31": "51.88200", "2005-12-31": "52.17100", "2005-09-30": "58.70000", "2005-06-30": "60.33500", "2005-03-31": "103.77300"}, "Total Long-Term Assets": {"2020-12-31": "15055.90000", "2020-09-30": "14528.00000", "2020-06-30": "7454.80000", "2020-03-31": "7689.30000", "2019-12-31": "7962.70000", "2019-09-30": "7537.90000", "2019-06-30": "7855.50000", "2019-03-31": "7452.00000", "2018-12-31": "6486.10000", "2018-09-30": "6625.00000", "2018-06-30": "7926.90000", "2018-03-31": "7868.30000", "2017-12-31": "8005.50000", "2017-09-30": "7782.40000", "2017-06-30": "7711.40000", "2017-03-31": "7410.50000", "2016-12-31": "6825.50000", "2016-09-30": "6821.20000", "2016-06-30": "6044.90000", "2016-03-31": "7051.90000", "2015-12-31": "6922.40000", "2015-09-30": "7129.60000", "2015-06-30": "7238.60000", "2015-03-31": "7354.10000", "2014-12-31": "7407.30000", "2014-09-30": "7713.00000", "2014-06-30": "7822.20000", "2014-03-31": "8016.80000", "2013-12-31": "7842.50000", "2013-09-30": "7686.20000", "2013-06-30": "7787.10000", "2013-03-31": "7921.20000", "2012-12-31": "7829.40000", "2012-09-30": "7339.10000", "2012-06-30": "5258.39100", "2012-03-31": "4533.97200", "2011-12-31": "5302.30700", "2011-09-30": "6928.60100", "2011-06-30": "4390.33500", "2011-03-31": "4953.54200", "2010-12-31": "4683.14100", "2010-09-30": "2773.33300", "2010-06-30": "3405.90000", "2010-03-31": "3333.68400", "2009-12-31": "3182.46800", "2009-09-30": "3184.87800", "2009-06-30": "3204.65200", "2009-03-31": "3169.82600", "2008-12-31": "3233.39000", "2008-09-30": "3265.50900", "2008-06-30": "3377.63300", "2008-03-31": "3401.54800", "2007-12-31": "3474.72100", "2007-09-30": "3427.36800", "2007-06-30": "3422.23000", "2007-03-31": "3298.38500", "2006-12-31": "3283.26700", "2006-09-30": "3381.36500", "2006-06-30": "3240.95600", "2006-03-31": "3261.16800", "2005-12-31": "3335.54300", "2005-09-30": "3358.19900", "2005-06-30": "3337.87700", "2005-03-31": "3396.74300"}, "Total Assets": {"2020-12-31": "21229.60000", "2020-09-30": "20220.90000", "2020-06-30": "15617.00000", "2020-03-31": "14666.20000", "2019-12-31": "15001.80000", "2019-09-30": "14532.20000", "2019-06-30": "14463.30000", "2019-03-31": "14239.00000", "2018-12-31": "13950.60000", "2018-09-30": "14383.50000", "2018-06-30": "15528.00000", "2018-03-31": "17690.00000", "2017-12-31": "18074.40000", "2017-09-30": "17534.00000", "2017-06-30": "17476.20000", "2017-03-31": "17210.10000", "2016-12-31": "16210.30000", "2016-09-30": "16098.80000", "2016-06-30": "15997.50000", "2016-03-31": "15890.90000", "2015-12-31": "16155.50000", "2015-09-30": "16335.70000", "2015-06-30": "16670.30000", "2015-03-31": "16491.10000", "2014-12-31": "16296.80000", "2014-09-30": "16357.10000", "2014-06-30": "16691.90000", "2014-03-31": "16137.40000", "2013-12-31": "15909.30000", "2013-09-30": "15390.30000", "2013-06-30": "15317.20000", "2013-03-31": "14810.20000", "2012-12-31": "14354.20000", "2012-09-30": "14751.50000", "2012-06-30": "13634.31000", "2012-03-31": "13662.81000", "2011-12-31": "13405.49000", "2011-09-30": "13775.80000", "2011-06-30": "13151.00000", "2011-03-31": "12827.38000", "2010-12-31": "12391.96000", "2010-09-30": "10708.09000", "2010-06-30": "10409.81000", "2010-03-31": "9520.58200", "2009-12-31": "9224.12900", "2009-09-30": "9468.46300", "2009-06-30": "9242.90600", "2009-03-31": "8830.43600", "2008-12-31": "8987.35200", "2008-09-30": "9176.52000", "2008-06-30": "9344.56400", "2008-03-31": "9944.72200", "2007-12-31": "9672.75100", "2007-09-30": "9932.27200", "2007-06-30": "9454.74100", "2007-03-31": "9616.91000", "2006-12-31": "9663.47600", "2006-09-30": "9499.85900", "2006-06-30": "8974.74300", "2006-03-31": "9164.96100", "2005-12-31": "8891.82600", "2005-09-30": "8893.92700", "2005-06-30": "8528.56300", "2005-03-31": "8699.45500"}, "Total Current Liabilities": {"2020-12-31": "2691.10000", "2020-09-30": "2972.30000", "2020-06-30": "1883.80000", "2020-03-31": "1719.10000", "2019-12-31": "1891.20000", "2019-09-30": "2293.50000", "2019-06-30": "1972.20000", "2019-03-31": "1919.10000", "2018-12-31": "1898.80000", "2018-09-30": "2277.00000", "2018-06-30": "2257.30000", "2018-03-31": "3994.70000", "2017-12-31": "2350.10000", "2017-09-30": "1189.40000", "2017-06-30": "1061.50000", "2017-03-31": "943.40000", "2016-12-31": "1005.30000", "2016-09-30": "997.30000", "2016-06-30": "961.10000", "2016-03-31": "896.00000", "2015-12-31": "1077.30000", "2015-09-30": "1117.80000", "2015-06-30": "1152.00000", "2015-03-31": "1041.20000", "2014-12-31": "1451.80000", "2014-09-30": "1219.80000", "2014-06-30": "1860.60000", "2014-03-31": "1714.30000", "2013-12-31": "1893.60000", "2013-09-30": "1742.70000", "2013-06-30": "1864.20000", "2013-03-31": "1702.00000", "2012-12-31": "1796.70000", "2012-09-30": "1910.80000", "2012-06-30": "2381.30700", "2012-03-31": "2023.59700", "2011-12-31": "2274.87600", "2011-09-30": "2178.10000", "2011-06-30": "2021.02500", "2011-03-31": "2009.99400", "2010-12-31": "1838.53000", "2010-09-30": "1730.13500", "2010-06-30": "1732.86200", "2010-03-31": "1788.69000", "2009-12-31": "1745.16500", "2009-09-30": "1471.77300", "2009-06-30": "1485.71400", "2009-03-31": "1414.46400", "2008-12-31": "1568.66900", "2008-09-30": "1688.46300", "2008-06-30": "1727.76100", "2008-03-31": "2498.29900", "2007-12-31": "2205.19500", "2007-09-30": "2176.67000", "2007-06-30": "1964.33300", "2007-03-31": "1676.58400", "2006-12-31": "1633.65600", "2006-09-30": "1870.58300", "2006-06-30": "1732.35700", "2006-03-31": "1431.36100", "2005-12-31": "1367.52800", "2005-09-30": "1656.69900", "2005-06-30": "1639.48900", "2005-03-31": "2054.59000"}, "Long Term Debt": {"2020-12-31": "5130.30000", "2020-09-30": "4350.50000", "2020-06-30": "1382.80000", "2020-03-31": "1311.00000", "2019-12-31": "796.40000", "2019-09-30": "747.70000", "2019-06-30": "728.80000", "2019-03-31": "730.70000", "2018-12-31": "730.40000", "2018-09-30": "728.50000", "2018-06-30": "729.80000", "2018-03-31": "1078.80000", "2017-12-31": "1095.50000", "2017-09-30": "1097.60000", "2017-06-30": "1427.80000", "2017-03-31": "1680.20000", "2016-12-31": "1734.50000", "2016-09-30": "2083.40000", "2016-06-30": "2163.80000", "2016-03-31": "2166.40000", "2015-12-31": "2120.30000", "2015-09-30": "2155.30000", "2015-06-30": "2203.50000", "2015-03-31": "2478.00000", "2014-12-31": "2099.50000", "2014-09-30": "2149.00000", "2014-06-30": "2190.20000", "2014-03-31": "2229.40000", "2013-12-31": "2257.20000", "2013-09-30": "2295.10000", "2013-06-30": "2389.50000", "2013-03-31": "2423.00000", "2012-12-31": "2462.50000", "2012-09-30": "2777.20000", "2012-06-30": "1556.56900", "2012-03-31": "1878.20800", "2011-12-31": "1798.08800", "2011-09-30": "2168.50000", "2011-06-30": "1980.30200", "2011-03-31": "2030.04100", "2010-12-31": "2072.09300", "2010-09-30": "898.90300", "2010-06-30": "898.83600", "2010-03-31": "", "2009-12-31": "", "2009-09-30": "", "2009-06-30": "84.31500", "2009-03-31": "94.72000", "2008-12-31": "105.10200", "2008-09-30": "118.43300", "2008-06-30": "130.41500", "2008-03-31": "141.07600", "2007-12-31": "151.62400", "2007-09-30": "162.12500", "2007-06-30": "172.25400", "2007-03-31": "602.64500", "2006-12-31": "612.98300", "2006-09-30": "627.91900", "2006-06-30": "639.35400", "2006-03-31": "866.00200", "2005-12-31": "904.82900", "2005-09-30": "1208.39000", "2005-06-30": "1215.49000", "2005-03-31": "1222.51200"}, "Other Non-Current Liabilities": {"2020-12-31": "464.20000", "2020-09-30": "456.10000", "2020-06-30": "255.10000", "2020-03-31": "238.40000", "2019-12-31": "238.70000", "2019-09-30": "", "2019-06-30": "271.10000", "2019-03-31": "140.60000", "2018-12-31": "179.80000", "2018-09-30": "", "2018-06-30": "190.90000", "2018-03-31": "", "2017-12-31": "214.90000", "2017-09-30": "198.70000", "2017-06-30": "294.70000", "2017-03-31": "293.70000", "2016-12-31": "230.60000", "2016-09-30": "267.30000", "2016-06-30": "320.90000", "2016-03-31": "259.90000", "2015-12-31": "246.80000", "2015-09-30": "265.80000", "2015-06-30": "268.10000", "2015-03-31": "230.00000", "2014-12-31": "257.30000", "2014-09-30": "281.80000", "2014-06-30": "271.50000", "2014-03-31": "281.00000", "2013-12-31": "248.70000", "2013-09-30": "272.70000", "2013-06-30": "255.80000", "2013-03-31": "245.60000", "2012-12-31": "231.00000", "2012-09-30": "", "2012-06-30": "96.57200", "2012-03-31": "99.39700", "2011-12-31": "93.85000", "2011-09-30": "32.30000", "2011-06-30": "96.32800", "2011-03-31": "96.22400", "2010-12-31": "86.50300", "2010-09-30": "91.26100", "2010-06-30": "88.65200", "2010-03-31": "86.55600", "2009-12-31": "83.92900", "2009-09-30": "78.28400", "2009-06-30": "85.98100", "2009-03-31": "84.83300", "2008-12-31": "75.71200", "2008-09-30": "71.60900", "2008-06-30": "73.56400", "2008-03-31": "73.63100", "2007-12-31": "78.16800", "2007-09-30": "5.28700", "2007-06-30": "", "2007-03-31": "", "2006-12-31": "9.63500", "2006-09-30": "9.24500", "2006-06-30": "9.10000", "2006-03-31": "33.86400", "2005-12-31": "33.03800", "2005-09-30": "33.34200", "2005-06-30": "33.15700", "2005-03-31": "34.60600"}, "Total Long Term Liabilities": {"2020-12-31": "7117.90100", "2020-09-30": "6274.80000", "2020-06-30": "2729.50000", "2020-03-31": "2193.60000", "2019-12-31": "2276.20000", "2019-09-30": "1614.50000", "2019-06-30": "1925.30000", "2019-03-31": "1820.80000", "2018-12-31": "1975.10000", "2018-09-30": "1898.60000", "2018-06-30": "3080.30000", "2018-03-31": "3293.10000", "2017-12-31": "3643.80000", "2017-09-30": "3408.80000", "2017-06-30": "3709.60000", "2017-03-31": "3793.50000", "2016-12-31": "2958.00000", "2016-09-30": "2573.30000", "2016-06-30": "2664.90000", "2016-03-31": "2591.20000", "2015-12-31": "2657.30000", "2015-09-30": "2722.10000", "2015-06-30": "2804.40000", "2015-03-31": "3020.40000", "2014-12-31": "2690.50000", "2014-09-30": "2924.90000", "2014-06-30": "2910.40000", "2014-03-31": "2949.90000", "2013-12-31": "2931.30000", "2013-09-30": "2962.10000", "2013-06-30": "3050.70000", "2013-03-31": "3030.30000", "2012-12-31": "3022.70000", "2012-09-30": "3080.20000", "2012-06-30": "1946.09900", "2012-03-31": "2285.87500", "2011-12-31": "2197.21900", "2011-09-30": "2493.80000", "2011-06-30": "2366.53800", "2011-03-31": "2397.90900", "2010-12-31": "2420.85900", "2010-09-30": "1247.50700", "2010-06-30": "1247.04100", "2010-03-31": "344.40000", "2009-12-31": "341.88700", "2009-09-30": "362.25500", "2009-06-30": "413.67500", "2009-03-31": "367.14700", "2008-12-31": "380.43700", "2008-09-30": "413.69300", "2008-06-30": "461.07400", "2008-03-31": "462.31400", "2007-12-31": "454.66500", "2007-09-30": "423.32700", "2007-06-30": "478.33600", "2007-03-31": "909.34500", "2006-12-31": "912.48300", "2006-09-30": "944.54800", "2006-06-30": "936.05600", "2006-03-31": "1190.58300", "2005-12-31": "1231.18400", "2005-09-30": "1552.84400", "2005-06-30": "1587.53600", "2005-03-31": "1583.57800"}, "Total Liabilities": {"2020-12-31": "9809.00000", "2020-09-30": "9247.10000", "2020-06-30": "4613.30000", "2020-03-31": "3912.70000", "2019-12-31": "4167.40000", "2019-09-30": "3908.00000", "2019-06-30": "3897.50000", "2019-03-31": "3739.90000", "2018-12-31": "3873.90000", "2018-09-30": "4175.60000", "2018-06-30": "5337.60000", "2018-03-31": "7287.80000", "2017-12-31": "5993.90000", "2017-09-30": "4598.20000", "2017-06-30": "4771.10000", "2017-03-31": "4736.90000", "2016-12-31": "3963.30000", "2016-09-30": "3570.60000", "2016-06-30": "3626.00000", "2016-03-31": "3487.20000", "2015-12-31": "3734.60000", "2015-09-30": "3839.90000", "2015-06-30": "3956.40000", "2015-03-31": "4061.60000", "2014-12-31": "4142.30000", "2014-09-30": "4144.70000", "2014-06-30": "4771.00000", "2014-03-31": "4664.20000", "2013-12-31": "4824.90000", "2013-09-30": "4704.80000", "2013-06-30": "4914.90000", "2013-03-31": "4732.30000", "2012-12-31": "4819.40000", "2012-09-30": "4991.00000", "2012-06-30": "4327.40600", "2012-03-31": "4309.47200", "2011-12-31": "4472.09500", "2011-09-30": "4671.90000", "2011-06-30": "4387.56300", "2011-03-31": "4407.90300", "2010-12-31": "4259.38900", "2010-09-30": "2977.64200", "2010-06-30": "2979.90300", "2010-03-31": "2133.09000", "2009-12-31": "2087.05200", "2009-09-30": "1834.02800", "2009-06-30": "1899.38900", "2009-03-31": "1781.61100", "2008-12-31": "1949.10600", "2008-09-30": "2102.15600", "2008-06-30": "2188.83500", "2008-03-31": "2960.61300", "2007-12-31": "2659.86000", "2007-09-30": "2599.99700", "2007-06-30": "2442.66900", "2007-03-31": "2585.92900", "2006-12-31": "2546.13900", "2006-09-30": "2815.13100", "2006-06-30": "2668.41300", "2006-03-31": "2621.94400", "2005-12-31": "2598.71200", "2005-09-30": "3209.54300", "2005-06-30": "3227.02500", "2005-03-31": "3638.16800"}, "Common Stock Net": {"2020-12-31": "50.50000", "2020-09-30": "49.50000", "2020-06-30": "49.50000", "2020-03-31": "49.50000", "2019-12-31": "49.80000", "2019-09-30": "49.90000", "2019-06-30": "50.40000", "2019-03-31": "50.80000", "2018-12-31": "51.10000", "2018-09-30": "51.90000", "2018-06-30": "52.90000", "2018-03-31": "54.20000", "2017-12-31": "55.20000", "2017-09-30": "55.50000", "2017-06-30": "55.80000", "2017-03-31": "56.20000", "2016-12-31": "56.60000", "2016-09-30": "57.00000", "2016-06-30": "57.70000", "2016-03-31": "58.60000", "2015-12-31": "59.50000", "2015-09-30": "60.40000", "2015-06-30": "61.50000", "2015-03-31": "61.90000", "2014-12-31": "62.20000", "2014-09-30": "62.30000", "2014-06-30": "62.50000", "2014-03-31": "62.80000", "2013-12-31": "63.10000", "2013-09-30": "63.10000", "2013-06-30": "63.60000", "2013-03-31": "21.30000", "2012-12-31": "21.30000", "2012-09-30": "63.70000", "2012-06-30": "21.25900", "2012-03-31": "21.51300", "2011-12-31": "21.59500", "2011-09-30": "21.80000", "2011-06-30": "22.04300", "2011-03-31": "22.18400", "2010-12-31": "22.32900", "2010-09-30": "22.40100", "2010-06-30": "22.53900", "2010-03-31": "22.73900", "2009-12-31": "22.82100", "2009-09-30": "22.93200", "2009-06-30": "23.03900", "2009-03-31": "23.20000", "2008-12-31": "23.29200", "2008-09-30": "23.27800", "2008-06-30": "23.46400", "2008-03-31": "23.63600", "2007-12-31": "23.97300", "2007-09-30": "24.54700", "2007-06-30": "24.58600", "2007-03-31": "24.95800", "2006-12-31": "25.35500", "2006-09-30": "25.32500", "2006-06-30": "25.29800", "2006-03-31": "25.93500", "2005-12-31": "25.81400", "2005-09-30": "25.27400", "2005-06-30": "25.13900", "2005-03-31": "25.10700"}, "Retained Earnings (Accumulated Deficit)": {"2020-12-31": "10665.10000", "2020-09-30": "10472.60000", "2020-06-30": "10514.80000", "2020-03-31": "10330.00000", "2019-12-31": "10408.00000", "2019-09-30": "10288.20000", "2019-06-30": "10241.50000", "2019-03-31": "10219.50000", "2018-12-31": "10087.90000", "2018-09-30": "10217.90000", "2018-06-30": "10153.50000", "2018-03-31": "10263.90000", "2017-12-31": "11969.50000", "2017-09-30": "12849.30000", "2017-06-30": "12665.20000", "2017-03-31": "12510.60000", "2016-12-31": "12326.00000", "2016-09-30": "12226.20000", "2016-06-30": "12076.90000", "2016-03-31": "12029.60000", "2015-12-31": "12064.80000", "2015-09-30": "12094.80000", "2015-06-30": "12279.60000", "2015-03-31": "12048.60000", "2014-12-31": "11672.00000", "2014-09-30": "11639.50000", "2014-06-30": "11208.60000", "2014-03-31": "10798.00000", "2013-12-31": "10441.10000", "2013-09-30": "10003.90000", "2013-06-30": "9764.60100", "2013-03-31": "9390.00000", "2012-12-31": "8862.70000", "2012-09-30": "9075.60100", "2012-06-30": "8736.61600", "2012-03-31": "8591.92300", "2011-12-31": "8239.11600", "2011-09-30": "8462.50000", "2011-06-30": "8433.47700", "2011-03-31": "8185.79100", "2010-12-31": "7920.86200", "2010-09-30": "7530.87700", "2010-06-30": "7344.70500", "2010-03-31": "7217.85000", "2009-12-31": "6986.83100", "2009-09-30": "7505.89000", "2009-06-30": "7299.34200", "2009-03-31": "7134.45400", "2008-12-31": "7098.43100", "2008-09-30": "7044.73200", "2008-06-30": "6971.02700", "2008-03-31": "6768.14200", "2007-12-31": "6767.55600", "2007-09-30": "7049.41700", "2007-06-30": "6757.86100", "2007-03-31": "6824.36300", "2006-12-31": "6719.96100", "2006-09-30": "6333.84300", "2006-06-30": "5983.10100", "2006-03-31": "5653.30600", "2005-12-31": "5488.74300", "2005-09-30": "5206.48500", "2005-06-30": "4897.26400", "2005-03-31": "4660.51600"}, "Comprehensive Income": {"2020-12-31": "-314.70000", "2020-09-30": "-407.60000", "2020-06-30": "-450.10000", "2020-03-31": "-476.10000", "2019-12-31": "-376.20000", "2019-09-30": "-431.60000", "2019-06-30": "-380.90000", "2019-03-31": "-386.50000", "2018-12-31": "-393.60000", "2018-09-30": "-370.60000", "2018-06-30": "-342.90000", "2018-03-31": "-259.70000", "2017-12-31": "-266.60000", "2017-09-30": "-284.80000", "2017-06-30": "-321.00000", "2017-03-31": "-373.20000", "2016-12-31": "-417.80000", "2016-09-30": "-347.40000", "2016-06-30": "-352.50000", "2016-03-31": "-317.80000", "2015-12-31": "-343.10000", "2015-09-30": "-314.20000", "2015-06-30": "-255.60000", "2015-03-31": "-289.00000", "2014-12-31": "-178.40000", "2014-09-30": "-117.70000", "2014-06-30": "24.20000", "2014-03-31": "4.40000", "2013-12-31": "2.90000", "2013-09-30": "6.10000", "2013-06-30": "-48.40000", "2013-03-31": "8.70000", "2012-12-31": "63.80000", "2012-09-30": "62.00000", "2012-06-30": "-8.54600", "2012-03-31": "76.34300", "2011-12-31": "12.93200", "2011-09-30": "40.40000", "2011-06-30": "230.98000", "2011-03-31": "205.53300", "2010-12-31": "186.53700", "2010-09-30": "173.71600", "2010-06-30": "59.25800", "2010-03-31": "143.68700", "2009-12-31": "125.39900", "2009-09-30": "103.35100", "2009-06-30": "21.13600", "2009-03-31": "-108.82900", "2008-12-31": "-83.47700", "2008-09-30": "6.35400", "2008-06-30": "161.23800", "2008-03-31": "192.33100", "2007-12-31": "221.36200", "2007-09-30": "258.31100", "2007-06-30": "229.62500", "2007-03-31": "181.66000", "2006-12-31": "193.56000", "2006-09-30": "139.97700", "2006-06-30": "125.54700", "2006-03-31": "112.77400", "2005-12-31": "96.79200", "2005-09-30": "99.72300", "2005-06-30": "88.89400", "2005-03-31": "102.31900"}, "Other Share Holders Equity": {"2020-12-31": "", "2020-09-30": "", "2020-06-30": "", "2020-03-31": "", "2019-12-31": "", "2019-09-30": "", "2019-06-30": "", "2019-03-31": "", "2018-12-31": "", "2018-09-30": "", "2018-06-30": "", "2018-03-31": "", "2017-12-31": "", "2017-09-30": "", "2017-06-30": "", "2017-03-31": "", "2016-12-31": "", "2016-09-30": "", "2016-06-30": "", "2016-03-31": "", "2015-12-31": "", "2015-09-30": "", "2015-06-30": "", "2015-03-31": "", "2014-12-31": "", "2014-09-30": "", "2014-06-30": "", "2014-03-31": "", "2013-12-31": "", "2013-09-30": "", "2013-06-30": "", "2013-03-31": "", "2012-12-31": "", "2012-09-30": "", "2012-06-30": "", "2012-03-31": "", "2011-12-31": "", "2011-09-30": "", "2011-06-30": "", "2011-03-31": "", "2010-12-31": "", "2010-09-30": "", "2010-06-30": "", "2010-03-31": "", "2009-12-31": "", "2009-09-30": "", "2009-06-30": "", "2009-03-31": "", "2008-12-31": "", "2008-09-30": "", "2008-06-30": "", "2008-03-31": "", "2007-12-31": "", "2007-09-30": "", "2007-06-30": "", "2007-03-31": "", "2006-12-31": "", "2006-09-30": "", "2006-06-30": "", "2006-03-31": "", "2005-12-31": "", "2005-09-30": "", "2005-06-30": "", "2005-03-31": ""}, "Share Holder Equity": {"2020-12-31": "11420.60000", "2020-09-30": "10973.80000", "2020-06-30": "11003.70000", "2020-03-31": "10753.50000", "2019-12-31": "10834.40000", "2019-09-30": "10624.20000", "2019-06-30": "10565.80000", "2019-03-31": "10499.10000", "2018-12-31": "10076.70000", "2018-09-30": "10207.90000", "2018-06-30": "10190.40000", "2018-03-31": "10402.20000", "2017-12-31": "12080.50000", "2017-09-30": "12935.80000", "2017-06-30": "12705.10000", "2017-03-31": "12473.20000", "2016-12-31": "12247.00000", "2016-09-30": "12528.20000", "2016-06-30": "12371.50000", "2016-03-31": "12403.70000", "2015-12-31": "12420.90000", "2015-09-30": "12495.80000", "2015-06-30": "12713.90000", "2015-03-31": "12429.50000", "2014-12-31": "12154.50000", "2014-09-30": "12212.40000", "2014-06-30": "11920.90000", "2014-03-31": "11473.20000", "2013-12-31": "11084.40000", "2013-09-30": "10685.50000", "2013-06-30": "10402.30000", "2013-03-31": "10077.90000", "2012-12-31": "9534.80000", "2012-09-30": "9760.50000", "2012-06-30": "9306.90700", "2012-03-31": "9353.33600", "2011-12-31": "8933.39200", "2011-09-30": "9103.90000", "2011-06-30": "8763.43600", "2011-03-31": "8419.47900", "2010-12-31": "8132.56600", "2010-09-30": "7730.44600", "2010-06-30": "7429.91100", "2010-03-31": "7387.49200", "2009-12-31": "7137.07700", "2009-09-30": "7634.43500", "2009-06-30": "7343.51700", "2009-03-31": "7048.82500", "2008-12-31": "7038.24600", "2008-09-30": "7074.36400", "2008-06-30": "7155.72900", "2008-03-31": "6984.10900", "2007-12-31": "7012.89100", "2007-09-30": "7332.27500", "2007-06-30": "7012.07200", "2007-03-31": "7030.98100", "2006-12-31": "7117.33700", "2006-09-30": "6684.72800", "2006-06-30": "6306.33000", "2006-03-31": "6543.01700", "2005-12-31": "6293.11400", "2005-09-30": "5684.38400", "2005-06-30": "5301.53800", "2005-03-31": "5061.28700"}, "Total Liabilities And Share Holders Equity": {"2020-12-31": "21229.60000", "2020-09-30": "20220.90000", "2020-06-30": "15617.00000", "2020-03-31": "14666.20000", "2019-12-31": "15001.80000", "2019-09-30": "14532.20000", "2019-06-30": "14463.30000", "2019-03-31": "14239.00000", "2018-12-31": "13950.60000", "2018-09-30": "14383.50000", "2018-06-30": "15528.00000", "2018-03-31": "17690.00000", "2017-12-31": "18074.40000", "2017-09-30": "17534.00000", "2017-06-30": "17476.20000", "2017-03-31": "17210.10000", "2016-12-31": "16210.30000", "2016-09-30": "16098.80000", "2016-06-30": "15997.50000", "2016-03-31": "15890.90000", "2015-12-31": "16155.50000", "2015-09-30": "16335.70000", "2015-06-30": "16670.30000", "2015-03-31": "16491.10000", "2014-12-31": "16296.80000", "2014-09-30": "16357.10000", "2014-06-30": "16691.90000", "2014-03-31": "16137.40000", "2013-12-31": "15909.30000", "2013-09-30": "15390.30000", "2013-06-30": "15317.20000", "2013-03-31": "14810.20000", "2012-12-31": "14354.20000", "2012-09-30": "14751.50000", "2012-06-30": "13634.31000", "2012-03-31": "13662.81000", "2011-12-31": "13405.49000", "2011-09-30": "13775.80000", "2011-06-30": "13151.00000", "2011-03-31": "12827.38000", "2010-12-31": "12391.96000", "2010-09-30": "10708.09000", "2010-06-30": "10409.81000", "2010-03-31": "9520.58200", "2009-12-31": "9224.12900", "2009-09-30": "9468.46300", "2009-06-30": "9242.90600", "2009-03-31": "8830.43600", "2008-12-31": "8987.35200", "2008-09-30": "9176.52000", "2008-06-30": "9344.56400", "2008-03-31": "9944.72200", "2007-12-31": "9672.75100", "2007-09-30": "9932.27200", "2007-06-30": "9454.74100", "2007-03-31": "9616.91000", "2006-12-31": "9663.47600", "2006-09-30": "9499.85900", "2006-06-30": "8974.74300", "2006-03-31": "9164.96100", "2005-12-31": "8891.82600", "2005-09-30": "8893.92700", "2005-06-30": "8528.56300", "2005-03-31": "8699.45500"}}, "cash flow statement": {"Net Income/Loss": {"2020-09-30": "787.10000", "2019-09-30": "1205.50000", "2018-09-30": "742.70000", "2017-09-30": "1789.70000", "2016-09-30": "1757.70000", "2015-09-30": "2104.70000", "2014-09-30": "2411.70000", "2013-09-30": "2170.70000", "2012-09-30": "1915.50000", "2011-09-30": "1820.80000", "2010-09-30": "1451.50000", "2009-09-30": "904.29100", "2008-09-30": "1599.81900", "2007-09-30": "1772.93800", "2006-09-30": "1267.56800", "2005-09-30": "1057.63100"}, "Total Depreciation And Amortization - Cash Flow": {"2020-09-30": "208.80000", "2019-09-30": "179.20000", "2018-09-30": "157.10000", "2017-09-30": "152.30000", "2016-09-30": "162.30000", "2015-09-30": "210.20000", "2014-09-30": "222.40000", "2013-09-30": "231.50000", "2012-09-30": "212.00000", "2011-09-30": "243.60000", "2010-09-30": "267.40000", "2009-09-30": "181.27200", "2008-09-30": "215.22200", "2007-09-30": "198.61900", "2006-09-30": "215.27100", "2005-09-30": "212.17300"}, "Other Non-Cash Items": {"2020-09-30": "279.40000", "2019-09-30": "172.00000", "2018-09-30": "111.50000", "2017-09-30": "-108.80000", "2016-09-30": "107.30000", "2015-09-30": "143.00000", "2014-09-30": "-29.20000", "2013-09-30": "-40.30000", "2012-09-30": "-29.00000", "2011-09-30": "94.10000", "2010-09-30": "25.30000", "2009-09-30": "145.49700", "2008-09-30": "26.02300", "2007-09-30": "-48.88300", "2006-09-30": "164.00200", "2005-09-30": "-54.33300"}, "Total Non-Cash Items": {"2020-09-30": "488.20000", "2019-09-30": "351.20000", "2018-09-30": "268.60000", "2017-09-30": "43.50000", "2016-09-30": "269.60000", "2015-09-30": "353.20000", "2014-09-30": "193.20000", "2013-09-30": "191.20000", "2012-09-30": "183.00000", "2011-09-30": "337.70000", "2010-09-30": "292.70000", "2009-09-30": "326.76900", "2008-09-30": "241.24500", "2007-09-30": "149.73600", "2006-09-30": "379.27300", "2005-09-30": "157.84000"}, "Change In Accounts Receivable": {"2020-09-30": "131.50000", "2019-09-30": "-68.50000", "2018-09-30": "-21.60000", "2017-09-30": "-161.00000", "2016-09-30": "-10.80000", "2015-09-30": "45.20000", "2014-09-30": "-113.70000", "2013-09-30": "-268.10000", "2012-09-30": "-222.80000", "2011-09-30": "-230.30000", "2010-09-30": "-282.30000", "2009-09-30": "-121.97400", "2008-09-30": "76.85700", "2007-09-30": "-231.23800", "2006-09-30": "-156.11900", "2005-09-30": "-91.28600"}, "Change In Inventories": {"2020-09-30": "-192.20000", "2019-09-30": "-1355.10000", "2018-09-30": "326.50000", "2017-09-30": "-682.00000", "2016-09-30": "-121.90000", "2015-09-30": "-157.80000", "2014-09-30": "-563.10000", "2013-09-30": "-211.50000", "2012-09-30": "-780.80000", "2011-09-30": "-518.40000", "2010-09-30": "-143.00000", "2009-09-30": "-397.50800", "2008-09-30": "-687.24600", "2007-09-30": "-217.12200", "2006-09-30": "-127.30300", "2005-09-30": "2.57900"}, "Change In Accounts Payable": {"2020-09-30": "-60.60000", "2019-09-30": "189.20000", "2018-09-30": "-32.60000", "2017-09-30": "63.50000", "2016-09-30": "-76.20000", "2015-09-30": "-80.40000", "2014-09-30": "2.60000", "2013-09-30": "53.80000", "2012-09-30": "14.40000", "2011-09-30": "65.50000", "2010-09-30": "83.00000", "2009-09-30": "-10.67200", "2008-09-30": "-44.66900", "2007-09-30": "63.70100", "2006-09-30": "34.32000", "2005-09-30": "48.33500"}, "Change In Assets/Liabilities": {"2020-09-30": "-9.60000", "2019-09-30": "89.40000", "2018-09-30": "-19.10000", "2017-09-30": "37.20000", "2016-09-30": "-76.70000", "2015-09-30": "-32.90000", "2014-09-30": "191.50000", "2013-09-30": "49.50000", "2012-09-30": "-0.10000", "2011-09-30": "99.10000", "2010-09-30": "155.20000", "2009-09-30": "-34.24600", "2008-09-30": "224.22500", "2007-09-30": "64.72700", "2006-09-30": "-119.84900", "2005-09-30": "-325.11100"}, "Total Change In Assets/Liabilities": {"2020-09-30": "-253.90000", "2019-09-30": "-1355.10000", "2018-09-30": "1218.40000", "2017-09-30": "-697.80000", "2016-09-30": "-299.60000", "2015-09-30": "-205.90000", "2014-09-30": "-466.90000", "2013-09-30": "-326.20000", "2012-09-30": "-1064.20000", "2011-09-30": "-551.60000", "2010-09-30": "-93.20000", "2009-09-30": "-589.65800", "2008-09-30": "-431.82300", "2007-09-30": "-249.04100", "2006-09-30": "-368.95100", "2005-09-30": "-365.48300"}, "Cash Flow From Operating Activities": {"2020-09-30": "1021.40000", "2019-09-30": "201.60000", "2018-09-30": "2229.70000", "2017-09-30": "1135.40000", "2016-09-30": "1727.70000", "2015-09-30": "2252.00000", "2014-09-30": "2138.00000", "2013-09-30": "2035.70000", "2012-09-30": "1066.20000", "2011-09-30": "1621.80000", "2010-09-30": "1651.00000", "2009-09-30": "641.40200", "2008-09-30": "1409.24100", "2007-09-30": "1673.63300", "2006-09-30": "1277.89000", "2005-09-30": "849.98800"}, "Net Change In Property, Plant, And Equipment": {"2020-09-30": "-103.70000", "2019-09-30": "-233.70000", "2018-09-30": "-106.50000", "2017-09-30": "-74.90000", "2016-09-30": "-97.60000", "2015-09-30": "-68.80000", "2014-09-30": "-53.10000", "2013-09-30": "-62.20000", "2012-09-30": "-78.40000", "2011-09-30": "-131.70000", "2010-09-30": "-57.40000", "2009-09-30": "-45.18300", "2008-09-30": "-63.49800", "2007-09-30": "-94.14400", "2006-09-30": "-69.05000", "2005-09-30": "-74.92500"}, "Net Change In Intangible Assets": {"2020-09-30": "", "2019-09-30": "", "2018-09-30": "", "2017-09-30": "", "2016-09-30": "", "2015-09-30": "", "2014-09-30": "", "2013-09-30": "", "2012-09-30": "", "2011-09-30": "", "2010-09-30": "", "2009-09-30": "", "2008-09-30": "", "2007-09-30": "", "2006-09-30": "", "2005-09-30": ""}, "Net Acquisitions/Divestitures": {"2020-09-30": "-3821.40000", "2019-09-30": "-684.20000", "2018-09-30": "-86.80000", "2017-09-30": "-14.00000", "2016-09-30": "", "2015-09-30": "", "2014-09-30": "", "2013-09-30": "0.80000", "2012-09-30": "", "2011-09-30": "-111.10000", "2010-09-30": "", "2009-09-30": "0.53300", "2008-09-30": "", "2007-09-30": "-92.30700", "2006-09-30": "3.79500", "2005-09-30": "-0.03700"}, "Net Change In Short-term Investments": {"2020-09-30": "", "2019-09-30": "", "2018-09-30": "", "2017-09-30": "", "2016-09-30": "", "2015-09-30": "", "2014-09-30": "", "2013-09-30": "", "2012-09-30": "", "2011-09-30": "", "2010-09-30": "", "2009-09-30": "", "2008-09-30": "", "2007-09-30": "", "2006-09-30": "", "2005-09-30": ""}, "Net Change In Long-Term Investments": {"2020-09-30": "722.60000", "2019-09-30": "-159.20000", "2018-09-30": "-97.10000", "2017-09-30": "225.80000", "2016-09-30": "301.40000", "2015-09-30": "313.30000", "2014-09-30": "367.00000", "2013-09-30": "276.60000", "2012-09-30": "554.70000", "2011-09-30": "428.60010", "2010-09-30": "88.90000", "2009-09-30": "283.36910", "2008-09-30": "-869.90590", "2007-09-30": "-127.77300", "2006-09-30": "90.38900", "2005-09-30": "-253.78810"}, "Net Change In Investments - Total": {"2020-09-30": "722.60000", "2019-09-30": "-159.20000", "2018-09-30": "-97.10000", "2017-09-30": "225.80000", "2016-09-30": "301.40000", "2015-09-30": "313.30000", "2014-09-30": "367.00000", "2013-09-30": "276.60000", "2012-09-30": "554.70000", "2011-09-30": "428.60010", "2010-09-30": "88.90000", "2009-09-30": "283.36910", "2008-09-30": "-869.90590", "2007-09-30": "-127.77300", "2006-09-30": "90.38900", "2005-09-30": "-253.78810"}, "Investing Activities - Other": {"2020-09-30": "-40.60000", "2019-09-30": "", "2018-09-30": "", "2017-09-30": "-84.90000", "2016-09-30": "-11.60000", "2015-09-30": "4.40000", "2014-09-30": "76.70000", "2013-09-30": "17.70000", "2012-09-30": "397.10000", "2011-09-30": "250.10000", "2010-09-30": "-64.20000", "2009-09-30": "51.22000", "2008-09-30": "-162.71800", "2007-09-30": "8.05600", "2006-09-30": "11.39000", "2005-09-30": "71.19100"}, "Cash Flow From Investing Activities": {"2020-09-30": "-3243.10000", "2019-09-30": "-1077.10000", "2018-09-30": "-290.40000", "2017-09-30": "52.00000", "2016-09-30": "192.20000", "2015-09-30": "248.90000", "2014-09-30": "390.60000", "2013-09-30": "232.90000", "2012-09-30": "873.40000", "2011-09-30": "435.90000", "2010-09-30": "-32.70000", "2009-09-30": "289.93900", "2008-09-30": "-1096.12200", "2007-09-30": "-306.16800", "2006-09-30": "36.52400", "2005-09-30": "-257.55900"}, "Net Long-Term Debt": {"2020-09-30": "494.10000", "2019-09-30": "18.10000", "2018-09-30": "-382.90000", "2017-09-30": "-641.60000", "2016-09-30": "-93.80000", "2015-09-30": "-14.70000", "2014-09-30": "-180.00000", "2013-09-30": "-743.90010", "2012-09-30": "343.09990", "2011-09-30": "-340.20000", "2010-09-30": "886.00000", "2009-09-30": "-130.53700", "2008-09-30": "-523.27800", "2007-09-30": "-677.31000", "2006-09-30": "-48.70200", "2005-09-30": "241.10200"}, "Net Current Debt": {"2020-09-30": "", "2019-09-30": "", "2018-09-30": "", "2017-09-30": "", "2016-09-30": "", "2015-09-30": "", "2014-09-30": "", "2013-09-30": "", "2012-09-30": "-30.00000", "2011-09-30": "-0.10000", "2010-09-30": "-34.50000", "2009-09-30": "50.70100", "2008-09-30": "10.74200", "2007-09-30": "", "2006-09-30": "", "2005-09-30": ""}, "Debt Issuance/Retirement Net - Total": {"2020-09-30": "494.10000", "2019-09-30": "18.10000", "2018-09-30": "-382.90000", "2017-09-30": "-641.60000", "2016-09-30": "-93.80000", "2015-09-30": "-14.70000", "2014-09-30": "-180.00000", "2013-09-30": "-743.90010", "2012-09-30": "313.09990", "2011-09-30": "-340.30000", "2010-09-30": "851.50000", "2009-09-30": "-79.83600", "2008-09-30": "-512.53600", "2007-09-30": "-677.31000", "2006-09-30": "-48.70200", "2005-09-30": "241.10200"}, "Net Common Equity Issued/Repurchased": {"2020-09-30": "-197.60000", "2019-09-30": "-731.20000", "2018-09-30": "-1400.00000", "2017-09-30": "-740.40000", "2016-09-30": "-1283.90000", "2015-09-30": "-1034.30000", "2014-09-30": "-589.60000", "2013-09-30": "-449.70000", "2012-09-30": "-748.30000", "2011-09-30": "-904.60000", "2010-09-30": "-634.00000", "2009-09-30": "-352.55100", "2008-09-30": "-1529.99400", "2007-09-30": "-685.32000", "2006-09-30": "-887.61700", "2005-09-30": "-39.48400"}, "Net Total Equity Issued/Repurchased": {"2020-09-30": "-197.60000", "2019-09-30": "-731.20000", "2018-09-30": "-1400.00000", "2017-09-30": "-740.40000", "2016-09-30": "-1283.90000", "2015-09-30": "-1034.30000", "2014-09-30": "-589.60000", "2013-09-30": "-449.70000", "2012-09-30": "-748.30000", "2011-09-30": "-904.60000", "2010-09-30": "-634.00000", "2009-09-30": "-352.55100", "2008-09-30": "-1529.99400", "2007-09-30": "-685.32000", "2006-09-30": "-887.61700", "2005-09-30": "-39.48400"}, "Total Common And Preferred Stock Dividends Paid": {"2020-09-30": "-533.20000", "2019-09-30": "-518.60000", "2018-09-30": "-2116.90000", "2017-09-30": "-441.20000", "2016-09-30": "-408.70000", "2015-09-30": "-666.40000", "2014-09-30": "-290.40000", "2013-09-30": "-882.70000", "2012-09-30": "-663.00000", "2011-09-30": "-216.30000", "2010-09-30": "-883.50000", "2009-09-30": "-192.78400", "2008-09-30": "-179.03300", "2007-09-30": "-142.74700", "2006-09-30": "-117.73000", "2005-09-30": "-598.65900"}, "Financial Activities - Other": {"2020-09-30": "430.90000", "2019-09-30": "1191.20000", "2018-09-30": "138.10000", "2017-09-30": "867.20000", "2016-09-30": "-14.30000", "2015-09-30": "103.20000", "2014-09-30": "-135.30000", "2013-09-30": "58.20000", "2012-09-30": "13.30000", "2011-09-30": "493.00000", "2010-09-30": "71.10000", "2009-09-30": "284.56300", "2008-09-30": "921.58800", "2007-09-30": "56.13000", "2006-09-30": "200.61100", "2005-09-30": "39.58300"}, "Cash Flow From Financial Activities": {"2020-09-30": "194.20000", "2019-09-30": "-40.50000", "2018-09-30": "-3761.70000", "2017-09-30": "-956.00000", "2016-09-30": "-1800.70000", "2015-09-30": "-1612.20000", "2014-09-30": "-1195.30000", "2013-09-30": "-2018.10000", "2012-09-30": "-1084.90000", "2011-09-30": "-968.20000", "2010-09-30": "-594.90000", "2009-09-30": "-340.60800", "2008-09-30": "-1299.97500", "2007-09-30": "-1449.24700", "2006-09-30": "-853.43800", "2005-09-30": "-357.45800"}, "Net Cash Flow": {"2020-09-30": "-2000.10000", "2019-09-30": "-953.00000", "2018-09-30": "-1839.10000", "2017-09-30": "266.40000", "2016-09-30": "115.20000", "2015-09-30": "772.10000", "2014-09-30": "1272.90000", "2013-09-30": "271.70000", "2012-09-30": "852.80000", "2011-09-30": "1074.90000", "2010-09-30": "1019.20000", "2009-09-30": "576.89900", "2008-09-30": "-1056.63100", "2007-09-30": "-28.95200", "2006-09-30": "460.97600", "2005-09-30": "234.97100"}, "Stock-Based Compensation": {"2020-09-30": "122.30000", "2019-09-30": "111.50000", "2018-09-30": "117.80000", "2017-09-30": "123.40000", "2016-09-30": "131.50000", "2015-09-30": "140.00000", "2014-09-30": "127.70000", "2013-09-30": "113.40000", "2012-09-30": "101.30000", "2011-09-30": "88.70000", "2010-09-30": "81.70000", "2009-09-30": "84.44300", "2008-09-30": "80.70500", "2007-09-30": "90.14500", "2006-09-30": "64.94000", "2005-09-30": ""}, "Common Stock Dividends Paid": {"2020-09-30": "-533.20000", "2019-09-30": "-518.60000", "2018-09-30": "-2116.90000", "2017-09-30": "-441.20000", "2016-09-30": "-408.70000", "2015-09-30": "-666.40000", "2014-09-30": "-290.40000", "2013-09-30": "-882.70000", "2012-09-30": "-663.00000", "2011-09-30": "-216.30000", "2010-09-30": "-883.50000", "2009-09-30": "-192.78400", "2008-09-30": "-179.03300", "2007-09-30": "-142.74700", "2006-09-30": "-117.73000", "2005-09-30": "-598.65900"}}, "cash flow statement, quarterly": {"Net Income/Loss": {"2020-12-31": "394.80000", "2020-09-30": 126.5, "2020-06-30": 253.7, "2020-03-31": 58.8, "2019-12-31": "348.10000", "2019-09-30": 309.3, "2019-06-30": 254.6, "2019-03-31": 381.6, "2018-12-31": "260.00000", "2018-09-30": 476.3, "2018-06-30": 355.4, "2018-03-31": 482.9, "2017-12-31": "-571.90000", "2017-09-30": 476.5, "2017-06-30": 459.4, "2017-03-31": 435, "2016-12-31": "418.80000", "2016-09-30": 473, "2016-06-30": 461.5, "2016-03-31": 360.8, "2015-12-31": "462.40000", "2015-09-30": 381.5, "2015-06-30": 534, "2015-03-31": 622.9, "2014-12-31": "566.30000", "2014-09-30": 630.8, "2014-06-30": 632.1, "2014-03-31": 552.8, "2013-12-31": "596.00000", "2013-09-30": 510.5, "2013-06-30": 562.1, "2013-03-31": 593.4, "2012-12-31": "504.70000", "2012-09-30": 504, "2012-06-30": 430, "2012-03-31": 487.8, "2011-12-31": "493.70000", "2011-09-30": 356.918, "2011-06-30": 478.2, "2011-03-31": 495.565, "2010-12-31": "490.11700", "2010-09-30": 375.858, "2010-06-30": 359.683, "2010-03-31": 358.41, "2009-12-31": "357.54900", "2009-09-30": 378.442, "2009-06-30": 306.848, "2009-03-31": 109.072, "2008-12-31": "109.92900", "2008-09-30": 312.095, "2008-06-30": 403.312, "2008-03-31": 366.096, "2007-12-31": "518.31600", "2007-09-30": 436.908, "2007-06-30": 468.364, "2007-03-31": 440.866, "2006-12-31": "426.80000", "2006-09-30": 381.669, "2006-06-30": 371.414, "2006-03-31": 196.516, "2005-12-31": "317.96900", "2005-09-30": 334.495, "2005-06-30": 261.873, "2005-03-31": 461.263}, "Total Depreciation And Amortization - Cash Flow": {"2020-12-31": "99.00000", "2020-09-30": 76.3, "2020-06-30": 40.8, "2020-03-31": 44.6, "2019-12-31": "47.10000", "2019-09-30": 51.7, "2019-06-30": 45.9, "2019-03-31": 39.6, "2018-12-31": "42.00000", "2018-09-30": 37.9, "2018-06-30": 40.4, "2018-03-31": 38.8, "2017-12-31": "40.00000", "2017-09-30": 37.1, "2017-06-30": 40.3, "2017-03-31": 37.9, "2016-12-31": "37.00000", "2016-09-30": 38.7, "2016-06-30": 40.3, "2016-03-31": 37.9, "2015-12-31": "45.40000", "2015-09-30": 50.4, "2015-06-30": 51, "2015-03-31": 53.7, "2014-12-31": "55.10000", "2014-09-30": 52.3, "2014-06-30": 53, "2014-03-31": 57.8, "2013-12-31": "59.30000", "2013-09-30": 58.2, "2013-06-30": 58.7, "2013-03-31": 60.7, "2012-12-31": "53.90000", "2012-09-30": 49.5, "2012-06-30": 54.1, "2012-03-31": 55.8, "2011-12-31": "52.60000", "2011-09-30": 61.835, "2011-06-30": 58.138, "2011-03-31": 61.149, "2010-12-31": "62.47800", "2010-09-30": 66.596, "2010-06-30": 69.61, "2010-03-31": 65.193, "2009-12-31": "66.00100", "2009-09-30": 51.275, "2009-06-30": 40.854, "2009-03-31": 42.463, "2008-12-31": "46.68000", "2008-09-30": 58.405, "2008-06-30": 51.709, "2008-03-31": 52.824, "2007-12-31": "52.28400", "2007-09-30": 31.261, "2007-06-30": 58.559, "2007-03-31": 56.26, "2006-12-31": "52.53900", "2006-09-30": 54.427, "2006-06-30": 52.903, "2006-03-31": 54.174, "2005-12-31": "53.76700", "2005-09-30": 65.449, "2005-06-30": 48.342, "2005-03-31": 98.382}, "Other Non-Cash Items": {"2020-12-31": "-104.90000", "2020-09-30": 628.3, "2020-06-30": -238.6, "2020-03-31": -118.1, "2019-12-31": "7.80000", "2019-09-30": 1105.5, "2019-06-30": -784.7, "2019-03-31": -286.8, "2018-12-31": "138.00000", "2018-09-30": -110.5, "2018-06-30": 327.1, "2018-03-31": 43.9, "2017-12-31": "-149.00000", "2017-09-30": -74.2, "2017-06-30": -26.7, "2017-03-31": 25.2, "2016-12-31": "-33.10000", "2016-09-30": 16.5, "2016-06-30": 39.3, "2016-03-31": 28.8, "2015-12-31": "22.70000", "2015-09-30": 104.9, "2015-06-30": -0.4, "2015-03-31": -5.6, "2014-12-31": "44.10000", "2014-09-30": 30.9, "2014-06-30": -65.4, "2014-03-31": 23.1, "2013-12-31": "-17.80000", "2013-09-30": 10, "2013-06-30": -6.2, "2013-03-31": -27, "2012-12-31": "-17.10000", "2012-09-30": -13.4, "2012-06-30": 25, "2012-03-31": -1, "2011-12-31": "-39.60000", "2011-09-30": 107.284, "2011-06-30": 16.321, "2011-03-31": -21.789, "2010-12-31": "-7.71600", "2010-09-30": -35.111, "2010-06-30": 48.039, "2010-03-31": 5.711, "2009-12-31": "6.66100", "2009-09-30": 24.827, "2009-06-30": -12.114, "2009-03-31": 45.074, "2008-12-31": "87.71000", "2008-09-30": 5.014, "2008-06-30": 27.307, "2008-03-31": 32.309, "2007-12-31": "-38.60700", "2007-09-30": -39.978, "2007-06-30": 24.343, "2007-03-31": -95.916, "2006-12-31": "62.66800", "2006-09-30": -9.059, "2006-06-30": -20.791, "2006-03-31": 115.64, "2005-12-31": "78.21200", "2005-09-30": -9.979, "2005-06-30": 39.602, "2005-03-31": -83.956}, "Total Non-Cash Items": {"2020-12-31": "-5.90000", "2020-09-30": 704.6, "2020-06-30": -197.8, "2020-03-31": -73.5, "2019-12-31": "54.90000", "2019-09-30": 1157.2, "2019-06-30": -738.8, "2019-03-31": -247.2, "2018-12-31": "180.00000", "2018-09-30": -72.6, "2018-06-30": 367.5, "2018-03-31": 82.7, "2017-12-31": "-109.00000", "2017-09-30": -37.1, "2017-06-30": 13.6, "2017-03-31": 63.1, "2016-12-31": "3.90000", "2016-09-30": 55.2, "2016-06-30": 79.6, "2016-03-31": 66.7, "2015-12-31": "68.10000", "2015-09-30": 155.3, "2015-06-30": 50.6, "2015-03-31": 48.1, "2014-12-31": "99.20000", "2014-09-30": 83.2, "2014-06-30": -12.4, "2014-03-31": 80.9, "2013-12-31": "41.50000", "2013-09-30": 68.2, "2013-06-30": 52.5, "2013-03-31": 33.7, "2012-12-31": "36.80000", "2012-09-30": 36.1, "2012-06-30": 79.1, "2012-03-31": 54.8, "2011-12-31": "13.00000", "2011-09-30": 169.119, "2011-06-30": 74.459, "2011-03-31": 39.36, "2010-12-31": "54.76200", "2010-09-30": 31.485, "2010-06-30": 117.649, "2010-03-31": 70.904, "2009-12-31": "72.66200", "2009-09-30": 76.102, "2009-06-30": 28.74, "2009-03-31": 87.537, "2008-12-31": "134.39000", "2008-09-30": 63.419, "2008-06-30": 79.016, "2008-03-31": 85.133, "2007-12-31": "13.67700", "2007-09-30": -8.717, "2007-06-30": 82.902, "2007-03-31": -39.656, "2006-12-31": "115.20700", "2006-09-30": 45.368, "2006-06-30": 32.112, "2006-03-31": 169.814, "2005-12-31": "131.97900", "2005-09-30": 55.47, "2005-06-30": 87.944, "2005-03-31": 14.426}, "Change In Accounts Receivable": {"2020-12-31": "", "2020-09-30": 133.5, "2020-06-30": -6.1, "2020-03-31": 4.1, "2019-12-31": "", "2019-09-30": -39.9, "2019-06-30": -25, "2019-03-31": -66.2, "2018-12-31": "62.60000", "2018-09-30": -39.5, "2018-06-30": -23.1, "2018-03-31": 74.8, "2017-12-31": "-33.80000", "2017-09-30": -76.3, "2017-06-30": -9.6, "2017-03-31": -63.3, "2016-12-31": "-11.80000", "2016-09-30": -14.5, "2016-06-30": 7.1, "2016-03-31": 39.1, "2015-12-31": "-42.50000", "2015-09-30": 41.1, "2015-06-30": 5.5, "2015-03-31": 5.3, "2014-12-31": "-6.70000", "2014-09-30": 20, "2014-06-30": -21.7, "2014-03-31": 14.2, "2013-12-31": "-126.20000", "2013-09-30": -79.9, "2013-06-30": 13.5, "2013-03-31": -145.6, "2012-12-31": "-56.10000", "2012-09-30": -62.2, "2012-06-30": -61.9, "2012-03-31": -70.8, "2011-12-31": "-27.90000", "2011-09-30": -7.378, "2011-06-30": -69.461, "2011-03-31": -17.681, "2010-12-31": "-135.78000", "2010-09-30": -42.37, "2010-06-30": -96.877, "2010-03-31": -41.074, "2009-12-31": "-101.97900", "2009-09-30": -173.004, "2009-06-30": -25.142, "2009-03-31": -35.989, "2008-12-31": "112.16100", "2008-09-30": 58.018, "2008-06-30": -19.082, "2008-03-31": -18.601, "2007-12-31": "56.52200", "2007-09-30": -115.175, "2007-06-30": -68.552, "2007-03-31": -18.545, "2006-12-31": "-28.96600", "2006-09-30": -84.766, "2006-06-30": -3.871, "2006-03-31": -82.515, "2005-12-31": "15.03300", "2005-09-30": -56.274, "2005-06-30": 38.438, "2005-03-31": -73.45}, "Change In Inventories": {"2020-12-31": "-125.40000", "2020-09-30": -515.7, "2020-06-30": 273.1, "2020-03-31": 344.6, "2019-12-31": "-294.20000", "2019-09-30": -1471.3, "2019-06-30": -12.2, "2019-03-31": 173.5, "2018-12-31": "-45.10000", "2018-09-30": 492.2, "2018-06-30": -131.1, "2018-03-31": 133.9, "2017-12-31": "-168.50000", "2017-09-30": -221.7, "2017-06-30": -240.5, "2017-03-31": -291.6, "2016-12-31": "71.80000", "2016-09-30": 103.1, "2016-06-30": 73.1, "2016-03-31": -197.1, "2015-12-31": "-101.00000", "2015-09-30": -113.6, "2015-06-30": -55.3, "2015-03-31": -10.1, "2014-12-31": "21.20000", "2014-09-30": -36.6, "2014-06-30": -13.3, "2014-03-31": -246, "2013-12-31": "-267.20000", "2013-09-30": -39.6, "2013-06-30": -18.7, "2013-03-31": -76.3, "2012-12-31": "-76.90000", "2012-09-30": -341.5, "2012-06-30": -117.8, "2012-03-31": -174.4, "2011-12-31": "-147.10000", "2011-09-30": 20.897, "2011-06-30": -127.173, "2011-03-31": -230.009, "2010-12-31": "-182.11500", "2010-09-30": -20.686, "2010-06-30": -21.734, "2010-03-31": -26.343, "2009-12-31": "-74.23700", "2009-09-30": -227.247, "2009-06-30": -166.447, "2009-03-31": 29.638, "2008-12-31": "-33.45200", "2008-09-30": -458.057, "2008-06-30": -40.692, "2008-03-31": -86.463, "2007-12-31": "-102.03400", "2007-09-30": -194.417, "2007-06-30": -9.991, "2007-03-31": 23.639, "2006-12-31": "-36.35300", "2006-09-30": -41.818, "2006-06-30": -23.611, "2006-03-31": -32.67, "2005-12-31": "-29.20400", "2005-09-30": 9.218, "2005-06-30": -13.584, "2005-03-31": 6.945}, "Change In Accounts Payable": {"2020-12-31": "10.40000", "2020-09-30": -116.8, "2020-06-30": 72.1, "2020-03-31": -14.6, "2019-12-31": "-1.30000", "2019-09-30": 21.7, "2019-06-30": 231.4, "2019-03-31": -10.1, "2018-12-31": "-53.80000", "2018-09-30": -15.3, "2018-06-30": -26.6, "2018-03-31": -148.4, "2017-12-31": "157.70000", "2017-09-30": 24.8, "2017-06-30": 25.1, "2017-03-31": 55.3, "2016-12-31": "-41.70000", "2016-09-30": -23.8, "2016-06-30": -1.3, "2016-03-31": -27.3, "2015-12-31": "-23.80000", "2015-09-30": -43.4, "2015-06-30": -5.5, "2015-03-31": -10.6, "2014-12-31": "-20.90000", "2014-09-30": -17.7, "2014-06-30": 11.1, "2014-03-31": -7.2, "2013-12-31": "16.40000", "2013-09-30": 3, "2013-06-30": 11.9, "2013-03-31": 148.2, "2012-12-31": "-109.30000", "2012-09-30": 15.8, "2012-06-30": -12.7, "2012-03-31": 36.9, "2011-12-31": "-25.60000", "2011-09-30": -22.976, "2011-06-30": 27.798, "2011-03-31": 34.401, "2010-12-31": "26.27700", "2010-09-30": 23.16, "2010-06-30": 18.929, "2010-03-31": 19.486, "2009-12-31": "21.42500", "2009-09-30": 30.29, "2009-06-30": 28.062, "2009-03-31": -7.107, "2008-12-31": "-61.91700", "2008-09-30": -39.453, "2008-06-30": 2.218, "2008-03-31": -19.748, "2007-12-31": "12.31400", "2007-09-30": 2.904, "2007-06-30": 18.181, "2007-03-31": 18.992, "2006-12-31": "23.62400", "2006-09-30": 4.086, "2006-06-30": 14.318, "2006-03-31": 11.691, "2005-12-31": "4.22500", "2005-09-30": 10.922, "2005-06-30": 5.93, "2005-03-31": 31.483}, "Change In Assets/Liabilities": {"2020-12-31": "-119.20000", "2020-09-30": 92, "2020-06-30": 57.3, "2020-03-31": -21.3, "2019-12-31": "-137.60000", "2019-09-30": 80.7, "2019-06-30": 80.9, "2019-03-31": 113.8, "2018-12-31": "-186.00000", "2018-09-30": 21.5, "2018-06-30": 66.4, "2018-03-31": 79.1, "2017-12-31": "-186.10000", "2017-09-30": 35.2, "2017-06-30": 81.1, "2017-03-31": 82.8, "2016-12-31": "-161.90000", "2016-09-30": 8.3, "2016-06-30": 62, "2016-03-31": 81.4, "2015-12-31": "-228.40000", "2015-09-30": 24.6, "2015-06-30": 117, "2015-03-31": 83.9, "2014-12-31": "-258.40000", "2014-09-30": 35, "2014-06-30": 160.9, "2014-03-31": 134.1, "2013-12-31": "-138.50000", "2013-09-30": 38.1, "2013-06-30": 112.7, "2013-03-31": 64.5, "2012-12-31": "-165.80000", "2012-09-30": 31.4, "2012-06-30": 95.8, "2012-03-31": 116.2, "2011-12-31": "-243.50000", "2011-09-30": 68.22, "2011-06-30": 71.163, "2011-03-31": 86.03, "2010-12-31": "-126.31300", "2010-09-30": -98.614, "2010-06-30": 245.397, "2010-03-31": 81.453, "2009-12-31": "-73.03600", "2009-09-30": 68.664, "2009-06-30": 44.927, "2009-03-31": 68.236, "2008-12-31": "-216.07300", "2008-09-30": 26.881, "2008-06-30": 489.641, "2008-03-31": 73.124, "2007-12-31": "-365.42100", "2007-09-30": -52.613, "2007-06-30": 179.811, "2007-03-31": -113.43, "2006-12-31": "50.95900", "2006-09-30": -125.722, "2006-06-30": -51.835, "2006-03-31": -48.907, "2005-12-31": "106.61500", "2005-09-30": -302.293, "2005-06-30": 50.005, "2005-03-31": -72.823}, "Total Change In Assets/Liabilities": {"2020-12-31": "-98.90000", "2020-09-30": -456.3, "2020-06-30": 449.7, "2020-03-31": 124, "2019-12-31": "-371.30000", "2019-09-30": -1434.2, "2019-06-30": 209.3, "2019-03-31": 55, "2018-12-31": "-185.20000", "2018-09-30": 317.5, "2018-06-30": -111.4, "2018-03-31": 11, "2017-12-31": "1001.30000", "2017-09-30": -262.3, "2017-06-30": -129, "2017-03-31": -330, "2016-12-31": "23.50000", "2016-09-30": 34.6, "2016-06-30": 194.1, "2016-03-31": -293, "2015-12-31": "-235.30000", "2015-09-30": -99.7, "2015-06-30": 108.9, "2015-03-31": -122, "2014-12-31": "-93.10000", "2014-09-30": 13.1, "2014-06-30": 163.1, "2014-03-31": -322.1, "2013-12-31": "-321.00000", "2013-09-30": -55, "2013-06-30": 129.5, "2013-03-31": -142, "2012-12-31": "-258.70000", "2012-09-30": -369.6999, "2012-06-30": -102.5001, "2012-03-31": -246.3, "2011-12-31": "-345.70000", "2011-09-30": 72.264, "2011-06-30": -32.404, "2011-03-31": -292.357, "2010-12-31": "-299.10300", "2010-09-30": -96.28, "2010-06-30": 166.208, "2010-03-31": -49.992, "2009-12-31": "-113.13600", "2009-09-30": -302.152, "2009-06-30": -93.187, "2009-03-31": 8.055, "2008-12-31": "-202.37400", "2008-09-30": -377.751, "2008-06-30": 452.044, "2008-03-31": -178.131, "2007-12-31": "-327.98500", "2007-09-30": -288.41, "2007-06-30": 119.449, "2007-03-31": -89.344, "2006-12-31": "9.26400", "2006-09-30": -248.22, "2006-06-30": -64.999, "2006-03-31": -152.401, "2005-12-31": "96.66900", "2005-09-30": -338.427, "2005-06-30": 80.789, "2005-03-31": -107.845}, "Cash Flow From Operating Activities": {"2020-12-31": "290.00000", "2020-09-30": 374.8, "2020-06-30": 505.6, "2020-03-31": 109.3, "2019-12-31": "31.70000", "2019-09-30": 32.3, "2019-06-30": -274.9, "2019-03-31": 189.4, "2018-12-31": "254.80000", "2018-09-30": 721.2, "2018-06-30": 611.5, "2018-03-31": 576.6, "2017-12-31": "320.40000", "2017-09-30": 177.1, "2017-06-30": 344, "2017-03-31": 168.1, "2016-12-31": "446.20000", "2016-09-30": 562.3, "2016-06-30": 735.7, "2016-03-31": 134.5, "2015-12-31": "295.20000", "2015-09-30": 437.1, "2015-06-30": 693.5, "2015-03-31": 549, "2014-12-31": "572.40000", "2014-09-30": 727.1, "2014-06-30": 771.5, "2014-03-31": 314.7, "2013-12-31": "324.70000", "2013-09-30": 508.1, "2013-06-30": 755.8, "2013-03-31": 485.4, "2012-12-31": "286.40000", "2012-09-30": 180.4, "2012-06-30": 407.5, "2012-03-31": 310.6, "2011-12-31": "167.70000", "2011-09-30": 613.201, "2011-06-30": 520.255, "2011-03-31": 242.568, "2010-12-31": "245.77600", "2010-09-30": 311.063, "2010-06-30": 643.54, "2010-03-31": 379.322, "2009-12-31": "317.07500", "2009-09-30": 152.392, "2009-06-30": 242.401, "2009-03-31": 204.664, "2008-12-31": "41.94500", "2008-09-30": -2.237, "2008-06-30": 934.372, "2008-03-31": 273.098, "2007-12-31": "204.00800", "2007-09-30": 139.781, "2007-06-30": 670.715, "2007-03-31": 311.866, "2006-12-31": "551.27100", "2006-09-30": 178.817, "2006-06-30": 338.527, "2006-03-31": 213.929, "2005-12-31": "546.61700", "2005-09-30": 51.538, "2005-06-30": 430.606, "2005-03-31": 367.844}, "Net Change In Property, Plant, And Equipment": {"2020-12-31": "-13.60000", "2020-09-30": -18.4, "2020-06-30": -11.8, "2020-03-31": -47.8, "2019-12-31": "-25.70000", "2019-09-30": -31.1, "2019-06-30": -130.4, "2019-03-31": -46.5, "2018-12-31": "-25.70000", "2018-09-30": -35, "2018-06-30": -27.8, "2018-03-31": -24.5, "2017-12-31": "-19.20000", "2017-09-30": -25.9, "2017-06-30": -20.2, "2017-03-31": -16, "2016-12-31": "-12.80000", "2016-09-30": -36.2, "2016-06-30": -26.3, "2016-03-31": -16, "2015-12-31": "-19.10000", "2015-09-30": -25.3, "2015-06-30": -13.8, "2015-03-31": -13.6, "2014-12-31": "-16.10000", "2014-09-30": -14.9, "2014-06-30": -9.8, "2014-03-31": -13.4, "2013-12-31": "-15.00000", "2013-09-30": -20.6, "2013-06-30": -13.4, "2013-03-31": -15.9, "2012-12-31": "-12.30000", "2012-09-30": -16.5, "2012-06-30": -16.6, "2012-03-31": -18.5, "2011-12-31": "-26.80000", "2011-09-30": -46.984, "2011-06-30": -19.568, "2011-03-31": -11.145, "2010-12-31": "-54.00300", "2010-09-30": -4.413, "2010-06-30": -25.125, "2010-03-31": -18.272, "2009-12-31": "-9.59000", "2009-09-30": -12.755, "2009-06-30": -4.797, "2009-03-31": -5.847, "2008-12-31": "-21.78400", "2008-09-30": -5.889, "2008-06-30": -23.237, "2008-03-31": -19.825, "2007-12-31": "-14.54700", "2007-09-30": -24.722, "2007-06-30": -25.728, "2007-03-31": -26.105, "2006-12-31": "-17.58900", "2006-09-30": -32.501, "2006-06-30": -10.823, "2006-03-31": -14.69, "2005-12-31": "-11.03600", "2005-09-30": -17.052, "2005-06-30": -14.083, "2005-03-31": -43.79}, "Net Change In Intangible Assets": {"2020-12-31": "", "2020-09-30": 0, "2020-06-30": 0, "2020-03-31": 0, "2019-12-31": "", "2019-09-30": 0, "2019-06-30": 0, "2019-03-31": 0, "2018-12-31": "", "2018-09-30": 0, "2018-06-30": 0, "2018-03-31": 0, "2017-12-31": "", "2017-09-30": 0, "2017-06-30": 0, "2017-03-31": 0, "2016-12-31": "", "2016-09-30": 0, "2016-06-30": 0, "2016-03-31": 0, "2015-12-31": "", "2015-09-30": 0, "2015-06-30": 0, "2015-03-31": 0, "2014-12-31": "", "2014-09-30": 0, "2014-06-30": 0, "2014-03-31": 0, "2013-12-31": "", "2013-09-30": 0, "2013-06-30": 0, "2013-03-31": 0, "2012-12-31": "", "2012-09-30": 0, "2012-06-30": 0, "2012-03-31": 0, "2011-12-31": "", "2011-09-30": 0, "2011-06-30": 0, "2011-03-31": 0, "2010-12-31": "", "2010-09-30": 0, "2010-06-30": 0, "2010-03-31": 0, "2009-12-31": "", "2009-09-30": 0, "2009-06-30": 0, "2009-03-31": 0, "2008-12-31": "", "2008-09-30": 0, "2008-06-30": 0, "2008-03-31": 0, "2007-12-31": "", "2007-09-30": 0, "2007-06-30": 0, "2007-03-31": 0, "2006-12-31": "", "2006-09-30": 0, "2006-06-30": 0, "2006-03-31": 0, "2005-12-31": "", "2005-09-30": 0, "2005-06-30": 0, "2005-03-31": 0}, "Net Acquisitions/Divestitures": {"2020-12-31": "", "2020-09-30": -3739.6, "2020-06-30": -62, "2020-03-31": -18.8, "2019-12-31": "-1.00000", "2019-09-30": 0, "2019-06-30": 0, "2019-03-31": -684.2, "2018-12-31": "", "2018-09-30": 10.2, "2018-06-30": -87.3, "2018-03-31": -9.7, "2017-12-31": "", "2017-09-30": 0, "2017-06-30": 0, "2017-03-31": -14, "2016-12-31": "", "2016-09-30": 0, "2016-06-30": 0, "2016-03-31": 0, "2015-12-31": "", "2015-09-30": 0, "2015-06-30": 0, "2015-03-31": 0, "2014-12-31": "", "2014-09-30": 0, "2014-06-30": 0, "2014-03-31": 0, "2013-12-31": "", "2013-09-30": -3.1, "2013-06-30": -1.8, "2013-03-31": 0, "2012-12-31": "5.70000", "2012-09-30": 0, "2012-06-30": 0, "2012-03-31": 0, "2011-12-31": "", "2011-09-30": -53.033, "2011-06-30": -0.461, "2011-03-31": -57.606, "2010-12-31": "", "2010-09-30": 0, "2010-06-30": 0, "2010-03-31": 0, "2009-12-31": "", "2009-09-30": 0, "2009-06-30": 0, "2009-03-31": 0, "2008-12-31": "0.53300", "2008-09-30": -6.717, "2008-06-30": 6.717, "2008-03-31": 0, "2007-12-31": "", "2007-09-30": -3.182, "2007-06-30": -86.711, "2007-03-31": 0, "2006-12-31": "-2.41400", "2006-09-30": -0.154, "2006-06-30": 3.949, "2006-03-31": 0, "2005-12-31": "", "2005-09-30": 0, "2005-06-30": 0, "2005-03-31": -0.037}, "Net Change In Short-term Investments": {"2020-12-31": "", "2020-09-30": 0, "2020-06-30": 0, "2020-03-31": 0, "2019-12-31": "", "2019-09-30": 0, "2019-06-30": 0, "2019-03-31": 0, "2018-12-31": "", "2018-09-30": 0, "2018-06-30": 0, "2018-03-31": 0, "2017-12-31": "", "2017-09-30": 0, "2017-06-30": 0, "2017-03-31": 0, "2016-12-31": "", "2016-09-30": 0, "2016-06-30": 0, "2016-03-31": 0, "2015-12-31": "", "2015-09-30": 0, "2015-06-30": 0, "2015-03-31": 0, "2014-12-31": "", "2014-09-30": 0, "2014-06-30": 0, "2014-03-31": 0, "2013-12-31": "", "2013-09-30": 0, "2013-06-30": 0, "2013-03-31": 0, "2012-12-31": "", "2012-09-30": 0, "2012-06-30": 0, "2012-03-31": 0, "2011-12-31": "", "2011-09-30": 0, "2011-06-30": 0, "2011-03-31": 0, "2010-12-31": "", "2010-09-30": 0, "2010-06-30": 0, "2010-03-31": 0, "2009-12-31": "", "2009-09-30": 0, "2009-06-30": 0, "2009-03-31": 0, "2008-12-31": "", "2008-09-30": 0, "2008-06-30": 0, "2008-03-31": 0, "2007-12-31": "", "2007-09-30": 0, "2007-06-30": 0, "2007-03-31": 0, "2006-12-31": "", "2006-09-30": 0, "2006-06-30": 0, "2006-03-31": 0, "2005-12-31": "", "2005-09-30": 0, "2005-06-30": 0, "2005-03-31": 0}, "Net Change In Long-Term Investments": {"2020-12-31": "-539.20000", "2020-09-30": 229, "2020-06-30": 394.2, "2020-03-31": 102.3, "2019-12-31": "-2.90000", "2019-09-30": -37.2, "2019-06-30": -144.2, "2019-03-31": 95.6, "2018-12-31": "-73.40000", "2018-09-30": 7.2, "2018-06-30": 23.8, "2018-03-31": -88.7, "2017-12-31": "-39.40000", "2017-09-30": 48.7, "2017-06-30": 11, "2017-03-31": 162.5, "2016-12-31": "3.60000", "2016-09-30": 136.1, "2016-06-30": 31.2, "2016-03-31": 25.8, "2015-12-31": "108.30000", "2015-09-30": 55, "2015-06-30": 119.7, "2015-03-31": 31.9, "2014-12-31": "106.70000", "2014-09-30": 120.0001, "2014-06-30": 112.7999, "2014-03-31": 0.3, "2013-12-31": "133.90000", "2013-09-30": 72.8, "2013-06-30": 102.5999, "2013-03-31": 37.8001, "2012-12-31": "63.40000", "2012-09-30": 46.9001, "2012-06-30": 80.2998, "2012-03-31": 202.1001, "2011-12-31": "225.40000", "2011-09-30": -34.0319, "2011-06-30": -123.516, "2011-03-31": 349.815, "2010-12-31": "236.33300", "2010-09-30": -15.7, "2010-06-30": 49.578, "2010-03-31": -76.211, "2009-12-31": "131.23300", "2009-09-30": 690.2052, "2009-06-30": -235.003, "2009-03-31": -338.8691, "2008-12-31": "167.03600", "2008-09-30": -550.4939, "2008-06-30": -363.755, "2008-03-31": 334.007, "2007-12-31": "-289.66400", "2007-09-30": -148.9951, "2007-06-30": -159.6929, "2007-03-31": 164.844, "2006-12-31": "16.07100", "2006-09-30": -16.724, "2006-06-30": 40.294, "2006-03-31": -90.663, "2005-12-31": "157.48200", "2005-09-30": -67.5961, "2005-06-30": -62.797, "2005-03-31": -123.395}, "Net Change In Investments - Total": {"2020-12-31": "-539.20000", "2020-09-30": 229, "2020-06-30": 394.2, "2020-03-31": 102.3, "2019-12-31": "-2.90000", "2019-09-30": -37.2, "2019-06-30": -144.2, "2019-03-31": 95.6, "2018-12-31": "-73.40000", "2018-09-30": 7.2, "2018-06-30": 23.8, "2018-03-31": -88.7, "2017-12-31": "-39.40000", "2017-09-30": 48.7, "2017-06-30": 11, "2017-03-31": 162.5, "2016-12-31": "3.60000", "2016-09-30": 136.1, "2016-06-30": 31.2, "2016-03-31": 25.8, "2015-12-31": "108.30000", "2015-09-30": 55, "2015-06-30": 119.7, "2015-03-31": 31.9, "2014-12-31": "106.70000", "2014-09-30": 120.0001, "2014-06-30": 112.7999, "2014-03-31": 0.3, "2013-12-31": "133.90000", "2013-09-30": 72.8, "2013-06-30": 102.5999, "2013-03-31": 37.8001, "2012-12-31": "63.40000", "2012-09-30": 46.9001, "2012-06-30": 80.2998, "2012-03-31": 202.1001, "2011-12-31": "225.40000", "2011-09-30": -34.0319, "2011-06-30": -123.516, "2011-03-31": 349.815, "2010-12-31": "236.33300", "2010-09-30": -15.7, "2010-06-30": 49.578, "2010-03-31": -76.211, "2009-12-31": "131.23300", "2009-09-30": 690.2052, "2009-06-30": -235.003, "2009-03-31": -338.8691, "2008-12-31": "167.03600", "2008-09-30": -550.4939, "2008-06-30": -363.755, "2008-03-31": 334.007, "2007-12-31": "-289.66400", "2007-09-30": -148.9951, "2007-06-30": -159.6929, "2007-03-31": 164.844, "2006-12-31": "16.07100", "2006-09-30": -16.724, "2006-06-30": 40.294, "2006-03-31": -90.663, "2005-12-31": "157.48200", "2005-09-30": -67.5961, "2005-06-30": -62.797, "2005-03-31": -123.395}, "Investing Activities - Other": {"2020-12-31": "31.00000", "2020-09-30": 16.8, "2020-06-30": -57.4, "2020-03-31": 0, "2019-12-31": "", "2019-09-30": 0, "2019-06-30": 0, "2019-03-31": 0, "2018-12-31": "", "2018-09-30": 0, "2018-06-30": 0, "2018-03-31": 0, "2017-12-31": "", "2017-09-30": -35.7, "2017-06-30": 0, "2017-03-31": 0, "2016-12-31": "-49.20000", "2016-09-30": 0.3, "2016-06-30": -11.9, "2016-03-31": 0, "2015-12-31": "", "2015-09-30": -16.1, "2015-06-30": 22.3, "2015-03-31": -1.7, "2014-12-31": "-0.10000", "2014-09-30": 1.2, "2014-06-30": 179.4, "2014-03-31": -100.8, "2013-12-31": "-3.10000", "2013-09-30": 6.2, "2013-06-30": -7.8, "2013-03-31": 41.6, "2012-12-31": "-22.30000", "2012-09-30": 233.3, "2012-06-30": 104.4, "2012-03-31": 21.6, "2011-12-31": "37.80000", "2011-09-30": 137.288, "2011-06-30": 22.509, "2011-03-31": 28.531, "2010-12-31": "61.77200", "2010-09-30": -3.213, "2010-06-30": -2.854, "2010-03-31": -5.639, "2009-12-31": "-52.49400", "2009-09-30": -13.344, "2009-06-30": 47.658, "2009-03-31": 2.586, "2008-12-31": "14.32000", "2008-09-30": -28.39, "2008-06-30": -91.775, "2008-03-31": -11.663, "2007-12-31": "-30.89000", "2007-09-30": -23.067, "2007-06-30": -16.005, "2007-03-31": 19.837, "2006-12-31": "27.29100", "2006-09-30": -13.021, "2006-06-30": 2.944, "2006-03-31": 20.205, "2005-12-31": "1.26200", "2005-09-30": 3.912, "2005-06-30": 35.404, "2005-03-31": 31.875}, "Cash Flow From Investing Activities": {"2020-12-31": "-521.80000", "2020-09-30": -3512.2, "2020-06-30": 263, "2020-03-31": 35.7, "2019-12-31": "-29.60000", "2019-09-30": -68.3, "2019-06-30": -274.6, "2019-03-31": -635.1, "2018-12-31": "-99.10000", "2018-09-30": -17.6, "2018-06-30": -91.3, "2018-03-31": -122.9, "2017-12-31": "-58.60000", "2017-09-30": -12.9, "2017-06-30": -9.2, "2017-03-31": 132.5, "2016-12-31": "-58.40000", "2016-09-30": 100.2, "2016-06-30": -7, "2016-03-31": 9.8, "2015-12-31": "89.20000", "2015-09-30": 13.6, "2015-06-30": 128.2, "2015-03-31": 16.6, "2014-12-31": "90.50000", "2014-09-30": 106.3, "2014-06-30": 282.4, "2014-03-31": -113.9, "2013-12-31": "115.80000", "2013-09-30": 55.3, "2013-06-30": 79.6, "2013-03-31": 63.5, "2012-12-31": "34.50000", "2012-09-30": 263.7, "2012-06-30": 168.1, "2012-03-31": 205.2, "2011-12-31": "236.40000", "2011-09-30": 3.239, "2011-06-30": -121.036, "2011-03-31": 309.595, "2010-12-31": "244.10200", "2010-09-30": -23.326, "2010-06-30": 21.599, "2010-03-31": -100.122, "2009-12-31": "69.14900", "2009-09-30": 664.106, "2009-06-30": -192.142, "2009-03-31": -342.13, "2008-12-31": "160.10500", "2008-09-30": -591.49, "2008-06-30": -472.05, "2008-03-31": 302.519, "2007-12-31": "-335.10100", "2007-09-30": -199.966, "2007-06-30": -288.137, "2007-03-31": 158.576, "2006-12-31": "23.35900", "2006-09-30": -62.4, "2006-06-30": 36.364, "2006-03-31": -85.148, "2005-12-31": "147.70800", "2005-09-30": -80.736, "2005-06-30": -41.476, "2005-03-31": -135.347}, "Net Long-Term Debt": {"2020-12-31": "746.30000", "2020-09-30": 288.8, "2020-06-30": 135.4, "2020-03-31": 20.5, "2019-12-31": "49.40000", "2019-09-30": 18.6, "2019-06-30": -2.2, "2019-03-31": 0, "2018-12-31": "1.70000", "2018-09-30": -1.4, "2018-06-30": -361.9, "2018-03-31": -17.2, "2017-12-31": "-2.40000", "2017-09-30": -331.5, "2017-06-30": -243.6, "2017-03-31": -63.7, "2016-12-31": "-2.80000", "2016-09-30": -90.7, "2016-06-30": -27.2, "2016-03-31": 51, "2015-12-31": "-26.90000", "2015-09-30": -42.9, "2015-06-30": -280.6, "2015-03-31": 368.9, "2014-12-31": "-60.10000", "2014-09-30": -49.1, "2014-06-30": -47, "2014-03-31": -37.4, "2013-12-31": "-46.50000", "2013-09-30": -91.4, "2013-06-30": -54.1001, "2013-03-31": -65.4, "2012-12-31": "-533.00000", "2012-09-30": 582.7999, "2012-06-30": -32, "2012-03-31": -98.4, "2011-12-31": "-109.30000", "2011-09-30": -80.608, "2011-06-30": -79.424, "2011-03-31": -90.447, "2010-12-31": "-89.72100", "2010-09-30": -0.036, "2010-06-30": 877.036, "2010-03-31": 9, "2009-12-31": "", "2009-09-30": -86.736, "2009-06-30": -17, "2009-03-31": 40.75, "2008-12-31": "-67.55100", "2008-09-30": 935.209, "2008-06-30": -1977.574, "2008-03-31": 543.79, "2007-12-31": "-24.70300", "2007-09-30": -406.619, "2007-06-30": -254.882, "2007-03-31": 112.572, "2006-12-31": "-128.38100", "2006-09-30": 43.562, "2006-06-30": 78.671, "2006-03-31": 69.938, "2005-12-31": "-240.87300", "2005-09-30": 229.569, "2005-06-30": -9.709, "2005-03-31": 21.242}, "Net Current Debt": {"2020-12-31": "", "2020-09-30": 0, "2020-06-30": 0, "2020-03-31": 0, "2019-12-31": "", "2019-09-30": 0, "2019-06-30": 0, "2019-03-31": 0, "2018-12-31": "", "2018-09-30": 0, "2018-06-30": 0, "2018-03-31": 0, "2017-12-31": "", "2017-09-30": 0, "2017-06-30": 0, "2017-03-31": 0, "2016-12-31": "", "2016-09-30": 0, "2016-06-30": 0, "2016-03-31": 0, "2015-12-31": "", "2015-09-30": 0, "2015-06-30": 0, "2015-03-31": 0, "2014-12-31": "", "2014-09-30": 0, "2014-06-30": 0, "2014-03-31": 0, "2013-12-31": "", "2013-09-30": 0, "2013-06-30": 0, "2013-03-31": 0, "2012-12-31": "", "2012-09-30": 0, "2012-06-30": -25, "2012-03-31": 0, "2011-12-31": "-5.00000", "2011-09-30": -0.061, "2011-06-30": -0.007, "2011-03-31": 2.735, "2010-12-31": "-2.76700", "2010-09-30": 30.01, "2010-06-30": -286.122, "2010-03-31": 20.858, "2009-12-31": "200.75400", "2009-09-30": 62.688, "2009-06-30": -23.588, "2009-03-31": -11.214, "2008-12-31": "22.81500", "2008-09-30": 10.742, "2008-06-30": 0, "2008-03-31": 0, "2007-12-31": "", "2007-09-30": 0, "2007-06-30": 0, "2007-03-31": 0, "2006-12-31": "", "2006-09-30": 0, "2006-06-30": 0, "2006-03-31": 0, "2005-12-31": "", "2005-09-30": 0, "2005-06-30": 0, "2005-03-31": 0}, "Debt Issuance/Retirement Net - Total": {"2020-12-31": "746.30000", "2020-09-30": 288.8, "2020-06-30": 135.4, "2020-03-31": 20.5, "2019-12-31": "49.40000", "2019-09-30": 18.6, "2019-06-30": -2.2, "2019-03-31": 0, "2018-12-31": "1.70000", "2018-09-30": -1.4, "2018-06-30": -361.9, "2018-03-31": -17.2, "2017-12-31": "-2.40000", "2017-09-30": -331.5, "2017-06-30": -243.6, "2017-03-31": -63.7, "2016-12-31": "-2.80000", "2016-09-30": -90.7, "2016-06-30": -27.2, "2016-03-31": 51, "2015-12-31": "-26.90000", "2015-09-30": -42.9, "2015-06-30": -280.6, "2015-03-31": 368.9, "2014-12-31": "-60.10000", "2014-09-30": -49.1, "2014-06-30": -47, "2014-03-31": -37.4, "2013-12-31": "-46.50000", "2013-09-30": -91.4, "2013-06-30": -54.1001, "2013-03-31": -65.4, "2012-12-31": "-533.00000", "2012-09-30": 582.7999, "2012-06-30": -57, "2012-03-31": -98.4, "2011-12-31": "-114.30000", "2011-09-30": -80.669, "2011-06-30": -79.431, "2011-03-31": -87.712, "2010-12-31": "-92.48800", "2010-09-30": 29.974, "2010-06-30": 590.914, "2010-03-31": 29.858, "2009-12-31": "200.75400", "2009-09-30": -24.048, "2009-06-30": -40.588, "2009-03-31": 29.536, "2008-12-31": "-44.73600", "2008-09-30": 945.951, "2008-06-30": -1977.574, "2008-03-31": 543.79, "2007-12-31": "-24.70300", "2007-09-30": -406.619, "2007-06-30": -254.882, "2007-03-31": 112.572, "2006-12-31": "-128.38100", "2006-09-30": 43.562, "2006-06-30": 78.671, "2006-03-31": 69.938, "2005-12-31": "-240.87300", "2005-09-30": 229.569, "2005-06-30": -9.709, "2005-03-31": 21.242}, "Net Common Equity Issued/Repurchased": {"2020-12-31": "-45.10000", "2020-09-30": -21.4, "2020-06-30": -0.9, "2020-03-31": -53.9, "2019-12-31": "-121.40000", "2019-09-30": -154.2, "2019-06-30": -120.4, "2019-03-31": -135.2, "2018-12-31": "-321.40000", "2018-09-30": -357.6, "2018-06-30": -436.6, "2018-03-31": -407.1, "2017-12-31": "-198.70000", "2017-09-30": -152.8, "2017-06-30": -175.5, "2017-03-31": -155.9, "2016-12-31": "-256.20000", "2016-09-30": -240.4, "2016-06-30": -322.7, "2016-03-31": -339.3, "2015-12-31": "-381.50000", "2015-09-30": -488.4, "2015-06-30": -218.3, "2015-03-31": -176.4, "2014-12-31": "-151.20000", "2014-09-30": -165.6, "2014-06-30": -128.5, "2014-03-31": -165.6, "2013-12-31": "-129.90000", "2013-09-30": -252.1, "2013-06-30": -103.6, "2013-03-31": -7.4, "2012-12-31": "-86.60000", "2012-09-30": -80.8, "2012-06-30": -278.9, "2012-03-31": -110.5, "2011-12-31": "-278.10000", "2011-09-30": -323.461, "2011-06-30": -196.516, "2011-03-31": -199.148, "2010-12-31": "-185.47500", "2010-09-30": -158.603, "2010-06-30": -196.842, "2010-03-31": -113.559, "2009-12-31": "-164.99600", "2009-09-30": -148.596, "2009-06-30": -104.912, "2009-03-31": -110.699, "2008-12-31": "11.65600", "2008-09-30": -1270.0791, "2008-06-30": 876.4981, "2008-03-31": -482.587, "2007-12-31": "-653.82600", "2007-09-30": 398.62, "2007-06-30": -510.691, "2007-03-31": -515.972, "2006-12-31": "-57.27700", "2006-09-30": -30.823, "2006-06-30": -843.131, "2006-03-31": -6.241, "2005-12-31": "-7.42200", "2005-09-30": 14.481, "2005-06-30": 4.847, "2005-03-31": -58.812}, "Net Total Equity Issued/Repurchased": {"2020-12-31": "-45.10000", "2020-09-30": -21.4, "2020-06-30": -0.9, "2020-03-31": -53.9, "2019-12-31": "-121.40000", "2019-09-30": -154.2, "2019-06-30": -120.4, "2019-03-31": -135.2, "2018-12-31": "-321.40000", "2018-09-30": -357.6, "2018-06-30": -436.6, "2018-03-31": -407.1, "2017-12-31": "-198.70000", "2017-09-30": -152.8, "2017-06-30": -175.5, "2017-03-31": -155.9, "2016-12-31": "-256.20000", "2016-09-30": -240.4, "2016-06-30": -322.7, "2016-03-31": -339.3, "2015-12-31": "-381.50000", "2015-09-30": -488.4, "2015-06-30": -218.3, "2015-03-31": -176.4, "2014-12-31": "-151.20000", "2014-09-30": -165.6, "2014-06-30": -128.5, "2014-03-31": -165.6, "2013-12-31": "-129.90000", "2013-09-30": -252.1, "2013-06-30": -103.6, "2013-03-31": -7.4, "2012-12-31": "-86.60000", "2012-09-30": -80.8, "2012-06-30": -278.9, "2012-03-31": -110.5, "2011-12-31": "-278.10000", "2011-09-30": -323.461, "2011-06-30": -196.516, "2011-03-31": -199.148, "2010-12-31": "-185.47500", "2010-09-30": -158.603, "2010-06-30": -196.842, "2010-03-31": -113.559, "2009-12-31": "-164.99600", "2009-09-30": -148.596, "2009-06-30": -104.912, "2009-03-31": -110.699, "2008-12-31": "11.65600", "2008-09-30": -1270.0791, "2008-06-30": 876.4981, "2008-03-31": -482.587, "2007-12-31": "-653.82600", "2007-09-30": 398.62, "2007-06-30": -510.691, "2007-03-31": -515.972, "2006-12-31": "-57.27700", "2006-09-30": -30.823, "2006-06-30": -843.131, "2006-03-31": -6.241, "2005-12-31": "-7.42200", "2005-09-30": 14.481, "2005-06-30": 4.847, "2005-03-31": -58.812}, "Total Common And Preferred Stock Dividends Paid": {"2020-12-31": "-134.80000", "2020-09-30": -134.1, "2020-06-30": -133.9, "2020-03-31": -134.6, "2019-12-31": "-130.60000", "2019-09-30": -131.1, "2019-06-30": -132.1, "2019-03-31": -133.1, "2018-12-31": "-122.30000", "2018-09-30": -122, "2018-06-30": -1755.9, "2018-03-31": -127.3, "2017-12-31": "-111.70000", "2017-09-30": -111.8, "2017-06-30": -112.7, "2017-03-31": -113.3, "2016-12-31": "-103.40000", "2016-09-30": -104.1, "2016-06-30": -105.7, "2016-03-31": -107.4, "2015-12-31": "-91.50000", "2015-09-30": -92.4, "2015-06-30": -93, "2015-03-31": -405.2, "2014-12-31": "-75.80000", "2014-09-30": -75.1, "2014-06-30": -75.4, "2014-03-31": -75.8, "2013-12-31": "-64.10000", "2013-09-30": -61.6, "2013-06-30": -61.8, "2013-03-31": -1.4, "2012-12-31": "-757.90000", "2012-09-30": -57.5, "2012-06-30": -58.1, "2012-03-31": -0.5, "2011-12-31": "-546.90000", "2011-09-30": -55.107, "2011-06-30": -55.51, "2011-03-31": -55.92, "2010-12-31": "-49.76300", "2010-09-30": -49.607, "2010-06-30": -50.061, "2010-03-31": -50.862, "2009-12-31": "-732.97000", "2009-09-30": -48.514, "2009-06-30": -48.795, "2009-03-31": -48.935, "2008-12-31": "-46.54000", "2008-09-30": -47.012, "2008-06-30": -47.274, "2008-03-31": -47.956, "2007-12-31": "-36.79100", "2007-09-30": -36.884, "2007-06-30": -37.439, "2007-03-31": -38.038, "2006-12-31": "-30.38600", "2006-09-30": -30.361, "2006-06-30": -31.122, "2006-03-31": -30.979, "2005-12-31": "-25.26800", "2005-09-30": -25.29, "2005-06-30": -527.08, "2005-03-31": -46.289}, "Financial Activities - Other": {"2020-12-31": "99.70000", "2020-09-30": -35.5, "2020-06-30": 159.9, "2020-03-31": 113.2, "2019-12-31": "193.30000", "2019-09-30": 528.2, "2019-06-30": 615.5, "2019-03-31": 1.6, "2018-12-31": "45.90000", "2018-09-30": 36, "2018-06-30": 2.2, "2018-03-31": -161.8, "2017-12-31": "261.70000", "2017-09-30": 370.9, "2017-06-30": 162.8, "2017-03-31": 337, "2016-12-31": "-3.50000", "2016-09-30": 10.2, "2016-06-30": -53.6, "2016-03-31": -7.4, "2015-12-31": "36.50000", "2015-09-30": 108.7, "2015-06-30": 39.7, "2015-03-31": -4.4, "2014-12-31": "-40.80000", "2014-09-30": -573.2, "2014-06-30": -18, "2014-03-31": 287.9, "2013-12-31": "168.00000", "2013-09-30": -105.2, "2013-06-30": 61.6, "2013-03-31": -135.3, "2012-12-31": "237.10000", "2012-09-30": -238.7, "2012-06-30": 150, "2012-03-31": -155.9, "2011-12-31": "257.90000", "2011-09-30": 360.796, "2011-06-30": -24.481, "2011-03-31": 121.671, "2010-12-31": "35.01400", "2010-09-30": -2.044, "2010-06-30": -24.671, "2010-03-31": 41.194, "2009-12-31": "56.62100", "2009-09-30": 135.103, "2009-06-30": 31.785, "2009-03-31": -114.016, "2008-12-31": "231.69100", "2008-09-30": 512.12, "2008-06-30": 70.284, "2008-03-31": 186.688, "2007-12-31": "152.49600", "2007-09-30": 60.375, "2007-06-30": 17.312, "2007-03-31": -55.885, "2006-12-31": "34.32800", "2006-09-30": 101.144, "2006-06-30": 83.45, "2006-03-31": -37.415, "2005-12-31": "53.43200", "2005-09-30": 10.151, "2005-06-30": -101.835, "2005-03-31": 131.267}, "Cash Flow From Financial Activities": {"2020-12-31": "666.10000", "2020-09-30": 97.8, "2020-06-30": 160.5, "2020-03-31": -54.8, "2019-12-31": "-9.30000", "2019-09-30": 261.5, "2019-06-30": 360.8, "2019-03-31": -266.7, "2018-12-31": "-396.10000", "2018-09-30": -445, "2018-06-30": -2552.2, "2018-03-31": -713.4, "2017-12-31": "-51.10000", "2017-09-30": -225.2, "2017-06-30": -369, "2017-03-31": 4.1, "2016-12-31": "-365.90000", "2016-09-30": -425, "2016-06-30": -509.2, "2016-03-31": -403.1, "2015-12-31": "-463.40000", "2015-09-30": -515, "2015-06-30": -552.2, "2015-03-31": -217.1, "2014-12-31": "-327.90000", "2014-09-30": -863, "2014-06-30": -268.9, "2014-03-31": 9.1, "2013-12-31": "-72.50000", "2013-09-30": -510.3, "2013-06-30": -157.9, "2013-03-31": -209.5, "2012-12-31": "-1140.40000", "2012-09-30": 205.8, "2012-06-30": -244, "2012-03-31": -365.3, "2011-12-31": "-681.40000", "2011-09-30": -98.441, "2011-06-30": -355.938, "2011-03-31": -221.109, "2010-12-31": "-292.71200", "2010-09-30": -180.28, "2010-06-30": 319.34, "2010-03-31": -93.369, "2009-12-31": "-640.59100", "2009-09-30": -86.055, "2009-06-30": -162.51, "2009-03-31": -244.114, "2008-12-31": "152.07100", "2008-09-30": 140.98, "2008-06-30": -1078.066, "2008-03-31": 199.935, "2007-12-31": "-562.82400", "2007-09-30": 15.492, "2007-06-30": -785.7, "2007-03-31": -497.323, "2006-12-31": "-181.71600", "2006-09-30": 83.522, "2006-06-30": -712.132, "2006-03-31": -4.697, "2005-12-31": "-220.13100", "2005-09-30": 228.911, "2005-06-30": -633.777, "2005-03-31": 47.408}, "Net Cash Flow": {"2020-12-31": "462.00000", "2020-09-30": -3018.4, "2020-06-30": 940.1, "2020-03-31": 59.5, "2019-12-31": "18.70000", "2019-09-30": 200, "2019-06-30": -188.4, "2019-03-31": -712.9, "2018-12-31": "-251.70000", "2018-09-30": 256.4, "2018-06-30": -2072.3, "2018-03-31": -243.9, "2017-12-31": "220.70000", "2017-09-30": -36.5, "2017-06-30": 10.1, "2017-03-31": 321.3, "2016-12-31": "-28.50000", "2016-09-30": 241.2, "2016-06-30": 201.1, "2016-03-31": -228, "2015-12-31": "-99.10000", "2015-09-30": -58.3, "2015-06-30": 304.1, "2015-03-31": 237.1, "2014-12-31": "289.20000", "2014-09-30": -101.6, "2014-06-30": 786.7, "2014-03-31": 211.2, "2013-12-31": "376.60000", "2013-09-30": 91, "2013-06-30": 676.3, "2013-03-31": 313.1, "2012-12-31": "-808.70000", "2012-09-30": 666.3, "2012-06-30": 306, "2012-03-31": 167.2, "2011-12-31": "-286.70000", "2011-09-30": 478.627, "2011-06-30": 51.546, "2011-03-31": 347.413, "2010-12-31": "197.31400", "2010-09-30": 133.029, "2010-06-30": 967.002, "2010-03-31": 173.312, "2009-12-31": "-254.14300", "2009-09-30": 733.786, "2009-06-30": -73.671, "2009-03-31": -392.461, "2008-12-31": "309.24500", "2008-09-30": -516.562, "2008-06-30": -619.593, "2008-03-31": 781.434, "2007-12-31": "-701.91000", "2007-09-30": 8.137, "2007-06-30": -403.122, "2007-03-31": -26.881, "2006-12-31": "392.91400", "2006-09-30": 199.939, "2006-06-30": -337.241, "2006-03-31": 124.084, "2005-12-31": "474.19400", "2005-09-30": 199.713, "2005-06-30": -244.647, "2005-03-31": 279.905}, "Stock-Based Compensation": {"2020-12-31": "41.00000", "2020-09-30": 35.4, "2020-06-30": 29.1, "2020-03-31": 29.8, "2019-12-31": "28.00000", "2019-09-30": 23.4, "2019-06-30": 28.7, "2019-03-31": 28.2, "2018-12-31": "31.20000", "2018-09-30": 28.3, "2018-06-30": 28.3, "2018-03-31": 30.9, "2017-12-31": "30.30000", "2017-09-30": 28.4, "2017-06-30": 31.7, "2017-03-31": 32.9, "2016-12-31": "30.40000", "2016-09-30": 27.5, "2016-06-30": 33.7, "2016-03-31": 36.3, "2015-12-31": "34.00000", "2015-09-30": 33.5, "2015-06-30": 33.7, "2015-03-31": 37.4, "2014-12-31": "35.40000", "2014-09-30": 30.8, "2014-06-30": 32.6, "2014-03-31": 33.4, "2013-12-31": "30.90000", "2013-09-30": 27.2, "2013-06-30": 29.1, "2013-03-31": 29.5, "2012-12-31": "27.60000", "2012-09-30": 23.9, "2012-06-30": 27.1, "2012-03-31": 24.6, "2011-12-31": "25.70000", "2011-09-30": 21.433, "2011-06-30": 22.788, "2011-03-31": 22.704, "2010-12-31": "21.77500", "2010-09-30": 18.992, "2010-06-30": 22.34, "2010-03-31": 20.749, "2009-12-31": "19.61900", "2009-09-30": 22.525, "2009-06-30": 22.146, "2009-03-31": 21.053, "2008-12-31": "18.71900", "2008-09-30": 23.218, "2008-06-30": 20.856, "2008-03-31": 20.332, "2007-12-31": "16.29900", "2007-09-30": 32.309, "2007-06-30": 19.661, "2007-03-31": 23.813, "2006-12-31": "14.36200", "2006-09-30": 20.127, "2006-06-30": 23.664, "2006-03-31": 21.149, "2005-12-31": "", "2005-09-30": 0, "2005-06-30": 0, "2005-03-31": 0}, "Common Stock Dividends Paid": {"2020-12-31": "-134.80000", "2020-09-30": -134.1, "2020-06-30": -133.9, "2020-03-31": -134.6, "2019-12-31": "-130.60000", "2019-09-30": -131.1, "2019-06-30": -132.1, "2019-03-31": -133.1, "2018-12-31": "-122.30000", "2018-09-30": -122, "2018-06-30": -1755.9, "2018-03-31": -127.3, "2017-12-31": "-111.70000", "2017-09-30": -111.8, "2017-06-30": -112.7, "2017-03-31": -113.3, "2016-12-31": "-103.40000", "2016-09-30": -104.1, "2016-06-30": -105.7, "2016-03-31": -107.4, "2015-12-31": "-91.50000", "2015-09-30": -92.4, "2015-06-30": -93, "2015-03-31": -405.2, "2014-12-31": "-75.80000", "2014-09-30": -75.1, "2014-06-30": -75.4, "2014-03-31": -75.8, "2013-12-31": "-64.10000", "2013-09-30": -61.6, "2013-06-30": -61.8, "2013-03-31": -1.4, "2012-12-31": "-757.90000", "2012-09-30": -57.5, "2012-06-30": -58.1, "2012-03-31": -0.5, "2011-12-31": "-546.90000", "2011-09-30": -55.107, "2011-06-30": -55.51, "2011-03-31": -55.92, "2010-12-31": "-49.76300", "2010-09-30": -49.607, "2010-06-30": -50.061, "2010-03-31": -50.862, "2009-12-31": "-732.97000", "2009-09-30": -48.514, "2009-06-30": -48.795, "2009-03-31": -48.935, "2008-12-31": "-46.54000", "2008-09-30": -47.012, "2008-06-30": -47.274, "2008-03-31": -47.956, "2007-12-31": "-36.79100", "2007-09-30": -36.884, "2007-06-30": -37.439, "2007-03-31": -38.038, "2006-12-31": "-30.38600", "2006-09-30": -30.361, "2006-06-30": -31.122, "2006-03-31": -30.979, "2005-12-31": "-25.26800", "2005-09-30": -25.29, "2005-06-30": -527.08, "2005-03-31": -46.289}}, "financial ratios": {"Current Ratio": {"2020-09-30": "1.59770", "2019-09-30": "3.04960", "2018-09-30": "3.40730", "2017-09-30": "8.19880", "2016-09-30": "9.30270", "2015-09-30": "8.23590", "2014-09-30": "7.08650", "2013-09-30": "4.42080", "2012-09-30": "3.87920", "2011-09-30": "3.14370", "2010-09-30": "4.58620", "2009-09-30": "4.26940", "2008-09-30": "3.50080", "2007-09-30": "2.98850", "2006-09-30": "3.27090", "2005-09-30": "3.34140"}, "Long-term Debt / Capital": {"2020-09-30": "0.28390", "2019-09-30": "0.06570", "2018-09-30": "0.06660", "2017-09-30": "0.07820", "2016-09-30": "0.14260", "2015-09-30": "0.14710", "2014-09-30": "0.14960", "2013-09-30": "0.17680", "2012-09-30": "0.22150", "2011-09-30": "0.19240", "2010-09-30": "0.10420", "2009-09-30": "", "2008-09-30": "0.01650", "2007-09-30": "0.02160", "2006-09-30": "0.08590", "2005-09-30": "0.17530"}, "Debt/Equity Ratio": {"2020-09-30": "0.39640", "2019-09-30": "0.07040", "2018-09-30": "0.07140", "2017-09-30": "0.08480", "2016-09-30": "0.16630", "2015-09-30": "0.17250", "2014-09-30": "0.17600", "2013-09-30": "0.21480", "2012-09-30": "0.28450", "2011-09-30": "0.23820", "2010-09-30": "0.12680", "2009-09-30": "0.01590", "2008-09-30": "0.03400", "2007-09-30": "0.07940", "2006-09-30": "0.11910", "2005-09-30": "0.24240"}, "Gross Margin": {"2020-09-30": "100.00000", "2019-09-30": "100.00000", "2018-09-30": "100.00000", "2017-09-30": "100.00000", "2016-09-30": "100.00000", "2015-09-30": "100.00000", "2014-09-30": "100.00000", "2013-09-30": "100.00000", "2012-09-30": "100.00000", "2011-09-30": "100.00000", "2010-09-30": "100.00000", "2009-09-30": "100.00000", "2008-09-30": "67.88810", "2007-09-30": "65.18350", "2006-09-30": "67.50170", "2005-09-30": "67.37580"}, "Operating Margin": {"2020-09-30": "18.84310", "2019-09-30": "25.87400", "2018-09-30": "32.68920", "2017-09-30": "35.42290", "2016-09-30": "35.74650", "2015-09-30": "38.08930", "2014-09-30": "37.93490", "2013-09-30": "36.58490", "2012-09-30": "35.42040", "2011-09-30": "37.25210", "2010-09-30": "33.46490", "2009-09-30": "28.67360", "2008-09-30": "34.79560", "2007-09-30": "33.31650", "2006-09-30": "32.33950", "2005-09-30": "29.89200"}, "EBIT Margin": {"2020-09-30": "18.84310", "2019-09-30": "25.87400", "2018-09-30": "32.68920", "2017-09-30": "35.42290", "2016-09-30": "35.74650", "2015-09-30": "38.08930", "2014-09-30": "37.93490", "2013-09-30": "36.58490", "2012-09-30": "35.42040", "2011-09-30": "37.25210", "2010-09-30": "33.46490", "2009-09-30": "28.67360", "2008-09-30": "34.79560", "2007-09-30": "33.31650", "2006-09-30": "32.33950", "2005-09-30": "29.89200"}, "EBITDA Margin": {"2020-09-30": "22.59410", "2019-09-30": "29.03480", "2018-09-30": "35.22120", "2017-09-30": "37.80550", "2016-09-30": "38.19890", "2015-09-30": "40.73370", "2014-09-30": "40.55400", "2013-09-30": "39.48400", "2012-09-30": "38.40590", "2011-09-30": "40.66390", "2010-09-30": "38.03350", "2009-09-30": "32.99560", "2008-09-30": "38.36330", "2007-09-30": "36.51710", "2006-09-30": "36.60170", "2005-09-30": "34.81470"}, "Pre-Tax Profit Margin": {"2020-09-30": "18.28620", "2019-09-30": "29.06480", "2018-09-30": "35.70310", "2017-09-30": "39.87830", "2016-09-30": "37.77270", "2015-09-30": "38.09930", "2014-09-30": "40.15360", "2013-09-30": "37.90360", "2012-09-30": "37.71580", "2011-09-30": "36.75350", "2010-09-30": "35.36310", "2009-09-30": "30.72430", "2008-09-30": "37.26880", "2007-09-30": "39.72600", "2006-09-30": "36.34260", "2005-09-30": "32.96570"}, "Net Profit Margin": {"2020-09-30": "14.07710", "2019-09-30": "20.89820", "2018-09-30": "12.03640", "2017-09-30": "26.34930", "2016-09-30": "25.92630", "2015-09-30": "25.45450", "2014-09-30": "27.91060", "2013-09-30": "26.75390", "2012-09-30": "27.03420", "2011-09-30": "26.82070", "2010-09-30": "24.57030", "2009-09-30": "21.23050", "2008-09-30": "26.16360", "2007-09-30": "28.56920", "2006-09-30": "25.09680", "2005-09-30": "24.53840"}, "Asset Turnover": {"2020-09-30": "0.27530", "2019-09-30": "0.39010", "2018-09-30": "0.43140", "2017-09-30": "0.36460", "2016-09-30": "0.41110", "2015-09-30": "0.48660", "2014-09-30": "0.51910", "2013-09-30": "0.51880", "2012-09-30": "0.48140", "2011-09-30": "0.51830", "2010-09-30": "0.54660", "2009-09-30": "0.44300", "2008-09-30": "0.65740", "2007-09-30": "0.62480", "2006-09-30": "0.53170", "2005-09-30": "0.48460"}, "Inventory Turnover Ratio": {"2020-09-30": "", "2019-09-30": "", "2018-09-30": "", "2017-09-30": "", "2016-09-30": "", "2015-09-30": "", "2014-09-30": "", "2013-09-30": "", "2012-09-30": "", "2011-09-30": "", "2010-09-30": "", "2009-09-30": "", "2008-09-30": "", "2007-09-30": "", "2006-09-30": "", "2005-09-30": ""}, "Receiveable Turnover": {"2020-09-30": "4.63640", "2019-09-30": "6.75730", "2018-09-30": "7.31750", "2017-09-30": "6.38010", "2016-09-30": "8.33190", "2015-09-30": "9.48530", "2014-09-30": "8.93830", "2013-09-30": "7.68600", "2012-09-30": "8.35220", "2011-09-30": "9.23440", "2010-09-30": "8.55420", "2009-09-30": "7.20870", "2008-09-30": "8.73810", "2007-09-30": "7.17320", "2006-09-30": "8.03220", "2005-09-30": "7.84790"}, "Days Sales In Receivables": {"2020-09-30": "78.72430", "2019-09-30": "54.01540", "2018-09-30": "49.88050", "2017-09-30": "57.20930", "2016-09-30": "43.80770", "2015-09-30": "38.48050", "2014-09-30": "40.83540", "2013-09-30": "47.48890", "2012-09-30": "43.70130", "2011-09-30": "39.52630", "2010-09-30": "42.66900", "2009-09-30": "50.63340", "2008-09-30": "41.77090", "2007-09-30": "50.88360", "2006-09-30": "45.44230", "2005-09-30": "46.50920"}, "ROE - Return On Equity": {"2020-09-30": "7.17250", "2019-09-30": "11.34670", "2018-09-30": "7.27570", "2017-09-30": "13.83530", "2016-09-30": "14.03000", "2015-09-30": "16.84330", "2014-09-30": "19.74800", "2013-09-30": "20.31450", "2012-09-30": "19.62500", "2011-09-30": "20.00020", "2010-09-30": "18.77640", "2009-09-30": "11.84490", "2008-09-30": "22.61430", "2007-09-30": "24.17990", "2006-09-30": "18.96220", "2005-09-30": "18.60590"}, "Return On Tangible Equity": {"2020-09-30": "50.49400", "2019-09-30": "15.80010", "2018-09-30": "9.43170", "2017-09-30": "16.71350", "2016-09-30": "17.03710", "2015-09-30": "20.55610", "2014-09-30": "24.39390", "2013-09-30": "26.07040", "2012-09-30": "25.14240", "2011-09-30": "26.17710", "2010-09-30": "25.35900", "2009-09-30": "16.06250", "2008-09-30": "31.63760", "2007-09-30": "33.61640", "2006-09-30": "26.95080", "2005-09-30": "29.08020"}, "ROA - Return On Assets": {"2020-09-30": "3.89250", "2019-09-30": "8.29540", "2018-09-30": "5.16360", "2017-09-30": "10.20700", "2016-09-30": "10.91820", "2015-09-30": "12.88410", "2014-09-30": "14.74410", "2013-09-30": "14.10430", "2012-09-30": "12.98510", "2011-09-30": "13.21740", "2010-09-30": "13.55520", "2009-09-30": "9.55060", "2008-09-30": "17.43380", "2007-09-30": "17.85030", "2006-09-30": "13.34300", "2005-09-30": "11.89160"}, "ROI - Return On Investment": {"2020-09-30": "5.13630", "2019-09-30": "10.60070", "2018-09-30": "6.79110", "2017-09-30": "12.75320", "2016-09-30": "12.02950", "2015-09-30": "14.36550", "2014-09-30": "16.79290", "2013-09-30": "16.72270", "2012-09-30": "15.27790", "2011-09-30": "16.15270", "2010-09-30": "16.82050", "2009-09-30": "11.84490", "2008-09-30": "22.24200", "2007-09-30": "23.65680", "2006-09-30": "17.33390", "2005-09-30": "15.34410"}, "Book Value Per Share": {"2020-09-30": "22.16410", "2019-09-30": "21.27810", "2018-09-30": "19.66370", "2017-09-30": "23.31340", "2016-09-30": "21.96600", "2015-09-30": "20.70500", "2014-09-30": "19.60590", "2013-09-30": "16.93640", "2012-09-30": "15.33160", "2011-09-30": "13.94000", "2010-09-30": "11.50320", "2009-09-30": "11.09700", "2008-09-30": "10.13030", "2007-09-30": "9.95680", "2006-09-30": "8.79860", "2005-09-30": "7.49690"}, "Operating Cash Flow Per Share": {"2020-09-30": 1.6745, "2019-09-30": -3.7446, "2018-09-30": 2.1136, "2017-09-30": -0.9286, "2016-09-30": -0.703, "2015-09-30": 0.2427, "2014-09-30": 0.2093, "2013-09-30": 1.553, "2012-09-30": -0.7766, "2011-09-30": 0.0139, "2010-09-30": 1.4964, "2009-09-30": -1.0478, "2008-09-30": -0.2413, "2007-09-30": 0.5854, "2006-09-30": 0.5483, "2005-09-30": 1.0791}, "Free Cash Flow Per Share": {"2020-09-30": 1.9274, "2019-09-30": -4.0102, "2018-09-30": 2.0497, "2017-09-30": -0.8954, "2016-09-30": -0.7583, "2015-09-30": 0.2157, "2014-09-30": 0.2225, "2013-09-30": 1.5768, "2012-09-30": -0.7009, "2011-09-30": -0.0996, "2010-09-30": 1.4773, "2009-09-30": -1.024, "2008-09-30": -0.2056, "2007-09-30": 0.5488, "2006-09-30": 0.5555, "2005-09-30": 0.984}}, "financial ratios, quarterly": {"Current Ratio": {"2020-12-31": "2.09940", "2020-09-30": "1.73540", "2020-06-30": "4.19560", "2020-03-31": "3.90380", "2019-12-31": "3.57650", "2019-09-30": "3.04960", "2019-06-30": "3.35050", "2019-03-31": "3.53660", "2018-12-31": "3.93120", "2018-09-30": "3.40730", "2018-06-30": "3.36730", "2018-03-31": "2.45870", "2017-12-31": "4.28450", "2017-09-30": "8.19880", "2017-06-30": "9.19910", "2017-03-31": "10.38750", "2016-12-31": "9.33530", "2016-09-30": "9.30270", "2016-06-30": "10.35540", "2016-03-31": "9.86500", "2015-12-31": "8.57060", "2015-09-30": "8.23590", "2015-06-30": "8.18720", "2015-03-31": "8.77550", "2014-12-31": "6.12310", "2014-09-30": "7.08650", "2014-06-30": "4.76710", "2014-03-31": "4.73700", "2013-12-31": "4.26000", "2013-09-30": "4.42080", "2013-06-30": "4.03930", "2013-03-31": "4.04760", "2012-12-31": "3.63150", "2012-09-30": "3.87920", "2012-06-30": "3.51740", "2012-03-31": "4.51120", "2011-12-31": "3.56200", "2011-09-30": "3.14370", "2011-06-30": "4.33480", "2011-03-31": "3.91730", "2010-12-31": "4.19290", "2010-09-30": "4.58620", "2010-06-30": "4.04180", "2010-03-31": "3.45890", "2009-12-31": "3.46190", "2009-09-30": "4.26940", "2009-06-30": "4.06420", "2009-03-31": "4.00190", "2008-12-31": "3.66810", "2008-09-30": "3.50080", "2008-06-30": "3.45360", "2008-03-31": "2.61910", "2007-12-31": "2.81070", "2007-09-30": "2.98850", "2007-06-30": "3.07100", "2007-03-31": "3.76870", "2006-12-31": "3.90550", "2006-09-30": "3.27090", "2006-06-30": "3.30980", "2006-03-31": "4.12460", "2005-12-31": "4.06300", "2005-09-30": "3.34140", "2005-06-30": "3.16600", "2005-03-31": "2.58090"}, "Long-term Debt / Capital": {"2020-12-31": "0.31000", "2020-09-30": "0.28390", "2020-06-30": "0.11160", "2020-03-31": "0.10870", "2019-12-31": "0.06850", "2019-09-30": "0.06570", "2019-06-30": "0.06450", "2019-03-31": "0.06510", "2018-12-31": "0.06760", "2018-09-30": "0.06660", "2018-06-30": "0.06680", "2018-03-31": "0.09400", "2017-12-31": "0.08310", "2017-09-30": "0.07820", "2017-06-30": "0.10100", "2017-03-31": "0.11870", "2016-12-31": "0.12410", "2016-09-30": "0.14260", "2016-06-30": "0.14890", "2016-03-31": "0.14870", "2015-12-31": "0.14580", "2015-09-30": "0.14710", "2015-06-30": "0.14770", "2015-03-31": "0.16620", "2014-12-31": "0.14730", "2014-09-30": "0.14960", "2014-06-30": "0.15520", "2014-03-31": "0.16270", "2013-12-31": "0.16920", "2013-09-30": "0.17680", "2013-06-30": "0.18680", "2013-03-31": "0.19380", "2012-12-31": "0.20530", "2012-09-30": "0.22150", "2012-06-30": "0.14330", "2012-03-31": "0.16720", "2011-12-31": "0.16760", "2011-09-30": "0.19240", "2011-06-30": "0.18430", "2011-03-31": "0.19430", "2010-12-31": "0.20310", "2010-09-30": "0.10420", "2010-06-30": "0.10790", "2010-03-31": "", "2009-12-31": "", "2009-09-30": "", "2009-06-30": "0.01140", "2009-03-31": "0.01330", "2008-12-31": "0.01470", "2008-09-30": "0.01650", "2008-06-30": "0.01790", "2008-03-31": "0.01980", "2007-12-31": "0.02120", "2007-09-30": "0.02160", "2007-06-30": "0.02400", "2007-03-31": "0.07890", "2006-12-31": "0.07930", "2006-09-30": "0.08590", "2006-06-30": "0.09210", "2006-03-31": "0.11690", "2005-12-31": "0.12570", "2005-09-30": "0.17530", "2005-06-30": "0.18650", "2005-03-31": "0.19450"}, "Debt/Equity Ratio": {"2020-12-31": "0.44920", "2020-09-30": "0.39640", "2020-06-30": "0.12570", "2020-03-31": "0.12190", "2019-12-31": "0.07350", "2019-09-30": "0.07040", "2019-06-30": "0.06900", "2019-03-31": "0.06960", "2018-12-31": "0.07250", "2018-09-30": "0.07140", "2018-06-30": "0.07160", "2018-03-31": "0.10370", "2017-12-31": "0.09070", "2017-09-30": "0.08480", "2017-06-30": "0.11240", "2017-03-31": "0.13470", "2016-12-31": "0.14160", "2016-09-30": "0.16630", "2016-06-30": "0.17490", "2016-03-31": "0.17470", "2015-12-31": "0.17070", "2015-09-30": "0.17250", "2015-06-30": "0.17330", "2015-03-31": "0.19940", "2014-12-31": "0.17270", "2014-09-30": "0.17600", "2014-06-30": "0.18370", "2014-03-31": "0.19430", "2013-12-31": "0.20360", "2013-09-30": "0.21480", "2013-06-30": "0.22970", "2013-03-31": "0.24040", "2012-12-31": "0.25830", "2012-09-30": "0.28450", "2012-06-30": "0.20910", "2012-03-31": "0.21310", "2011-12-31": "0.23050", "2011-09-30": "0.23820", "2011-06-30": "0.24080", "2011-03-31": "0.25640", "2010-12-31": "0.27130", "2010-09-30": "0.12680", "2010-06-30": "0.12780", "2010-03-31": "0.04760", "2009-12-31": "0.04520", "2009-09-30": "0.01590", "2009-06-30": "0.02460", "2009-03-31": "0.03290", "2008-12-31": "0.03670", "2008-09-30": "0.03400", "2008-06-30": "0.05380", "2008-03-31": "0.12310", "2007-12-31": "0.08150", "2007-09-30": "0.07940", "2007-06-30": "0.09360", "2007-03-31": "0.10960", "2006-12-31": "0.10970", "2006-09-30": "0.11910", "2006-06-30": "0.12800", "2006-03-31": "0.15810", "2005-12-31": "0.17070", "2005-09-30": "0.24240", "2005-06-30": "0.26120", "2005-03-31": "0.27510"}, "Gross Margin": {"2020-12-31": "100.00000", "2020-09-30": "100.00000", "2020-06-30": "100.00000", "2020-03-31": "100.00000", "2019-12-31": "100.00000", "2019-09-30": "100.00000", "2019-06-30": "100.00000", "2019-03-31": "100.00000", "2018-12-31": "100.00000", "2018-09-30": "100.00000", "2018-06-30": "100.00000", "2018-03-31": "100.00000", "2017-12-31": "100.00000", "2017-09-30": "100.00000", "2017-06-30": "100.00000", "2017-03-31": "100.00000", "2016-12-31": "100.00000", "2016-09-30": "100.00000", "2016-06-30": "100.00000", "2016-03-31": "100.00000", "2015-12-31": "100.00000", "2015-09-30": "100.00000", "2015-06-30": "100.00000", "2015-03-31": "100.00000", "2014-12-31": "100.00000", "2014-09-30": "100.00000", "2014-06-30": "100.00000", "2014-03-31": "100.00000", "2013-12-31": "100.00000", "2013-09-30": "100.00000", "2013-06-30": "100.00000", "2013-03-31": "100.00000", "2012-12-31": "100.00000", "2012-09-30": "100.00000", "2012-06-30": "100.00000", "2012-03-31": "100.00000", "2011-12-31": "100.00000", "2011-09-30": "100.00000", "2011-06-30": "100.00000", "2011-03-31": "100.00000", "2010-12-31": "100.00000", "2010-09-30": "135.04260", "2010-06-30": "100.00000", "2010-03-31": "100.00000", "2009-12-31": "61.11600", "2009-09-30": "175.36670", "2009-06-30": "67.33530", "2009-03-31": "67.82390", "2008-12-31": "70.13100", "2008-09-30": "69.23650", "2008-06-30": "67.64140", "2008-03-31": "67.70540", "2007-12-31": "67.21680", "2007-09-30": "66.07230", "2007-06-30": "63.66010", "2007-03-31": "64.61610", "2006-12-31": "66.51870", "2006-09-30": "67.82670", "2006-06-30": "67.30170", "2006-03-31": "67.06680", "2005-12-31": "67.82970", "2005-09-30": "66.67000", "2005-06-30": "67.59070", "2005-03-31": "66.95370"}, "Operating Margin": {"2020-12-31": "20.50520", "2020-09-30": "4.00990", "2020-06-30": "21.35340", "2020-03-31": "26.60840", "2019-12-31": "26.84280", "2019-09-30": "22.33930", "2019-06-30": "25.38770", "2019-03-31": "26.46810", "2018-12-31": "29.15340", "2018-09-30": "27.48830", "2018-06-30": "32.27900", "2018-03-31": "34.34910", "2017-12-31": "35.97030", "2017-09-30": "34.49200", "2017-06-30": "34.95880", "2017-03-31": "34.70570", "2016-12-31": "37.60250", "2016-09-30": "35.94740", "2016-06-30": "36.43150", "2016-03-31": "33.29200", "2015-12-31": "37.17860", "2015-09-30": "38.32320", "2015-06-30": "38.47460", "2015-03-31": "37.70030", "2014-12-31": "37.88210", "2014-09-30": "38.75210", "2014-06-30": "36.93030", "2014-03-31": "37.50180", "2013-12-31": "38.54470", "2013-09-30": "37.03650", "2013-06-30": "37.01550", "2013-03-31": "36.22370", "2012-12-31": "36.02380", "2012-09-30": "34.28590", "2012-06-30": "36.05070", "2012-03-31": "34.29670", "2011-12-31": "37.15850", "2011-09-30": "37.47160", "2011-06-30": "36.84210", "2011-03-31": "35.97940", "2010-12-31": "38.77130", "2010-09-30": "33.30430", "2010-06-30": "33.99870", "2010-03-31": "32.63260", "2009-12-31": "33.90250", "2009-09-30": "31.05280", "2009-06-30": "30.38360", "2009-03-31": "24.47980", "2008-12-31": "27.68550", "2008-09-30": "31.17560", "2008-06-30": "34.97620", "2008-03-31": "34.52080", "2007-12-31": "37.71550", "2007-09-30": "33.23160", "2007-06-30": "31.65040", "2007-03-31": "33.07360", "2006-12-31": "35.58370", "2006-09-30": "32.92030", "2006-06-30": "34.31220", "2006-03-31": "27.87420", "2005-12-31": "34.24480", "2005-09-30": "31.68370", "2005-06-30": "31.22180", "2005-03-31": "25.99750"}, "EBIT Margin": {"2020-12-31": "20.50520", "2020-09-30": "4.00990", "2020-06-30": "21.35340", "2020-03-31": "26.60840", "2019-12-31": "26.84280", "2019-09-30": "22.33930", "2019-06-30": "25.38770", "2019-03-31": "26.46810", "2018-12-31": "29.15340", "2018-09-30": "27.48830", "2018-06-30": "32.27900", "2018-03-31": "34.34910", "2017-12-31": "35.97030", "2017-09-30": "34.49190", "2017-06-30": "34.95880", "2017-03-31": "34.70570", "2016-12-31": "37.60250", "2016-09-30": "35.94740", "2016-06-30": "36.43150", "2016-03-31": "33.29200", "2015-12-31": "37.17860", "2015-09-30": "38.32320", "2015-06-30": "38.47460", "2015-03-31": "37.70030", "2014-12-31": "37.88210", "2014-09-30": "38.75210", "2014-06-30": "36.93030", "2014-03-31": "37.50180", "2013-12-31": "38.54470", "2013-09-30": "37.03650", "2013-06-30": "37.01550", "2013-03-31": "36.22370", "2012-12-31": "36.02380", "2012-09-30": "34.28590", "2012-06-30": "36.05070", "2012-03-31": "34.29670", "2011-12-31": "37.15850", "2011-09-30": "37.47160", "2011-06-30": "36.84210", "2011-03-31": "35.97940", "2010-12-31": "38.77130", "2010-09-30": "33.30430", "2010-06-30": "33.99870", "2010-03-31": "32.63260", "2009-12-31": "33.90250", "2009-09-30": "31.05280", "2009-06-30": "30.38360", "2009-03-31": "24.47980", "2008-12-31": "27.68550", "2008-09-30": "31.17560", "2008-06-30": "34.97620", "2008-03-31": "34.52080", "2007-12-31": "37.71550", "2007-09-30": "33.23160", "2007-06-30": "31.65040", "2007-03-31": "33.07360", "2006-12-31": "35.58370", "2006-09-30": "32.92030", "2006-06-30": "34.31220", "2006-03-31": "27.87420", "2005-12-31": "34.24480", "2005-09-30": "31.68370", "2005-06-30": "31.22180", "2005-03-31": "25.99750"}, "EBITDA Margin": {"2020-12-31": "", "2020-09-30": "", "2020-06-30": "", "2020-03-31": "", "2019-12-31": "", "2019-09-30": "", "2019-06-30": "", "2019-03-31": "", "2018-12-31": "", "2018-09-30": "", "2018-06-30": "", "2018-03-31": "", "2017-12-31": "", "2017-09-30": "", "2017-06-30": "", "2017-03-31": "", "2016-12-31": "", "2016-09-30": "", "2016-06-30": "", "2016-03-31": "", "2015-12-31": "", "2015-09-30": "", "2015-06-30": "", "2015-03-31": "", "2014-12-31": "", "2014-09-30": "", "2014-06-30": "", "2014-03-31": "", "2013-12-31": "", "2013-09-30": "", "2013-06-30": "", "2013-03-31": "", "2012-12-31": "", "2012-09-30": "", "2012-06-30": "", "2012-03-31": "", "2011-12-31": "", "2011-09-30": "", "2011-06-30": "", "2011-03-31": "", "2010-12-31": "", "2010-09-30": "", "2010-06-30": "", "2010-03-31": "", "2009-12-31": "", "2009-09-30": "", "2009-06-30": "", "2009-03-31": "", "2008-12-31": "", "2008-09-30": "", "2008-06-30": "", "2008-03-31": "", "2007-12-31": "", "2007-09-30": "", "2007-06-30": "", "2007-03-31": "", "2006-12-31": "", "2006-09-30": "", "2006-06-30": "", "2006-03-31": "", "2005-12-31": "", "2005-09-30": "", "2005-06-30": "", "2005-03-31": ""}, "Pre-Tax Profit Margin": {"2020-12-31": "26.93100", "2020-09-30": "12.09040", "2020-06-30": "22.70850", "2020-03-31": "7.68890", "2019-12-31": "32.07600", "2019-09-30": "29.37510", "2019-06-30": "28.00160", "2019-03-31": "34.34930", "2018-12-31": "24.51290", "2018-09-30": "34.21350", "2018-06-30": "28.69240", "2018-03-31": "39.13340", "2017-12-31": "40.33430", "2017-09-30": "40.71990", "2017-06-30": "39.87240", "2017-03-31": "39.20410", "2016-12-31": "39.70400", "2016-09-30": "39.47760", "2016-06-30": "39.70510", "2016-03-31": "33.61420", "2015-12-31": "38.23090", "2015-09-30": "31.79100", "2015-06-30": "37.55500", "2015-03-31": "42.73560", "2014-12-31": "39.83920", "2014-09-30": "41.09490", "2014-06-30": "41.46910", "2014-03-31": "37.76900", "2013-12-31": "40.23230", "2013-09-30": "36.45200", "2013-06-30": "37.02990", "2013-03-31": "40.47480", "2012-12-31": "37.65380", "2012-09-30": "37.35270", "2012-06-30": "34.47520", "2012-03-31": "38.34270", "2011-12-31": "40.83670", "2011-09-30": "30.52760", "2011-06-30": "37.08210", "2011-03-31": "38.78510", "2010-12-31": "41.03170", "2010-09-30": "36.13990", "2010-06-30": "32.25380", "2010-03-31": "35.97420", "2009-12-31": "37.33710", "2009-09-30": "41.53770", "2009-06-30": "39.40650", "2009-03-31": "19.31780", "2008-12-31": "18.02280", "2008-09-30": "35.21540", "2008-06-30": "36.40080", "2008-03-31": "34.54620", "2007-12-31": "42.09090", "2007-09-30": "38.04050", "2007-06-30": "38.69480", "2007-03-31": "40.27190", "2006-12-31": "42.25640", "2006-09-30": "37.98510", "2006-06-30": "37.13900", "2006-03-31": "33.07480", "2005-12-31": "37.12200", "2005-09-30": "36.05940", "2005-06-30": "32.77480", "2005-03-31": "28.73570"}, "Net Profit Margin": {"2020-12-31": "16.57560", "2020-09-30": "4.47030", "2020-06-30": "24.08890", "2020-03-31": "5.77600", "2019-12-31": "24.92800", "2019-09-30": "22.59170", "2019-06-30": "16.47590", "2019-03-31": "25.36620", "2018-12-31": "19.36950", "2018-09-30": "34.63120", "2018-06-30": "25.58070", "2018-03-31": "27.39520", "2017-12-31": "-36.16840", "2017-09-30": "26.14880", "2017-06-30": "25.22460", "2017-03-31": "26.06520", "2016-12-31": "28.01130", "2016-09-30": "29.14750", "2016-06-30": "27.11860", "2016-03-31": "22.16370", "2015-12-31": "25.31850", "2015-09-30": "18.88140", "2015-06-30": "25.19990", "2015-03-31": "29.97810", "2014-12-31": "27.26350", "2014-09-30": "29.58010", "2014-06-30": "26.98900", "2014-03-31": "26.58050", "2013-12-31": "28.45700", "2013-09-30": "25.14610", "2013-06-30": "26.29990", "2013-03-31": "28.44660", "2012-12-31": "27.13750", "2012-09-30": "26.99590", "2012-06-30": "25.35320", "2012-03-31": "27.77750", "2011-12-31": "28.05100", "2011-09-30": "22.59940", "2011-06-30": "27.00760", "2011-03-31": "28.59790", "2010-12-31": "29.34940", "2010-09-30": "24.37670", "2010-06-30": "23.36780", "2010-03-31": "25.10130", "2009-12-31": "25.57970", "2009-09-30": "29.47910", "2009-06-30": "27.50460", "2009-03-31": "12.04510", "2008-12-31": "12.38380", "2008-09-30": "21.98840", "2008-06-30": "26.50490", "2008-03-31": "24.34650", "2007-12-31": "30.74980", "2007-09-30": "26.81840", "2007-06-30": "28.56210", "2007-03-31": "29.21570", "2006-12-31": "29.89180", "2006-09-30": "29.42190", "2006-06-30": "28.19560", "2006-03-31": "15.66150", "2005-12-31": "26.91340", "2005-09-30": "28.75740", "2005-06-30": "23.59780", "2005-03-31": "21.05000"}, "Asset Turnover": {"2020-12-31": "0.09400", "2020-09-30": "0.08160", "2020-06-30": "0.07610", "2020-03-31": "0.09130", "2019-12-31": "0.09260", "2019-09-30": "0.09270", "2019-06-30": "0.10210", "2019-03-31": "0.10070", "2018-12-31": "0.10120", "2018-09-30": "0.09820", "2018-06-30": "0.10040", "2018-03-31": "0.09150", "2017-12-31": "0.08940", "2017-09-30": "0.09220", "2017-06-30": "0.09230", "2017-03-31": "0.09300", "2016-12-31": "0.09630", "2016-09-30": "0.10010", "2016-06-30": "0.10220", "2016-03-31": "0.10160", "2015-12-31": "0.10880", "2015-09-30": "0.11470", "2015-06-30": "0.12000", "2015-03-31": "0.12190", "2014-12-31": "0.12670", "2014-09-30": "0.13180", "2014-06-30": "0.12760", "2014-03-31": "0.12990", "2013-12-31": "0.13260", "2013-09-30": "0.12900", "2013-06-30": "0.13610", "2013-03-31": "0.13600", "2012-12-31": "0.13250", "2012-09-30": "0.12310", "2012-06-30": "0.13080", "2012-03-31": "0.13170", "2011-12-31": "0.12700", "2011-09-30": "0.13340", "2011-06-30": "0.14090", "2011-03-31": "0.13640", "2010-12-31": "0.13720", "2010-09-30": "0.14270", "2010-06-30": "0.14740", "2010-03-31": "0.14840", "2009-12-31": "0.14930", "2009-09-30": "0.13080", "2009-06-30": "0.11610", "2009-03-31": "0.10330", "2008-12-31": "0.10790", "2008-09-30": "0.14400", "2008-06-30": "0.16280", "2008-03-31": "0.15120", "2007-12-31": "0.17430", "2007-09-30": "0.16400", "2007-06-30": "0.17340", "2007-03-31": "0.15690", "2006-12-31": "0.14780", "2006-09-30": "0.13660", "2006-06-30": "0.14680", "2006-03-31": "0.13690", "2005-12-31": "0.13290", "2005-09-30": "0.13080", "2005-06-30": "0.13010", "2005-03-31": "0.12080"}, "Inventory Turnover Ratio": {"2020-12-31": "", "2020-09-30": "", "2020-06-30": "", "2020-03-31": "", "2019-12-31": "", "2019-09-30": "", "2019-06-30": "", "2019-03-31": "", "2018-12-31": "", "2018-09-30": "", "2018-06-30": "", "2018-03-31": "", "2017-12-31": "", "2017-09-30": "", "2017-06-30": "", "2017-03-31": "", "2016-12-31": "", "2016-09-30": "", "2016-06-30": "", "2016-03-31": "", "2015-12-31": "", "2015-09-30": "", "2015-06-30": "", "2015-03-31": "", "2014-12-31": "", "2014-09-30": "", "2014-06-30": "", "2014-03-31": "", "2013-12-31": "", "2013-09-30": "", "2013-06-30": "", "2013-03-31": "", "2012-12-31": "", "2012-09-30": "", "2012-06-30": "", "2012-03-31": "", "2011-12-31": "", "2011-09-30": "", "2011-06-30": "", "2011-03-31": "", "2010-12-31": "", "2010-09-30": "", "2010-06-30": "", "2010-03-31": "", "2009-12-31": "", "2009-09-30": "", "2009-06-30": "", "2009-03-31": "", "2008-12-31": "", "2008-09-30": "", "2008-06-30": "", "2008-03-31": "", "2007-12-31": "", "2007-09-30": "", "2007-06-30": "", "2007-03-31": "", "2006-12-31": "", "2006-09-30": "", "2006-06-30": "", "2006-03-31": "", "2005-12-31": "", "2005-09-30": "", "2005-06-30": "", "2005-03-31": ""}, "Receiveable Turnover": {"2020-12-31": "1.62190", "2020-09-30": "1.37510", "2020-06-30": "1.28060", "2020-03-31": "1.98210", "2019-12-31": "1.76410", "2019-09-30": "1.60600", "2019-06-30": "1.73690", "2019-03-31": "1.70490", "2018-12-31": "1.75210", "2018-09-30": "1.66600", "2018-06-30": "1.64600", "2018-03-31": "1.79960", "2017-12-31": "1.47060", "2017-09-30": "1.61380", "2017-06-30": "1.64920", "2017-03-31": "1.56390", "2016-12-31": "1.67830", "2016-09-30": "2.02920", "2016-06-30": "2.01120", "2016-03-31": "2.02240", "2015-12-31": "2.03540", "2015-09-30": "2.23600", "2015-06-30": "2.22560", "2015-03-31": "2.18670", "2014-12-31": "2.22760", "2014-09-30": "2.26890", "2014-06-30": "2.13240", "2014-03-31": "2.12220", "2013-12-31": "1.89210", "2013-09-30": "1.91050", "2013-06-30": "2.20010", "2013-03-31": "2.02450", "2012-12-31": "2.09450", "2012-09-30": "2.13620", "2012-06-30": "2.24660", "2012-03-31": "1.21060", "2011-12-31": "2.17730", "2011-09-30": "2.37600", "2011-06-30": "2.06660", "2011-03-31": "2.03590", "2010-12-31": "2.09850", "2010-09-30": "2.23380", "2010-06-30": "2.25520", "2010-03-31": "2.25790", "2009-12-31": "2.17770", "2009-09-30": "2.12940", "2009-06-30": "1.80300", "2009-03-31": "1.57830", "2008-12-31": "1.74380", "2008-09-30": "1.91420", "2008-06-30": "2.03790", "2008-03-31": "2.03620", "2007-12-31": "2.15650", "2007-09-30": "1.88310", "2007-06-30": "1.97550", "2007-03-31": "2.12990", "2006-12-31": "2.07170", "2006-09-30": "2.06300", "2006-06-30": "2.15800", "2006-03-31": "2.21040", "2005-12-31": "2.19490", "2005-09-30": "2.11790", "2005-06-30": "2.23560", "2005-03-31": "2.16960"}, "Days Sales In Receivables": {"2020-12-31": "55.49050", "2020-09-30": "65.45160", "2020-06-30": "70.28200", "2020-03-31": "45.40690", "2019-12-31": "51.01860", "2019-09-30": "56.04130", "2019-06-30": "51.81690", "2019-03-31": "52.78980", "2018-12-31": "51.36660", "2018-09-30": "54.02170", "2018-06-30": "54.67790", "2018-03-31": "50.01240", "2017-12-31": "61.19780", "2017-09-30": "55.76780", "2017-06-30": "54.57220", "2017-03-31": "57.55030", "2016-12-31": "53.62630", "2016-09-30": "44.35230", "2016-06-30": "44.74940", "2016-03-31": "44.50090", "2015-12-31": "44.21670", "2015-09-30": "40.24980", "2015-06-30": "40.43880", "2015-03-31": "41.15780", "2014-12-31": "40.40260", "2014-09-30": "39.66600", "2014-06-30": "42.20560", "2014-03-31": "42.40850", "2013-12-31": "47.56630", "2013-09-30": "47.10850", "2013-06-30": "40.90750", "2013-03-31": "44.45470", "2012-12-31": "42.96980", "2012-09-30": "42.13080", "2012-06-30": "40.06070", "2012-03-31": "74.34210", "2011-12-31": "41.33500", "2011-09-30": "37.87950", "2011-06-30": "43.55060", "2011-03-31": "44.20630", "2010-12-31": "42.88700", "2010-09-30": "40.29040", "2010-06-30": "39.90770", "2010-03-31": "39.86090", "2009-12-31": "41.32870", "2009-09-30": "42.26470", "2009-06-30": "49.91750", "2009-03-31": "57.02230", "2008-12-31": "51.61230", "2008-09-30": "47.01760", "2008-06-30": "44.16350", "2008-03-31": "44.19970", "2007-12-31": "41.73390", "2007-09-30": "47.79310", "2007-06-30": "45.55920", "2007-03-31": "42.25620", "2006-12-31": "43.44180", "2006-09-30": "43.62610", "2006-06-30": "41.70450", "2006-03-31": "40.71700", "2005-12-31": "41.00360", "2005-09-30": "42.49480", "2005-06-30": "40.25720", "2005-03-31": "41.48170"}, "ROE - Return On Equity": {"2020-12-31": "3.45690", "2020-09-30": "1.15270", "2020-06-30": "2.30560", "2020-03-31": "0.54680", "2019-12-31": "3.21290", "2019-09-30": "2.91130", "2019-06-30": "2.40970", "2019-03-31": "3.63460", "2018-12-31": "2.58020", "2018-09-30": "4.66600", "2018-06-30": "3.48760", "2018-03-31": "4.64230", "2017-12-31": "-4.73410", "2017-09-30": "3.68360", "2017-06-30": "3.61590", "2017-03-31": "3.48750", "2016-12-31": "3.41960", "2016-09-30": "3.77550", "2016-06-30": "3.73030", "2016-03-31": "2.90880", "2015-12-31": "3.72280", "2015-09-30": "3.05300", "2015-06-30": "4.20010", "2015-03-31": "5.01150", "2014-12-31": "4.65920", "2014-09-30": "5.16520", "2014-06-30": "5.30250", "2014-03-31": "4.81820", "2013-12-31": "5.37690", "2013-09-30": "4.77750", "2013-06-30": "5.40360", "2013-03-31": "5.88810", "2012-12-31": "5.29320", "2012-09-30": "5.16370", "2012-06-30": "4.62020", "2012-03-31": "5.21530", "2011-12-31": "5.52650", "2011-09-30": "3.92050", "2011-06-30": "5.45680", "2011-03-31": "5.88590", "2010-12-31": "6.02660", "2010-09-30": "4.86200", "2010-06-30": "4.84100", "2010-03-31": "4.85160", "2009-12-31": "5.00970", "2009-09-30": "4.95700", "2009-06-30": "4.17850", "2009-03-31": "1.54740", "2008-12-31": "1.56190", "2008-09-30": "4.41160", "2008-06-30": "5.63620", "2008-03-31": "5.24180", "2007-12-31": "7.39090", "2007-09-30": "5.95870", "2007-06-30": "6.67940", "2007-03-31": "6.27030", "2006-12-31": "5.99660", "2006-09-30": "5.70960", "2006-06-30": "5.88950", "2006-03-31": "3.00340", "2005-12-31": "5.05260", "2005-09-30": "5.88450", "2005-06-30": "4.93960", "2005-03-31": "4.37190"}, "Return On Tangible Equity": {"2020-12-31": "19.37190", "2020-09-30": "8.11520", "2020-06-30": "3.20780", "2020-03-31": "0.76020", "2019-12-31": "4.46160", "2019-09-30": "4.05390", "2019-06-30": "3.37110", "2019-03-31": "5.10760", "2018-12-31": "3.35460", "2018-09-30": "6.04860", "2018-06-30": "4.53460", "2018-03-31": "5.91800", "2017-12-31": "-5.80880", "2017-09-30": "4.44990", "2017-06-30": "4.38480", "2017-03-31": "4.24420", "2016-12-31": "4.16860", "2016-09-30": "4.58470", "2016-06-30": "4.54320", "2016-03-31": "3.54350", "2015-12-31": "4.54530", "2015-09-30": "3.72600", "2015-06-30": "5.12080", "2015-03-31": "6.14180", "2014-12-31": "5.75120", "2014-09-30": "6.38040", "2014-06-30": "6.60360", "2014-03-31": "6.05710", "2013-12-31": "6.82440", "2013-09-30": "6.13120", "2013-06-30": "6.98830", "2013-03-31": "7.70950", "2012-12-31": "7.06620", "2012-09-30": "6.61540", "2012-06-30": "5.98930", "2012-03-31": "6.76750", "2011-12-31": "7.26970", "2011-09-30": "5.13130", "2011-06-30": "7.16960", "2011-03-31": "7.81800", "2010-12-31": "8.00170", "2010-09-30": "6.56660", "2010-06-30": "6.62400", "2010-03-31": "6.66840", "2009-12-31": "6.97000", "2009-09-30": "6.72210", "2009-06-30": "5.73980", "2009-03-31": "2.15400", "2008-12-31": "2.18010", "2008-09-30": "6.17190", "2008-06-30": "7.87860", "2008-03-31": "7.41620", "2007-12-31": "10.45750", "2007-09-30": "8.28410", "2007-06-30": "9.44720", "2007-03-31": "8.72110", "2006-12-31": "8.30170", "2006-09-30": "8.11500", "2006-06-30": "8.59300", "2006-03-31": "4.30970", "2005-12-31": "7.47940", "2005-09-30": "9.19720", "2005-06-30": "8.04570", "2005-03-31": "7.35070"}, "ROA - Return On Assets": {"2020-12-31": "1.85970", "2020-09-30": "0.62560", "2020-06-30": "1.62450", "2020-03-31": "0.40090", "2019-12-31": "2.32040", "2019-09-30": "2.12840", "2019-06-30": "1.76030", "2019-03-31": "2.68000", "2018-12-31": "1.86370", "2018-09-30": "3.31140", "2018-06-30": "2.28880", "2018-03-31": "2.72980", "2017-12-31": "-3.16410", "2017-09-30": "2.71760", "2017-06-30": "2.62870", "2017-03-31": "2.52760", "2016-12-31": "2.58350", "2016-09-30": "2.93810", "2016-06-30": "2.88480", "2016-03-31": "2.27050", "2015-12-31": "2.86220", "2015-09-30": "2.33540", "2015-06-30": "3.20330", "2015-03-31": "3.77720", "2014-12-31": "3.47490", "2014-09-30": "3.85640", "2014-06-30": "3.78690", "2014-03-31": "3.42560", "2013-12-31": "3.74620", "2013-09-30": "3.31700", "2013-06-30": "3.66970", "2013-03-31": "4.00670", "2012-12-31": "3.51600", "2012-09-30": "3.41660", "2012-06-30": "3.15380", "2012-03-31": "3.57030", "2011-12-31": "3.68280", "2011-09-30": "2.59090", "2011-06-30": "3.63620", "2011-03-31": "3.86330", "2010-12-31": "3.95510", "2010-09-30": "3.51000", "2010-06-30": "3.45520", "2010-03-31": "3.76460", "2009-12-31": "3.87620", "2009-09-30": "3.99690", "2009-06-30": "3.31980", "2009-03-31": "1.23520", "2008-12-31": "1.22320", "2008-09-30": "3.40100", "2008-06-30": "4.31600", "2008-03-31": "3.68130", "2007-12-31": "5.35850", "2007-09-30": "4.39890", "2007-06-30": "4.95370", "2007-03-31": "4.58430", "2006-12-31": "4.41660", "2006-09-30": "4.01760", "2006-06-30": "4.13840", "2006-03-31": "2.14420", "2005-12-31": "3.57600", "2005-09-30": "3.76090", "2005-06-30": "3.07050", "2005-03-31": "2.54350"}, "ROI - Return On Investment": {"2020-12-31": "2.38540", "2020-09-30": "0.82550", "2020-06-30": "2.04820", "2020-03-31": "0.48740", "2019-12-31": "2.99290", "2019-09-30": "2.71990", "2019-06-30": "2.25420", "2019-03-31": "3.39810", "2018-12-31": "2.40580", "2018-09-30": "4.35520", "2018-06-30": "3.25450", "2018-03-31": "4.20610", "2017-12-31": "-4.34050", "2017-09-30": "3.39550", "2017-06-30": "3.25060", "2017-03-31": "3.07350", "2016-12-31": "2.99540", "2016-09-30": "3.23720", "2016-06-30": "3.17500", "2016-03-31": "2.47630", "2015-12-31": "3.17990", "2015-09-30": "2.60390", "2015-06-30": "3.57970", "2015-03-31": "4.17840", "2014-12-31": "3.97290", "2014-09-30": "4.39230", "2014-06-30": "4.47950", "2014-03-31": "4.03430", "2013-12-31": "4.46720", "2013-09-30": "3.93280", "2013-06-30": "4.39420", "2013-03-31": "4.74690", "2012-12-31": "4.20680", "2012-09-30": "4.01990", "2012-06-30": "3.95820", "2012-03-31": "4.34310", "2011-12-31": "4.60050", "2011-09-30": "3.16630", "2011-06-30": "4.45100", "2011-03-31": "4.74250", "2010-12-31": "4.80290", "2010-09-30": "4.35560", "2010-06-30": "4.31860", "2010-03-31": "4.85160", "2009-12-31": "5.00970", "2009-09-30": "4.95700", "2009-06-30": "4.13110", "2009-03-31": "1.52690", "2008-12-31": "1.53890", "2008-09-30": "4.33900", "2008-06-30": "5.53530", "2008-03-31": "5.13810", "2007-12-31": "7.23450", "2007-09-30": "5.82980", "2007-06-30": "6.51920", "2007-03-31": "5.77530", "2006-12-31": "5.52110", "2006-09-30": "5.21930", "2006-06-30": "5.34740", "2006-03-31": "2.65240", "2005-12-31": "4.41750", "2005-09-30": "4.85280", "2005-06-30": "4.01830", "2005-03-31": "3.52130"}, "Book Value Per Share": {"2020-12-31": "22.59390", "2020-09-30": "22.16410", "2020-06-30": "22.21310", "2020-03-31": "21.71170", "2019-12-31": "21.77330", "2019-09-30": "21.27810", "2019-06-30": "20.95890", "2019-03-31": "20.67920", "2018-12-31": "19.70100", "2018-09-30": "19.66370", "2018-06-30": "19.25970", "2018-03-31": "19.20300", "2017-12-31": "21.86890", "2017-09-30": "23.31340", "2017-06-30": "22.77060", "2017-03-31": "22.19100", "2016-12-31": "21.64990", "2016-09-30": "21.96600", "2016-06-30": "21.44930", "2016-03-31": "21.16190", "2015-12-31": "20.86740", "2015-09-30": "20.70500", "2015-06-30": "20.67930", "2015-03-31": "20.07540", "2014-12-31": "19.52760", "2014-09-30": "19.60590", "2014-06-30": "19.05960", "2014-03-31": "18.27510", "2013-12-31": "17.56870", "2013-09-30": "16.93640", "2013-06-30": "16.36310", "2013-03-31": "15.80130", "2012-12-31": "14.95490", "2012-09-30": "15.33160", "2012-06-30": "14.59280", "2012-03-31": "14.49290", "2011-12-31": "13.78940", "2011-09-30": "13.94000", "2011-06-30": "13.25230", "2011-03-31": "12.65080", "2010-12-31": "12.14030", "2010-09-30": "11.50320", "2010-06-30": "10.98850", "2010-03-31": "10.82940", "2009-12-31": "10.42500", "2009-09-30": "11.09700", "2009-06-30": "10.62470", "2009-03-31": "10.12750", "2008-12-31": "10.07260", "2008-09-30": "10.13030", "2008-06-30": "10.16560", "2008-03-31": "9.84940", "2007-12-31": "9.75110", "2007-09-30": "9.95680", "2007-06-30": "9.50700", "2007-03-31": "9.39030", "2006-12-31": "9.35680", "2006-09-30": "8.79860", "2006-06-30": "8.30930", "2006-03-31": "8.40960", "2005-12-31": "8.12610", "2005-09-30": "7.49690", "2005-06-30": "7.02970", "2005-03-31": "6.71960"}, "Operating Cash Flow Per Share": {"2020-12-31": "0.58980", "2020-09-30": 0.7566, "2020-06-30": 1.031, "2020-03-31": 0.2227, "2019-12-31": "0.06400", "2019-09-30": 0.0628, "2019-06-30": -0.5424, "2019-03-31": 0.3806, "2018-12-31": "0.49880", "2018-09-30": 1.3168, "2018-06-30": 1.1832, "2018-03-31": 1.0626, "2017-12-31": "0.58180", "2017-09-30": 0.3094, "2017-06-30": 0.6256, "2017-03-31": 0.3063, "2016-12-31": "0.78950", "2016-09-30": 0.9463, "2016-06-30": 1.2812, "2016-03-31": 0.238, "2015-12-31": "0.49390", "2015-09-30": 0.7075, "2015-06-30": 1.1395, "2015-03-31": 0.8925, "2014-12-31": "0.92290", "2014-09-30": 1.1572, "2014-06-30": 1.2419, "2014-03-31": 0.504, "2013-12-31": "0.51660", "2013-09-30": 0.8021, "2013-06-30": 1.1923, "2013-03-31": 0.7653, "2012-12-31": "0.45070", "2012-09-30": 0.2753, "2012-06-30": 0.6409, "2012-03-31": 0.4832, "2011-12-31": "0.25800", "2011-09-30": 0.9147, "2011-06-30": 0.7883, "2011-03-31": 0.3657, "2010-12-31": "0.36530", "2010-09-30": 0.4508, "2010-06-30": 0.9525, "2010-03-31": 0.5558, "2009-12-31": "0.46100", "2009-09-30": 0.2175, "2009-06-30": 0.3517, "2009-03-31": 0.2944, "2008-12-31": "0.06010", "2008-09-30": -0.018, "2008-06-30": 1.3223, "2008-03-31": 0.3887, "2007-12-31": "0.27850", "2007-09-30": 0.1783, "2007-06-30": 0.9069, "2007-03-31": 0.4085, "2006-12-31": "0.71910", "2006-09-30": 0.2337, "2006-06-30": 0.4386, "2006-03-31": 0.2677, "2005-12-31": "0.68740", "2005-09-30": 0.0666, "2005-06-30": 0.547, "2005-03-31": 0.4655}, "Free Cash Flow Per Share": {"2020-12-31": "0.56210", "2020-09-30": 0.7198, "2020-06-30": 1.0066, "2020-03-31": 0.1252, "2019-12-31": "0.01210", "2019-09-30": 0.0026, "2019-06-30": -0.8028, "2019-03-31": 0.288, "2018-12-31": "0.44850", "2018-09-30": 1.253, "2018-06-30": 1.1292, "2018-03-31": 1.0174, "2017-12-31": "0.54690", "2017-09-30": 0.2634, "2017-06-30": 0.589, "2017-03-31": 0.2776, "2016-12-31": "0.76680", "2016-09-30": 0.8851, "2016-06-30": 1.235, "2016-03-31": 0.2102, "2015-12-31": "0.46190", "2015-09-30": 0.6664, "2015-06-30": 1.1167, "2015-03-31": 0.8704, "2014-12-31": "0.89700", "2014-09-30": 1.1335, "2014-06-30": 1.226, "2014-03-31": 0.4825, "2013-12-31": "0.49280", "2013-09-30": 0.7696, "2013-06-30": 1.1711, "2013-03-31": 0.7402, "2012-12-31": "0.43140", "2012-09-30": 0.25, "2012-06-30": 0.6145, "2012-03-31": 0.4543, "2011-12-31": "0.21670", "2011-09-30": 0.8447, "2011-06-30": 0.7583, "2011-03-31": 0.3483, "2010-12-31": "0.28510", "2010-09-30": 0.4446, "2010-06-30": 0.9153, "2010-03-31": 0.529, "2009-12-31": "0.44710", "2009-09-30": 0.1993, "2009-06-30": 0.3446, "2009-03-31": 0.2859, "2008-12-31": "0.02890", "2008-09-30": -0.0256, "2008-06-30": 1.2892, "2008-03-31": 0.3604, "2007-12-31": "0.25870", "2007-09-30": 0.1459, "2007-06-30": 0.8719, "2007-03-31": 0.3744, "2006-12-31": "0.69610", "2006-09-30": 0.1922, "2006-06-30": 0.4245, "2006-03-31": 0.2493, "2005-12-31": "0.67350", "2005-09-30": 0.0449, "2005-06-30": 0.529, "2005-03-31": 0.4101}}, "revenue": {"Franklin Resources Annual Revenue (Millions of US $)": {"2020": "$5,567", "2019": "$5,669", "2018": "$6,205", "2017": "$6,392", "2016": "$6,618", "2015": "$7,949", "2014": "$8,491", "2013": "$7,985", "2012": "$7,101", "2011": "$7,140", "2010": "$5,853", "2009": "$4,194", "2008": "$6,032", "2007": "$6,206", "2006": "$5,051", "2005": "$4,310"}, "Franklin Resources Quarterly Revenue (Millions of US $)": {"2020-12-31": "$1,995", "2020-09-30": "$1,651", "2020-06-30": "$1,188", "2020-03-31": "$1,338", "2019-12-31": "$1,389", "2019-09-30": "$1,347", "2019-06-30": "$1,477", "2019-03-31": "$1,434", "2018-12-31": "$1,412", "2018-09-30": "$1,413", "2018-06-30": "$1,559", "2018-03-31": "$1,618", "2017-12-31": "$1,616", "2017-09-30": "$1,617", "2017-06-30": "$1,614", "2017-03-31": "$1,601", "2016-12-31": "$1,561", "2016-09-30": "$1,612", "2016-06-30": "$1,634", "2016-03-31": "$1,614", "2015-12-31": "$1,758", "2015-09-30": "$1,874", "2015-06-30": "$2,001", "2015-03-31": "$2,010", "2014-12-31": "$2,064", "2014-09-30": "$2,156", "2014-06-30": "$2,131", "2014-03-31": "$2,096", "2013-12-31": "$2,110", "2013-09-30": "$1,985", "2013-06-30": "$2,085", "2013-03-31": "$2,014", "2012-12-31": "$1,902", "2012-09-30": "$1,816", "2012-06-30": "$1,784", "2012-03-31": "$1,799", "2011-12-31": "$1,702", "2011-09-30": "$1,837", "2011-06-30": "$1,853", "2011-03-31": "$1,750", "2010-12-31": "$1,700", "2010-09-30": "$1,528", "2010-06-30": "$1,534", "2010-03-31": "$1,413", "2009-12-31": "$1,377", "2009-09-30": "$1,239", "2009-06-30": "$1,074", "2009-03-31": "$912", "2008-12-31": "$969", "2008-09-30": "$1,321", "2008-06-30": "$1,522", "2008-03-31": "$1,504", "2007-12-31": "$1,686", "2007-09-30": "$1,629", "2007-06-30": "$1,640", "2007-03-31": "$1,509", "2006-12-31": "$1,428", "2006-09-30": "$1,297", "2006-06-30": "$1,317", "2006-03-31": "$1,255", "2005-12-31": "$1,181", "2005-09-30": "$1,163", "2005-06-30": "$1,110", "2005-03-31": "$1,051"}}, "gross-profit": {"Franklin Resources Annual Gross Profit (Millions of US $)": {"2020": "$5,567", "2019": "$5,669", "2018": "$6,205", "2017": "$6,392", "2016": "$6,618", "2015": "$7,949", "2014": "$8,491", "2013": "$7,985", "2012": "$7,101", "2011": "$7,140", "2010": "$5,853", "2009": "$4,194", "2008": "$4,095", "2007": "$4,045", "2006": "$3,409", "2005": "$2,904"}, "Franklin Resources Quarterly Gross Profit (Millions of US $)": {"2020-12-31": "$1,995", "2020-09-30": "$1,651", "2020-06-30": "$1,188", "2020-03-31": "$1,338", "2019-12-31": "$1,389", "2019-09-30": "$1,347", "2019-06-30": "$1,477", "2019-03-31": "$1,434", "2018-12-31": "$1,412", "2018-09-30": "$1,413", "2018-06-30": "$1,559", "2018-03-31": "$1,618", "2017-12-31": "$1,616", "2017-09-30": "$1,617", "2017-06-30": "$1,614", "2017-03-31": "$1,601", "2016-12-31": "$1,561", "2016-09-30": "$1,612", "2016-06-30": "$1,634", "2016-03-31": "$1,614", "2015-12-31": "$1,758", "2015-09-30": "$1,874", "2015-06-30": "$2,001", "2015-03-31": "$2,010", "2014-12-31": "$2,064", "2014-09-30": "$2,156", "2014-06-30": "$2,131", "2014-03-31": "$2,096", "2013-12-31": "$2,110", "2013-09-30": "$1,985", "2013-06-30": "$2,085", "2013-03-31": "$2,014", "2012-12-31": "$1,902", "2012-09-30": "$1,816", "2012-06-30": "$1,784", "2012-03-31": "$1,799", "2011-12-31": "$1,702", "2011-09-30": "$1,837", "2011-06-30": "$1,853", "2011-03-31": "$1,750", "2010-12-31": "$1,700", "2010-09-30": "$1,528", "2010-06-30": "$1,534", "2010-03-31": "$1,413", "2009-12-31": "$842", "2009-09-30": "$1,239", "2009-06-30": "$723", "2009-03-31": "$619", "2008-12-31": "$680", "2008-09-30": "$915", "2008-06-30": "$1,029", "2008-03-31": "$1,018", "2007-12-31": "$1,133", "2007-09-30": "$1,076", "2007-06-30": "$1,044", "2007-03-31": "$975", "2006-12-31": "$950", "2006-09-30": "$880", "2006-06-30": "$887", "2006-03-31": "$842", "2005-12-31": "$801", "2005-09-30": "$775", "2005-06-30": "$750", "2005-03-31": "$704"}}, "operating-income": {"Franklin Resources Annual Operating Income (Millions of US $)": {"2020": "$1,049", "2019": "$1,467", "2018": "$2,028", "2017": "$2,264", "2016": "$2,366", "2015": "$3,028", "2014": "$3,221", "2013": "$2,921", "2012": "$2,515", "2011": "$2,660", "2010": "$1,959", "2009": "$1,203", "2008": "$2,099", "2007": "$2,068", "2006": "$1,633", "2005": "$1,288"}, "Franklin Resources Quarterly Operating Income (Millions of US $)": {"2020-12-31": "$409", "2020-09-30": "$66", "2020-06-30": "$254", "2020-03-31": "$356", "2019-12-31": "$373", "2019-09-30": "$301", "2019-06-30": "$375", "2019-03-31": "$380", "2018-12-31": "$412", "2018-09-30": "$388", "2018-06-30": "$503", "2018-03-31": "$556", "2017-12-31": "$581", "2017-09-30": "$558", "2017-06-30": "$564", "2017-03-31": "$556", "2016-12-31": "$587", "2016-09-30": "$579", "2016-06-30": "$595", "2016-03-31": "$537", "2015-12-31": "$654", "2015-09-30": "$718", "2015-06-30": "$770", "2015-03-31": "$758", "2014-12-31": "$782", "2014-09-30": "$835", "2014-06-30": "$787", "2014-03-31": "$786", "2013-12-31": "$813", "2013-09-30": "$735", "2013-06-30": "$772", "2013-03-31": "$729", "2012-12-31": "$685", "2012-09-30": "$623", "2012-06-30": "$643", "2012-03-31": "$617", "2011-12-31": "$632", "2011-09-30": "$688", "2011-06-30": "$683", "2011-03-31": "$629", "2010-12-31": "$659", "2010-09-30": "$509", "2010-06-30": "$522", "2010-03-31": "$461", "2009-12-31": "$467", "2009-09-30": "$385", "2009-06-30": "$326", "2009-03-31": "$223", "2008-12-31": "$268", "2008-09-30": "$412", "2008-06-30": "$532", "2008-03-31": "$519", "2007-12-31": "$636", "2007-09-30": "$541", "2007-06-30": "$519", "2007-03-31": "$499", "2006-12-31": "$508", "2006-09-30": "$427", "2006-06-30": "$452", "2006-03-31": "$350", "2005-12-31": "$405", "2005-09-30": "$369", "2005-06-30": "$346", "2005-03-31": "$273"}}, "ebitda": {"Franklin Resources Annual EBITDA (Millions of US $)": {"2020": "$1,258", "2019": "$1,646", "2018": "$2,185", "2017": "$2,417", "2016": "$2,528", "2015": "$3,238", "2014": "$3,444", "2013": "$3,153", "2012": "$2,727", "2011": "$2,903", "2010": "$2,226", "2009": "$1,384", "2008": "$2,314", "2007": "$2,266", "2006": "$1,849", "2005": "$1,501"}, "Franklin Resources Quarterly EBITDA (Millions of US $)": {"2020-12-31": "$508", "2020-09-30": "$143", "2020-06-30": "$295", "2020-03-31": "$401", "2019-12-31": "$420", "2019-09-30": "$353", "2019-06-30": "$421", "2019-03-31": "$419", "2018-12-31": "$454", "2018-09-30": "$426", "2018-06-30": "$544", "2018-03-31": "$595", "2017-12-31": "$621", "2017-09-30": "$595", "2017-06-30": "$605", "2017-03-31": "$593", "2016-12-31": "$624", "2016-09-30": "$618", "2016-06-30": "$636", "2016-03-31": "$575", "2015-12-31": "$699", "2015-09-30": "$769", "2015-06-30": "$821", "2015-03-31": "$811", "2014-12-31": "$837", "2014-09-30": "$888", "2014-06-30": "$840", "2014-03-31": "$844", "2013-12-31": "$872", "2013-09-30": "$793", "2013-06-30": "$830", "2013-03-31": "$790", "2012-12-31": "$739", "2012-09-30": "$672", "2012-06-30": "$697", "2012-03-31": "$673", "2011-12-31": "$685", "2011-09-30": "$750", "2011-06-30": "$741", "2011-03-31": "$691", "2010-12-31": "$722", "2010-09-30": "$576", "2010-06-30": "$591", "2010-03-31": "$526", "2009-12-31": "$533", "2009-09-30": "$436", "2009-06-30": "$367", "2009-03-31": "$266", "2008-12-31": "$315", "2008-09-30": "$470", "2008-06-30": "$584", "2008-03-31": "$572", "2007-12-31": "$688", "2007-09-30": "$573", "2007-06-30": "$578", "2007-03-31": "$555", "2006-12-31": "$561", "2006-09-30": "$481", "2006-06-30": "$505", "2006-03-31": "$404", "2005-12-31": "$458", "2005-09-30": "$434", "2005-06-30": "$395", "2005-03-31": "$323"}}, "net-income": {"Franklin Resources Annual Net Income (Millions of US $)": {"2020": "$784", "2019": "$1,185", "2018": "$747", "2017": "$1,684", "2016": "$1,716", "2015": "$2,023", "2014": "$2,370", "2013": "$2,136", "2012": "$1,920", "2011": "$1,915", "2010": "$1,438", "2009": "$890", "2008": "$1,578", "2007": "$1,773", "2006": "$1,268", "2005": "$1,058"}, "Franklin Resources Quarterly Net Income (Millions of US $)": {"2020-12-31": "$331", "2020-09-30": "$74", "2020-06-30": "$286", "2020-03-31": "$77", "2019-12-31": "$346", "2019-09-30": "$304", "2019-06-30": "$243", "2019-03-31": "$364", "2018-12-31": "$273", "2018-09-30": "$489", "2018-06-30": "$399", "2018-03-31": "$443", "2017-12-31": "$-584", "2017-09-30": "$423", "2017-06-30": "$407", "2017-03-31": "$417", "2016-12-31": "$437", "2016-09-30": "$470", "2016-06-30": "$443", "2016-03-31": "$358", "2015-12-31": "$445", "2015-09-30": "$354", "2015-06-30": "$504", "2015-03-31": "$603", "2014-12-31": "$563", "2014-09-30": "$638", "2014-06-30": "$575", "2014-03-31": "$557", "2013-12-31": "$600", "2013-09-30": "$499", "2013-06-30": "$548", "2013-03-31": "$573", "2012-12-31": "$516", "2012-09-30": "$490", "2012-06-30": "$452", "2012-03-31": "$500", "2011-12-31": "$477", "2011-09-30": "$415", "2011-06-30": "$500", "2011-03-31": "$500", "2010-12-31": "$499", "2010-09-30": "$373", "2010-06-30": "$358", "2010-03-31": "$355", "2009-12-31": "$352", "2009-09-30": "$365", "2009-06-30": "$295", "2009-03-31": "$110", "2008-12-31": "$120", "2008-09-30": "$291", "2008-06-30": "$403", "2008-03-31": "$366", "2007-12-31": "$518", "2007-09-30": "$437", "2007-06-30": "$468", "2007-03-31": "$441", "2006-12-31": "$427", "2006-09-30": "$382", "2006-06-30": "$371", "2006-03-31": "$197", "2005-12-31": "$318", "2005-09-30": "$334", "2005-06-30": "$262", "2005-03-31": "$221"}}, "eps-earnings-per-share-diluted": {"Franklin Resources Annual EPS": {"2020": "$1.59", "2019": "$2.35", "2018": "$1.39", "2017": "$3.01", "2016": "$2.94", "2015": "$3.29", "2014": "$3.79", "2013": "$3.37", "2012": "$2.98", "2011": "$2.87", "2010": "$2.11", "2009": "$1.28", "2008": "$2.21", "2007": "$2.34", "2006": "$1.62", "2005": "$1.35"}, "Franklin Resources Quarterly EPS": {"2020-12-31": "$0.67", "2020-09-30": "$0.15", "2020-06-30": "$0.58", "2020-03-31": "$0.16", "2019-12-31": "$0.70", "2019-09-30": "$0.61", "2019-06-30": "$0.48", "2019-03-31": "$0.72", "2018-12-31": "$0.54", "2018-09-30": "$0.92", "2018-06-30": "$0.75", "2018-03-31": "$0.78", "2017-12-31": "$-1.06", "2017-09-30": "$0.77", "2017-06-30": "$0.73", "2017-03-31": "$0.74", "2016-12-31": "$0.77", "2016-09-30": "$0.82", "2016-06-30": "$0.77", "2016-03-31": "$0.61", "2015-12-31": "$0.74", "2015-09-30": "$0.58", "2015-06-30": "$0.82", "2015-03-31": "$0.98", "2014-12-31": "$0.91", "2014-09-30": "$1.02", "2014-06-30": "$0.92", "2014-03-31": "$0.89", "2013-12-31": "$0.96", "2013-09-30": "$0.80", "2013-06-30": "$0.86", "2013-03-31": "$0.90", "2012-12-31": "$0.81", "2012-09-30": "$0.76", "2012-06-30": "$0.71", "2012-03-31": "$0.77", "2011-12-31": "$0.73", "2011-09-30": "$0.62", "2011-06-30": "$0.75", "2011-03-31": "$0.75", "2010-12-31": "$0.74", "2010-09-30": "$0.55", "2010-06-30": "$0.53", "2010-03-31": "$0.52", "2009-12-31": "$0.51", "2009-09-30": "$0.53", "2009-06-30": "$0.43", "2009-03-31": "$0.16", "2008-12-31": "$0.17", "2008-09-30": "$0.42", "2008-06-30": "$0.57", "2008-03-31": "$0.51", "2007-12-31": "$0.71", "2007-09-30": "$0.59", "2007-06-30": "$0.62", "2007-03-31": "$0.58", "2006-12-31": "$0.56", "2006-09-30": "$0.50", "2006-06-30": "$0.47", "2006-03-31": "$0.25", "2005-12-31": "$0.40", "2005-09-30": "$0.43", "2005-06-30": "$0.33", "2005-03-31": "$0.28"}}, "shares-outstanding": {"Franklin Resources Annual Shares Outstanding (Millions of Shares)": {"2020": "492", "2019": "504", "2018": "538", "2017": "559", "2016": "584", "2015": "615", "2014": "625", "2013": "634", "2012": "643", "2011": "666", "2010": "682", "2009": "694", "2008": "715", "2007": "756", "2006": "785", "2005": "788"}, "Franklin Resources Quarterly Shares Outstanding (Millions of Shares)": {"2020-12-31": "492", "2020-09-30": "492", "2020-06-30": "491", "2020-03-31": "492", "2019-12-31": "495", "2019-09-30": "504", "2019-06-30": "502", "2019-03-31": "505", "2018-12-31": "511", "2018-09-30": "538", "2018-06-30": "534", "2018-03-31": "546", "2017-12-31": "551", "2017-09-30": "559", "2017-06-30": "557", "2017-03-31": "561", "2016-12-31": "565", "2016-09-30": "584", "2016-06-30": "579", "2016-03-31": "587", "2015-12-31": "598", "2015-09-30": "615", "2015-06-30": "614", "2015-03-31": "618", "2014-12-31": "620", "2014-09-30": "625", "2014-06-30": "624", "2014-03-31": "627", "2013-12-31": "629", "2013-09-30": "634", "2013-06-30": "634", "2013-03-31": "635", "2012-12-31": "635", "2012-09-30": "643", "2012-06-30": "641", "2012-03-31": "645", "2011-12-31": "650", "2011-09-30": "666", "2011-06-30": "664", "2011-03-31": "668", "2010-12-31": "673", "2010-09-30": "682", "2010-06-30": "680", "2010-03-31": "685", "2009-12-31": "688", "2009-09-30": "694", "2009-06-30": "692", "2009-03-31": "696", "2008-12-31": "698", "2008-09-30": "715", "2008-06-30": "709", "2008-03-31": "715", "2007-12-31": "732", "2007-09-30": "756", "2007-06-30": "754", "2007-03-31": "765", "2006-12-31": "767", "2006-09-30": "785", "2006-06-30": "789", "2006-03-31": "796", "2005-12-31": "795", "2005-09-30": "788", "2005-06-30": "789", "2005-03-31": "790"}}, "total-assets": {"Franklin Resources Annual Total Assets (Millions of US $)": {"2020": "$20,221", "2019": "$14,532", "2018": "$14,384", "2017": "$17,534", "2016": "$16,099", "2015": "$16,336", "2014": "$16,357", "2013": "$15,390", "2012": "$14,752", "2011": "$13,776", "2010": "$10,708", "2009": "$9,468", "2008": "$9,177", "2007": "$9,932", "2006": "$9,500", "2005": "$8,894"}, "Franklin Resources Quarterly Total Assets (Millions of US $)": {"2020-12-31": "$21,230", "2020-09-30": "$20,221", "2020-06-30": "$15,617", "2020-03-31": "$14,666", "2019-12-31": "$15,002", "2019-09-30": "$14,532", "2019-06-30": "$14,463", "2019-03-31": "$14,239", "2018-12-31": "$13,951", "2018-09-30": "$14,384", "2018-06-30": "$15,528", "2018-03-31": "$17,690", "2017-12-31": "$18,074", "2017-09-30": "$17,534", "2017-06-30": "$17,476", "2017-03-31": "$17,210", "2016-12-31": "$16,210", "2016-09-30": "$16,099", "2016-06-30": "$15,998", "2016-03-31": "$15,891", "2015-12-31": "$16,156", "2015-09-30": "$16,336", "2015-06-30": "$16,670", "2015-03-31": "$16,491", "2014-12-31": "$16,297", "2014-09-30": "$16,357", "2014-06-30": "$16,692", "2014-03-31": "$16,137", "2013-12-31": "$15,909", "2013-09-30": "$15,390", "2013-06-30": "$15,317", "2013-03-31": "$14,810", "2012-12-31": "$14,354", "2012-09-30": "$14,752", "2012-06-30": "$13,634", "2012-03-31": "$13,663", "2011-12-31": "$13,405", "2011-09-30": "$13,776", "2011-06-30": "$13,151", "2011-03-31": "$12,827", "2010-12-31": "$12,392", "2010-09-30": "$10,708", "2010-06-30": "$10,410", "2010-03-31": "$9,521", "2009-12-31": "$9,224", "2009-09-30": "$9,468", "2009-06-30": "$9,243", "2009-03-31": "$8,830", "2008-12-31": "$8,987", "2008-09-30": "$9,177", "2008-06-30": "$9,345", "2008-03-31": "$9,945", "2007-12-31": "$9,673", "2007-09-30": "$9,932", "2007-06-30": "$9,455", "2007-03-31": "$9,617", "2006-12-31": "$9,663", "2006-09-30": "$9,500", "2006-06-30": "$8,975", "2006-03-31": "$9,165", "2005-12-31": "$8,892", "2005-09-30": "$8,894", "2005-06-30": "$8,529", "2005-03-31": "$8,699"}}, "cash-on-hand": {"Franklin Resources Annual Cash on Hand (Millions of US $)": {"2020": "$3,958", "2019": "$5,958", "2018": "$6,911", "2017": "$8,750", "2016": "$8,483", "2015": "$8,368", "2014": "$7,596", "2013": "$6,323", "2012": "$6,051", "2011": "$5,199", "2010": "$4,124", "2009": "$3,104", "2008": "$2,528", "2007": "$3,584", "2006": "$3,613", "2005": "$3,152"}, "Franklin Resources Quarterly Cash on Hand (Millions of US $)": {"2020-12-31": "$4,420", "2020-09-30": "$3,958", "2020-06-30": "$6,976", "2020-03-31": "$6,036", "2019-12-31": "$5,976", "2019-09-30": "$5,958", "2019-06-30": "$5,758", "2019-03-31": "$5,946", "2018-12-31": "$6,659", "2018-09-30": "$6,911", "2018-06-30": "$6,654", "2018-03-31": "$8,727", "2017-12-31": "$8,970", "2017-09-30": "$8,750", "2017-06-30": "$8,786", "2017-03-31": "$8,776", "2016-12-31": "$8,455", "2016-09-30": "$8,483", "2016-06-30": "$8,242", "2016-03-31": "$8,041", "2015-12-31": "$8,269", "2015-09-30": "$8,368", "2015-06-30": "$8,426", "2015-03-31": "$8,122", "2014-12-31": "$7,885", "2014-09-30": "$7,596", "2014-06-30": "$7,698", "2014-03-31": "$6,911", "2013-12-31": "$6,634", "2013-09-30": "$6,323", "2013-06-30": "$6,232", "2013-03-31": "$5,556", "2012-12-31": "$5,243", "2012-09-30": "$6,051", "2012-06-30": "$5,385", "2012-03-31": "$5,079", "2011-12-31": "$4,912", "2011-09-30": "$5,199", "2011-06-30": "$4,720", "2011-03-31": "$4,668", "2010-12-31": "$4,321", "2010-09-30": "$4,124", "2010-06-30": "$3,991", "2010-03-31": "$3,024", "2009-12-31": "$2,850", "2009-09-30": "$3,104", "2009-06-30": "$2,371", "2009-03-31": "$2,444", "2008-12-31": "$2,837", "2008-09-30": "$2,528", "2008-06-30": "$3,044", "2008-03-31": "$3,664", "2007-12-31": "$2,882", "2007-09-30": "$3,584", "2007-06-30": "$3,576", "2007-03-31": "$3,979", "2006-12-31": "$4,006", "2006-09-30": "$3,613", "2006-06-30": "$3,413", "2006-03-31": "$3,750", "2005-12-31": "$3,626", "2005-09-30": "$3,152", "2005-06-30": "$2,952", "2005-03-31": "$3,197"}}, "long-term-debt": {"Franklin Resources Annual Long Term Debt (Millions of US $)": {"2020": "$4,351", "2019": "$748", "2018": "$729", "2017": "$1,098", "2016": "$2,083", "2015": "$2,155", "2014": "$2,149", "2013": "$2,295", "2012": "$2,777", "2011": "$2,169", "2010": "$899", "2009": "$", "2008": "$118", "2007": "$162", "2006": "$628", "2005": "$1,208"}, "Franklin Resources Quarterly Long Term Debt (Millions of US $)": {"2020-12-31": "$5,130", "2020-09-30": "$4,351", "2020-06-30": "$1,383", "2020-03-31": "$1,311", "2019-12-31": "$796", "2019-09-30": "$748", "2019-06-30": "$729", "2019-03-31": "$731", "2018-12-31": "$730", "2018-09-30": "$729", "2018-06-30": "$730", "2018-03-31": "$1,079", "2017-12-31": "$1,096", "2017-09-30": "$1,098", "2017-06-30": "$1,428", "2017-03-31": "$1,680", "2016-12-31": "$1,735", "2016-09-30": "$2,083", "2016-06-30": "$2,164", "2016-03-31": "$2,166", "2015-12-31": "$2,120", "2015-09-30": "$2,155", "2015-06-30": "$2,204", "2015-03-31": "$2,478", "2014-12-31": "$2,100", "2014-09-30": "$2,149", "2014-06-30": "$2,190", "2014-03-31": "$2,229", "2013-12-31": "$2,257", "2013-09-30": "$2,295", "2013-06-30": "$2,390", "2013-03-31": "$2,423", "2012-12-31": "$2,463", "2012-09-30": "$2,777", "2012-06-30": "$1,557", "2012-03-31": "$1,878", "2011-12-31": "$1,798", "2011-09-30": "$2,169", "2011-06-30": "$1,980", "2011-03-31": "$2,030", "2010-12-31": "$2,072", "2010-09-30": "$899", "2010-06-30": "$899", "2010-03-31": "", "2009-12-31": "", "2009-09-30": "", "2009-06-30": "$84", "2009-03-31": "$95", "2008-12-31": "$105", "2008-09-30": "$118", "2008-06-30": "$130", "2008-03-31": "$141", "2007-12-31": "$152", "2007-09-30": "$162", "2007-06-30": "$172", "2007-03-31": "$603", "2006-12-31": "$613", "2006-09-30": "$628", "2006-06-30": "$639", "2006-03-31": "$866", "2005-12-31": "$905", "2005-09-30": "$1,208", "2005-06-30": "$1,215", "2005-03-31": "$1,223"}}, "total-liabilities": {"Franklin Resources Annual Total Liabilities (Millions of US $)": {"2020": "$9,247", "2019": "$3,908", "2018": "$4,176", "2017": "$4,598", "2016": "$3,571", "2015": "$3,840", "2014": "$4,145", "2013": "$4,705", "2012": "$4,991", "2011": "$4,672", "2010": "$2,978", "2009": "$1,834", "2008": "$2,102", "2007": "$2,600", "2006": "$2,815", "2005": "$3,210"}, "Franklin Resources Quarterly Total Liabilities (Millions of US $)": {"2020-12-31": "$9,809", "2020-09-30": "$9,247", "2020-06-30": "$4,613", "2020-03-31": "$3,913", "2019-12-31": "$4,167", "2019-09-30": "$3,908", "2019-06-30": "$3,898", "2019-03-31": "$3,740", "2018-12-31": "$3,874", "2018-09-30": "$4,176", "2018-06-30": "$5,338", "2018-03-31": "$7,288", "2017-12-31": "$5,994", "2017-09-30": "$4,598", "2017-06-30": "$4,771", "2017-03-31": "$4,737", "2016-12-31": "$3,963", "2016-09-30": "$3,571", "2016-06-30": "$3,626", "2016-03-31": "$3,487", "2015-12-31": "$3,735", "2015-09-30": "$3,840", "2015-06-30": "$3,956", "2015-03-31": "$4,062", "2014-12-31": "$4,142", "2014-09-30": "$4,145", "2014-06-30": "$4,771", "2014-03-31": "$4,664", "2013-12-31": "$4,825", "2013-09-30": "$4,705", "2013-06-30": "$4,915", "2013-03-31": "$4,732", "2012-12-31": "$4,819", "2012-09-30": "$4,991", "2012-06-30": "$4,327", "2012-03-31": "$4,309", "2011-12-31": "$4,472", "2011-09-30": "$4,672", "2011-06-30": "$4,388", "2011-03-31": "$4,408", "2010-12-31": "$4,259", "2010-09-30": "$2,978", "2010-06-30": "$2,980", "2010-03-31": "$2,133", "2009-12-31": "$2,087", "2009-09-30": "$1,834", "2009-06-30": "$1,899", "2009-03-31": "$1,782", "2008-12-31": "$1,949", "2008-09-30": "$2,102", "2008-06-30": "$2,189", "2008-03-31": "$2,961", "2007-12-31": "$2,660", "2007-09-30": "$2,600", "2007-06-30": "$2,443", "2007-03-31": "$2,586", "2006-12-31": "$2,546", "2006-09-30": "$2,815", "2006-06-30": "$2,668", "2006-03-31": "$2,622", "2005-12-31": "$2,599", "2005-09-30": "$3,210", "2005-06-30": "$3,227", "2005-03-31": "$3,638"}}, "total-share-holder-equity": {"Franklin Resources Annual Share Holder Equity (Millions of US $)": {"2020": "$10,974", "2019": "$10,624", "2018": "$10,208", "2017": "$12,936", "2016": "$12,528", "2015": "$12,496", "2014": "$12,212", "2013": "$10,686", "2012": "$9,761", "2011": "$9,104", "2010": "$7,730", "2009": "$7,634", "2008": "$7,074", "2007": "$7,332", "2006": "$6,685", "2005": "$5,684"}, "Franklin Resources Quarterly Share Holder Equity (Millions of US $)": {"2020-12-31": "$11,421", "2020-09-30": "$10,974", "2020-06-30": "$11,004", "2020-03-31": "$10,754", "2019-12-31": "$10,834", "2019-09-30": "$10,624", "2019-06-30": "$10,566", "2019-03-31": "$10,499", "2018-12-31": "$10,077", "2018-09-30": "$10,208", "2018-06-30": "$10,190", "2018-03-31": "$10,402", "2017-12-31": "$12,081", "2017-09-30": "$12,936", "2017-06-30": "$12,705", "2017-03-31": "$12,473", "2016-12-31": "$12,247", "2016-09-30": "$12,528", "2016-06-30": "$12,372", "2016-03-31": "$12,404", "2015-12-31": "$12,421", "2015-09-30": "$12,496", "2015-06-30": "$12,714", "2015-03-31": "$12,430", "2014-12-31": "$12,155", "2014-09-30": "$12,212", "2014-06-30": "$11,921", "2014-03-31": "$11,473", "2013-12-31": "$11,084", "2013-09-30": "$10,686", "2013-06-30": "$10,402", "2013-03-31": "$10,078", "2012-12-31": "$9,535", "2012-09-30": "$9,761", "2012-06-30": "$9,307", "2012-03-31": "$9,353", "2011-12-31": "$8,933", "2011-09-30": "$9,104", "2011-06-30": "$8,763", "2011-03-31": "$8,419", "2010-12-31": "$8,133", "2010-09-30": "$7,730", "2010-06-30": "$7,430", "2010-03-31": "$7,387", "2009-12-31": "$7,137", "2009-09-30": "$7,634", "2009-06-30": "$7,344", "2009-03-31": "$7,049", "2008-12-31": "$7,038", "2008-09-30": "$7,074", "2008-06-30": "$7,156", "2008-03-31": "$6,984", "2007-12-31": "$7,013", "2007-09-30": "$7,332", "2007-06-30": "$7,012", "2007-03-31": "$7,031", "2006-12-31": "$7,117", "2006-09-30": "$6,685", "2006-06-30": "$6,306", "2006-03-31": "$6,543", "2005-12-31": "$6,293", "2005-09-30": "$5,684", "2005-06-30": "$5,302", "2005-03-31": "$5,061"}}, "profit-margins": {"current": "12.75%"}, "gross margin": {"2020-12-31": "100.00%", "2020-09-30": "100.00%", "2020-06-30": "100.00%", "2020-03-31": "100.00%", "2019-12-31": "100.00%", "2019-09-30": "100.00%", "2019-06-30": "100.00%", "2019-03-31": "100.00%", "2018-12-31": "100.00%", "2018-09-30": "100.00%", "2018-06-30": "100.00%", "2018-03-31": "100.00%", "2017-12-31": "100.00%", "2017-09-30": "100.00%", "2017-06-30": "100.00%", "2017-03-31": "100.00%", "2016-12-31": "100.00%", "2016-09-30": "100.00%", "2016-06-30": "100.00%", "2016-03-31": "100.00%", "2015-12-31": "100.00%", "2015-09-30": "100.00%", "2015-06-30": "100.00%", "2015-03-31": "100.00%", "2014-12-31": "100.00%", "2014-09-30": "100.00%", "2014-06-30": "100.00%", "2014-03-31": "100.00%", "2013-12-31": "100.00%", "2013-09-30": "100.00%", "2013-06-30": "100.00%", "2013-03-31": "100.00%", "2012-12-31": "100.00%", "2012-09-30": "100.00%", "2012-06-30": "100.00%", "2012-03-31": "100.00%", "2011-12-31": "100.00%", "2011-09-30": "100.00%", "2011-06-30": "100.00%", "2011-03-31": "100.00%", "2010-12-31": "100.00%", "2010-09-30": "90.86%", "2010-06-30": "90.38%", "2010-03-31": "82.64%", "2009-12-31": "74.38%", "2009-09-30": "77.75%", "2009-06-30": "68.69%", "2009-03-31": "68.65%", "2008-12-31": "68.51%", "2008-09-30": "67.88%", "2008-06-30": "67.12%", "2008-03-31": "66.12%", "2007-12-31": "65.41%", "2007-09-30": "65.18%", "2007-06-30": "65.53%", "2007-03-31": "66.51%", "2006-12-31": "67.19%", "2006-09-30": "67.52%", "2006-06-30": "67.23%", "2006-03-31": "67.28%", "2005-12-31": "67.26%"}, "operating margin": {"2020-12-31": "17.58%", "2020-09-30": "18.85%", "2020-06-30": "24.40%", "2020-03-31": "25.31%", "2019-12-31": "25.31%", "2019-09-30": "25.87%", "2019-06-30": "27.09%", "2019-03-31": "28.91%", "2018-12-31": "30.96%", "2018-09-30": "32.68%", "2018-06-30": "34.29%", "2018-03-31": "34.94%", "2017-12-31": "35.03%", "2017-09-30": "35.43%", "2017-06-30": "35.79%", "2017-03-31": "36.16%", "2016-12-31": "35.79%", "2016-09-30": "35.74%", "2016-06-30": "36.40%", "2016-03-31": "36.97%", "2015-12-31": "37.94%", "2015-09-30": "38.09%", "2015-06-30": "38.21%", "2015-03-31": "37.82%", "2014-12-31": "37.76%", "2014-09-30": "37.93%", "2014-06-30": "37.50%", "2014-03-31": "37.53%", "2013-12-31": "37.21%", "2013-09-30": "36.58%", "2013-06-30": "35.93%", "2013-03-31": "35.66%", "2012-12-31": "35.17%", "2012-09-30": "35.42%", "2012-06-30": "36.23%", "2012-03-31": "36.43%", "2011-12-31": "36.85%", "2011-09-30": "37.24%", "2011-06-30": "36.31%", "2011-03-31": "35.61%", "2010-12-31": "34.83%", "2010-09-30": "33.48%", "2010-06-30": "32.99%", "2010-03-31": "32.12%", "2009-12-31": "30.44%", "2009-09-30": "28.66%", "2009-06-30": "28.74%", "2009-03-31": "30.38%", "2008-12-31": "32.56%", "2008-09-30": "34.79%", "2008-06-30": "35.14%", "2008-03-31": "34.29%", "2007-12-31": "33.96%", "2007-09-30": "33.31%", "2007-06-30": "33.25%", "2007-03-31": "33.98%", "2006-12-31": "32.79%", "2006-09-30": "32.36%", "2006-06-30": "32.06%", "2006-03-31": "31.22%", "2005-12-31": "30.92%"}, "ebitda margin": {"2020-12-31": "21.81%", "2020-09-30": "22.60%", "2020-06-30": "27.92%", "2020-03-31": "28.73%", "2019-12-31": "28.56%", "2019-09-30": "29.03%", "2019-06-30": "29.97%", "2019-03-31": "31.66%", "2018-12-31": "33.62%", "2018-09-30": "35.22%", "2018-06-30": "36.74%", "2018-03-31": "37.35%", "2017-12-31": "37.42%", "2017-09-30": "37.79%", "2017-06-30": "38.18%", "2017-03-31": "38.56%", "2016-12-31": "38.20%", "2016-09-30": "38.20%", "2016-06-30": "38.94%", "2016-03-31": "39.52%", "2015-12-31": "40.56%", "2015-09-30": "40.73%", "2015-06-30": "40.78%", "2015-03-31": "40.38%", "2014-12-31": "40.36%", "2014-09-30": "40.55%", "2014-06-30": "40.24%", "2014-03-31": "40.35%", "2013-12-31": "40.09%", "2013-09-30": "39.47%", "2013-06-30": "38.77%", "2013-03-31": "38.56%", "2012-12-31": "38.09%", "2012-09-30": "38.40%", "2012-06-30": "39.39%", "2012-03-31": "39.62%", "2011-12-31": "40.14%", "2011-09-30": "40.67%", "2011-06-30": "39.96%", "2011-03-31": "39.62%", "2010-12-31": "39.11%", "2010-09-30": "38.04%", "2010-06-30": "37.50%", "2010-03-31": "36.49%", "2009-12-31": "34.81%", "2009-09-30": "33.00%", "2009-06-30": "33.16%", "2009-03-31": "34.61%", "2008-12-31": "36.51%", "2008-09-30": "38.36%", "2008-06-30": "38.12%", "2008-03-31": "37.33%", "2007-12-31": "37.04%", "2007-09-30": "36.53%", "2007-06-30": "37.03%", "2007-03-31": "37.87%", "2006-12-31": "36.83%", "2006-09-30": "36.59%", "2006-06-30": "36.64%", "2006-03-31": "35.91%", "2005-12-31": "35.74%"}, "pre tax profit margin": {"2020-12-31": "17.98%", "2020-09-30": "18.31%", "2020-06-30": "23.09%", "2020-03-31": "24.48%", "2019-12-31": "30.97%", "2019-09-30": "29.08%", "2019-06-30": "30.26%", "2019-03-31": "30.41%", "2018-12-31": "31.81%", "2018-09-30": "35.69%", "2018-06-30": "37.29%", "2018-03-31": "40.02%", "2017-12-31": "40.04%", "2017-09-30": "39.89%", "2017-06-30": "39.57%", "2017-03-31": "39.53%", "2016-12-31": "38.12%", "2016-09-30": "37.78%", "2016-06-30": "35.76%", "2016-03-31": "35.35%", "2015-12-31": "37.66%", "2015-09-30": "38.09%", "2015-06-30": "40.31%", "2015-03-31": "41.27%", "2014-12-31": "40.06%", "2014-09-30": "40.16%", "2014-06-30": "39.04%", "2014-03-31": "37.90%", "2013-12-31": "38.56%", "2013-09-30": "37.90%", "2013-06-30": "38.13%", "2013-03-31": "37.57%", "2012-12-31": "36.97%", "2012-09-30": "37.71%", "2012-06-30": "35.96%", "2012-03-31": "36.62%", "2011-12-31": "36.71%", "2011-09-30": "36.76%", "2011-06-30": "38.30%", "2011-03-31": "37.22%", "2010-12-31": "36.49%", "2010-09-30": "35.36%", "2010-06-30": "36.53%", "2010-03-31": "38.41%", "2009-12-31": "35.38%", "2009-09-30": "30.73%", "2009-06-30": "28.98%", "2009-03-31": "29.00%", "2008-12-31": "32.22%", "2008-09-30": "37.25%", "2008-06-30": "37.88%", "2008-03-31": "38.44%", "2007-12-31": "39.79%", "2007-09-30": "39.74%", "2007-06-30": "39.82%", "2007-03-31": "39.51%", "2006-12-31": "37.76%", "2006-09-30": "36.36%", "2006-06-30": "35.84%", "2006-03-31": "34.76%", "2005-12-31": "33.83%"}, "net profit margin": {"2020-12-31": "12.44%", "2020-09-30": "14.07%", "2020-06-30": "19.25%", "2020-03-31": "17.47%", "2019-12-31": "22.26%", "2019-09-30": "20.88%", "2019-06-30": "23.87%", "2019-03-31": "26.21%", "2018-12-31": "26.72%", "2018-09-30": "12.04%", "2018-06-30": "10.62%", "2018-03-31": "10.66%", "2017-12-31": "10.28%", "2017-09-30": "26.34%", "2017-06-30": "27.10%", "2017-03-31": "27.57%", "2016-12-31": "26.60%", "2016-09-30": "25.93%", "2016-06-30": "23.26%", "2016-03-31": "22.92%", "2015-12-31": "24.94%", "2015-09-30": "25.46%", "2015-06-30": "28.04%", "2015-03-31": "28.45%", "2014-12-31": "27.62%", "2014-09-30": "27.91%", "2014-06-30": "26.81%", "2014-03-31": "26.63%", "2013-12-31": "27.09%", "2013-09-30": "26.75%", "2013-06-30": "27.21%", "2013-03-31": "27.02%", "2012-12-31": "26.82%", "2012-09-30": "27.02%", "2012-06-30": "25.89%", "2012-03-31": "26.31%", "2011-12-31": "26.49%", "2011-09-30": "26.81%", "2011-06-30": "27.40%", "2011-03-31": "26.57%", "2010-12-31": "25.67%", "2010-09-30": "24.57%", "2010-06-30": "25.71%", "2010-03-31": "26.79%", "2009-12-31": "24.38%", "2009-09-30": "21.22%", "2009-06-30": "19.08%", "2009-03-31": "19.56%", "2008-12-31": "22.20%", "2008-09-30": "26.16%", "2008-06-30": "27.19%", "2008-03-31": "27.70%", "2007-12-31": "28.84%", "2007-09-30": "28.57%", "2007-06-30": "29.25%", "2007-03-31": "29.20%", "2006-12-31": "26.00%", "2006-09-30": "25.11%", "2006-06-30": "24.82%", "2006-03-31": "23.59%", "2005-12-31": "25.19%"}, "pe ratio": {"current": "10.05", "2021-02-11": "30.24", "2020-12-31": "27.77", "2020-09-30": "12.58", "2020-06-30": "9.80", "2020-03-31": "8.24", "2019-12-31": "9.82", "2019-09-30": "11.53", "2019-06-30": "11.99", "2019-03-31": "10.31", "2018-12-31": "8.97", "2018-09-30": "19.31", "2018-06-30": "23.49", "2018-03-31": "25.65", "2017-12-31": "30.28", "2017-09-30": "12.07", "2017-06-30": "11.85", "2017-03-31": "10.96", "2016-12-31": "10.69", "2016-09-30": "9.66", "2016-06-30": "9.78", "2016-03-31": "11.17", "2015-12-31": "9.25", "2015-09-30": "8.83", "2015-06-30": "10.24", "2015-03-31": "10.41", "2014-12-31": "11.46", "2014-09-30": "11.03", "2014-06-30": "12.38", "2014-03-31": "11.77", "2013-12-31": "12.49", "2013-09-30": "11.41", "2013-06-30": "10.30", "2013-03-31": "11.95", "2012-12-31": "10.34", "2012-09-30": "10.28", "2012-06-30": "9.56", "2012-03-31": "10.49", "2011-12-31": "8.17", "2011-09-30": "7.91", "2011-06-30": "11.13", "2011-03-31": "11.52", "2010-12-31": "11.24", "2010-09-30": "11.95", "2010-06-30": "9.70", "2010-03-31": "13.05", "2009-12-31": "15.07", "2009-09-30": "17.58", "2009-06-30": "13.64", "2009-03-31": "9.11", "2008-12-31": "8.49", "2008-09-30": "8.87", "2008-06-30": "8.63", "2008-03-31": "8.86", "2007-12-31": "10.17", "2007-09-30": "12.02", "2007-06-30": "12.99", "2007-03-31": "12.77", "2006-12-31": "13.80"}, "price sales": {"2021-02-11": "2.17", "2020-12-31": "1.99", "2020-09-30": "1.78", "2020-06-30": "1.90", "2020-03-31": "1.44", "2019-12-31": "2.19", "2019-09-30": "2.42", "2019-06-30": "2.90", "2019-03-31": "2.75", "2018-12-31": "2.41", "2018-09-30": "2.41", "2018-06-30": "2.47", "2018-03-31": "2.66", "2017-12-31": "3.06", "2017-09-30": "3.17", "2017-06-30": "3.22", "2017-03-31": "3.03", "2016-12-31": "2.86", "2016-09-30": "2.52", "2016-06-30": "2.29", "2016-03-31": "2.57", "2015-12-31": "2.32", "2015-09-30": "2.26", "2015-06-30": "2.87", "2015-03-31": "2.96", "2014-12-31": "3.17", "2014-09-30": "3.08", "2014-06-30": "3.33", "2014-03-31": "3.15", "2013-12-31": "3.39", "2013-09-30": "3.05", "2013-06-30": "2.80", "2013-03-31": "3.23", "2012-12-31": "2.78", "2012-09-30": "2.78", "2012-06-30": "2.48", "2012-03-31": "2.76", "2011-12-31": "2.17", "2011-09-30": "2.13", "2011-06-30": "3.06", "2011-03-31": "3.07", "2010-12-31": "2.89", "2010-09-30": "2.94", "2010-06-30": "2.50", "2010-03-31": "3.51", "2009-12-31": "3.71", "2009-09-30": "3.78", "2009-06-30": "2.68", "2009-03-31": "1.82", "2008-12-31": "1.92", "2008-09-30": "2.35", "2008-06-30": "2.36", "2008-03-31": "2.48", "2007-12-31": "2.96", "2007-09-30": "3.47", "2007-06-30": "3.84", "2007-03-31": "3.75", "2006-12-31": "3.61"}, "price book": {"current": "1.18", "2021-02-11": "1.20", "2020-12-31": "1.11", "2020-09-30": "0.91", "2020-06-30": "0.91", "2020-03-31": "0.74", "2019-12-31": "1.13", "2019-09-30": "1.27", "2019-06-30": "1.54", "2019-03-31": "1.48", "2018-12-31": "1.38", "2018-09-30": "1.40", "2018-06-30": "1.50", "2018-03-31": "1.62", "2017-12-31": "1.62", "2017-09-30": "1.55", "2017-06-30": "1.59", "2017-03-31": "1.53", "2016-12-31": "1.47", "2016-09-30": "1.29", "2016-06-30": "1.24", "2016-03-31": "1.46", "2015-12-31": "1.39", "2015-09-30": "1.41", "2015-06-30": "1.85", "2015-03-31": "1.99", "2014-12-31": "2.20", "2014-09-30": "2.13", "2014-06-30": "2.32", "2014-03-31": "2.26", "2013-12-31": "2.50", "2013-09-30": "2.27", "2013-06-30": "2.10", "2013-03-31": "2.40", "2012-12-31": "2.11", "2012-09-30": "2.00", "2012-06-30": "1.86", "2012-03-31": "2.09", "2011-12-31": "1.70", "2011-09-30": "1.63", "2011-06-30": "2.35", "2011-03-31": "2.34", "2010-12-31": "2.16", "2010-09-30": "2.19", "2010-06-30": "1.84", "2010-03-31": "2.40", "2009-12-31": "2.37", "2009-09-30": "2.05", "2009-06-30": "1.54", "2009-03-31": "1.20", "2008-12-31": "1.43", "2008-09-30": "1.95", "2008-06-30": "2.02", "2008-03-31": "2.20", "2007-12-31": "2.62", "2007-09-30": "2.85", "2007-06-30": "3.10", "2007-03-31": "2.86", "2006-12-31": "2.61", "2006-09-30": "2.65", "2006-06-30": "2.31", "2006-03-31": "2.47"}, "price fcf": {"2021-02-11": "", "2020-12-31": "$2.41", "2020-09-30": "$1.86", "2020-06-30": "$1.15", "2020-03-31": "$-0.66", "2019-12-31": "$-0.50", "2019-09-30": "$-0.06", "2019-06-30": "$1.19", "2019-03-31": "$3.12", "2018-12-31": "$3.85", "2018-09-30": "$3.95", "2018-06-30": "$2.96", "2018-03-31": "$2.42", "2017-12-31": "$1.68", "2017-09-30": "$1.90", "2017-06-30": "$2.52", "2017-03-31": "$3.16", "2016-12-31": "$3.10", "2016-09-30": "$2.79", "2016-06-30": "$2.57", "2016-03-31": "$2.46", "2015-12-31": "$3.12", "2015-09-30": "$3.55", "2015-06-30": "$4.02", "2015-03-31": "$4.13", "2014-12-31": "$3.74", "2014-09-30": "$3.33", "2014-06-30": "$2.97", "2014-03-31": "$2.92", "2013-12-31": "$3.17", "2013-09-30": "$3.11", "2013-06-30": "$2.59", "2013-03-31": "$2.04", "2012-12-31": "$1.75", "2012-09-30": "$1.54", "2012-06-30": "$2.13", "2012-03-31": "$2.27", "2011-12-31": "$2.17", "2011-09-30": "$2.24", "2011-06-30": "$1.84", "2011-03-31": "$1.99", "2010-12-31": "$2.17", "2010-09-30": "$2.34", "2010-06-30": "$2.09", "2010-03-31": "$1.52", "2009-12-31": "$1.28", "2009-09-30": "$0.86", "2009-06-30": "$0.63", "2009-03-31": "$1.58", "2008-12-31": "$1.65", "2008-09-30": "$1.88", "2008-06-30": "$2.05", "2008-03-31": "$1.64", "2007-12-31": "$1.65", "2007-09-30": "$2.09", "2007-06-30": "$2.13", "2007-03-31": "$1.69", "2006-12-31": "$2.24"}, "net worth": {"value": "$13.45B"}, "current ratio": {"current": "2.10", "2020-12-31": "2.10", "2020-09-30": "1.74", "2020-06-30": "4.20", "2020-03-31": "3.90", "2019-12-31": "3.58", "2019-09-30": "3.05", "2019-06-30": "3.35", "2019-03-31": "3.54", "2018-12-31": "3.93", "2018-09-30": "3.41", "2018-06-30": "3.37", "2018-03-31": "2.46", "2017-12-31": "4.28", "2017-09-30": "8.20", "2017-06-30": "9.20", "2017-03-31": "10.39", "2016-12-31": "9.34", "2016-09-30": "9.30", "2016-06-30": "10.36", "2016-03-31": "9.87", "2015-12-31": "8.57", "2015-09-30": "8.24", "2015-06-30": "8.19", "2015-03-31": "8.78", "2014-12-31": "6.12", "2014-09-30": "7.09", "2014-06-30": "4.77", "2014-03-31": "4.74", "2013-12-31": "4.26", "2013-09-30": "4.42", "2013-06-30": "4.04", "2013-03-31": "4.05", "2012-12-31": "3.63", "2012-09-30": "3.88", "2012-06-30": "3.52", "2012-03-31": "4.51", "2011-12-31": "3.56", "2011-09-30": "3.14", "2011-06-30": "4.34", "2011-03-31": "3.92", "2010-12-31": "4.19", "2010-09-30": "4.59", "2010-06-30": "4.04", "2010-03-31": "3.46", "2009-12-31": "3.46", "2009-09-30": "4.27", "2009-06-30": "4.06", "2009-03-31": "4.00", "2008-12-31": "3.67", "2008-09-30": "3.50", "2008-06-30": "3.45", "2008-03-31": "2.62", "2007-12-31": "2.81", "2007-09-30": "2.99", "2007-06-30": "3.07", "2007-03-31": "3.77", "2006-12-31": "3.91", "2006-09-30": "3.27", "2006-06-30": "3.31", "2006-03-31": "4.13", "2005-12-31": "4.06", "2005-09-30": "3.34", "2005-06-30": "3.17", "2005-03-31": "2.58"}, "quick ratio": {"2020-12-31": "0.00", "2020-09-30": "0.00", "2020-06-30": "0.00", "2020-03-31": "0.00", "2019-12-31": "0.00", "2019-09-30": "0.00", "2019-06-30": "0.00", "2019-03-31": "0.00", "2018-12-31": "0.00", "2018-09-30": "0.00", "2018-06-30": "0.00", "2018-03-31": "0.00", "2017-12-31": "0.00", "2017-09-30": "0.00", "2017-06-30": "0.00", "2017-03-31": "0.00", "2016-12-31": "0.00", "2016-09-30": "0.00", "2016-06-30": "0.00", "2016-03-31": "0.00", "2015-12-31": "0.00", "2015-09-30": "0.00", "2015-06-30": "0.00", "2015-03-31": "0.00", "2014-12-31": "0.00", "2014-09-30": "0.00", "2014-06-30": "0.00", "2014-03-31": "0.00", "2013-12-31": "0.00", "2013-09-30": "0.00", "2013-06-30": "0.00", "2013-03-31": "0.00", "2012-12-31": "0.00", "2012-09-30": "0.00", "2012-06-30": "3.09", "2012-03-31": "3.93", "2011-12-31": "3.10", "2011-09-30": "0.00", "2011-06-30": "3.89", "2011-03-31": "3.53", "2010-12-31": "3.90", "2010-09-30": "4.36", "2010-06-30": "3.75", "2010-03-31": "3.16", "2009-12-31": "3.15", "2009-09-30": "3.85", "2009-06-30": "3.66", "2009-03-31": "3.71", "2008-12-31": "3.36", "2008-09-30": "3.22", "2008-06-30": "3.21", "2008-03-31": "2.51", "2007-12-31": "2.64", "2007-09-30": "2.81", "2007-06-30": "2.87", "2007-03-31": "3.53", "2006-12-31": "3.65", "2006-09-30": "3.07", "2006-06-30": "3.11", "2006-03-31": "3.90", "2005-12-31": "3.86", "2005-09-30": "3.19", "2005-06-30": "3.01", "2005-03-31": "2.46"}, "debt equity ratio": {"current": "0.45", "2020-12-31": "0.86", "2020-09-30": "0.84", "2020-06-30": "0.42", "2020-03-31": "0.36", "2019-12-31": "0.39", "2019-09-30": "0.37", "2019-06-30": "0.37", "2019-03-31": "0.36", "2018-12-31": "0.38", "2018-09-30": "0.41", "2018-06-30": "0.52", "2018-03-31": "0.70", "2017-12-31": "0.50", "2017-09-30": "0.36", "2017-06-30": "0.38", "2017-03-31": "0.38", "2016-12-31": "0.32", "2016-09-30": "0.29", "2016-06-30": "0.29", "2016-03-31": "0.28", "2015-12-31": "0.30", "2015-09-30": "0.31", "2015-06-30": "0.31", "2015-03-31": "0.33", "2014-12-31": "0.34", "2014-09-30": "0.34", "2014-06-30": "0.40", "2014-03-31": "0.41", "2013-12-31": "0.44", "2013-09-30": "0.44", "2013-06-30": "0.47", "2013-03-31": "0.47", "2012-12-31": "0.51", "2012-09-30": "0.51", "2012-06-30": "0.47", "2012-03-31": "0.46", "2011-12-31": "0.50", "2011-09-30": "0.51", "2011-06-30": "0.50", "2011-03-31": "0.52", "2010-12-31": "0.52", "2010-09-30": "0.39", "2010-06-30": "0.40", "2010-03-31": "0.29", "2009-12-31": "0.29", "2009-09-30": "0.24", "2009-06-30": "0.26", "2009-03-31": "0.25", "2008-12-31": "0.28", "2008-09-30": "0.30", "2008-06-30": "0.31", "2008-03-31": "0.42", "2007-12-31": "0.38", "2007-09-30": "0.36", "2007-06-30": "0.35", "2007-03-31": "0.37", "2006-12-31": "0.36", "2006-09-30": "0.42", "2006-06-30": "0.42", "2006-03-31": "0.40", "2005-12-31": "0.41", "2005-09-30": "0.57", "2005-06-30": "0.61", "2005-03-31": "0.72"}, "return on equity": {"2020-12-31": "6.96%", "2020-09-30": "7.19%", "2020-06-30": "9.38%", "2020-03-31": "9.07%", "2019-12-31": "11.82%", "2019-09-30": "11.34%", "2019-06-30": "13.24%", "2019-03-31": "14.89%", "2018-12-31": "15.70%", "2018-09-30": "6.97%", "2018-06-30": "5.97%", "2018-03-31": "5.73%", "2017-12-31": "5.28%", "2017-09-30": "13.38%", "2017-06-30": "13.86%", "2017-03-31": "14.24%", "2016-12-31": "13.79%", "2016-09-30": "13.80%", "2016-06-30": "12.88%", "2016-03-31": "13.28%", "2015-12-31": "15.23%", "2015-09-30": "16.26%", "2015-06-30": "18.65%", "2015-03-31": "19.53%", "2014-12-31": "19.54%", "2014-09-30": "20.30%", "2014-06-30": "19.76%", "2014-03-31": "20.20%", "2013-12-31": "21.02%", "2013-09-30": "20.99%", "2013-06-30": "21.39%", "2013-03-31": "21.00%", "2012-12-31": "20.63%", "2012-09-30": "20.55%", "2012-06-30": "20.10%", "2012-03-31": "20.93%", "2011-12-31": "21.49%", "2011-09-30": "22.24%", "2011-06-30": "22.66%", "2011-03-31": "21.82%", "2010-12-31": "20.66%", "2010-09-30": "19.38%", "2010-06-30": "19.33%", "2010-03-31": "18.53%", "2009-12-31": "15.39%", "2009-09-30": "12.25%", "2009-06-30": "11.45%", "2009-03-31": "13.05%", "2008-12-31": "16.71%", "2008-09-30": "22.36%", "2008-06-30": "24.21%", "2008-03-31": "25.25%", "2007-12-31": "26.26%", "2007-09-30": "24.89%", "2007-06-30": "24.68%", "2007-03-31": "23.89%", "2006-12-31": "20.67%", "2006-09-30": "19.64%", "2006-06-30": "19.66%", "2006-03-31": "18.66%", "2005-12-31": "20.32%"}, "return on assets": {"2020-12-31": "4.28%", "2020-09-30": "4.78%", "2020-06-30": "6.77%", "2020-03-31": "6.61%", "2019-12-31": "8.63%", "2019-09-30": "8.28%", "2019-06-30": "9.60%", "2019-03-31": "10.50%", "2018-12-31": "10.42%", "2018-09-30": "4.55%", "2018-06-30": "3.96%", "2018-03-31": "3.89%", "2017-12-31": "3.77%", "2017-09-30": "9.84%", "2017-06-30": "10.34%", "2017-03-31": "10.79%", "2016-12-31": "10.64%", "2016-09-30": "10.70%", "2016-06-30": "9.94%", "2016-03-31": "10.21%", "2015-12-31": "11.61%", "2015-09-30": "12.31%", "2015-06-30": "14.03%", "2015-03-31": "14.45%", "2014-12-31": "14.25%", "2014-09-30": "14.56%", "2014-06-30": "13.92%", "2014-03-31": "14.05%", "2013-12-31": "14.46%", "2013-09-30": "14.27%", "2013-06-30": "14.36%", "2013-03-31": "14.12%", "2012-12-31": "13.89%", "2012-09-30": "13.84%", "2012-06-30": "13.54%", "2012-03-31": "14.02%", "2011-12-31": "14.24%", "2011-09-30": "14.68%", "2011-06-30": "15.26%", "2011-03-31": "14.93%", "2010-12-31": "14.73%", "2010-09-30": "14.43%", "2010-06-30": "14.81%", "2010-03-31": "14.60%", "2009-12-31": "12.21%", "2009-09-30": "9.75%", "2009-06-30": "9.01%", "2009-03-31": "10.17%", "2008-12-31": "12.60%", "2008-09-30": "16.55%", "2008-06-30": "17.73%", "2008-03-31": "18.35%", "2007-12-31": "19.28%", "2007-09-30": "18.34%", "2007-06-30": "17.97%", "2007-03-31": "17.17%", "2006-12-31": "14.77%", "2006-09-30": "13.88%", "2006-06-30": "13.58%", "2006-03-31": "12.53%", "2005-12-31": "12.97%"}, "return on investments": {"2020-12-31": "7.71%", "2020-09-30": "8.16%", "2020-06-30": "10.82%", "2020-03-31": "12.12%", "2019-12-31": "12.55%", "2019-09-30": "13.13%", "2019-06-30": "14.04%", "2019-03-31": "15.33%", "2018-12-31": "16.84%", "2018-09-30": "17.44%", "2018-06-30": "17.72%", "2018-03-31": "17.11%", "2017-12-31": "16.28%", "2017-09-30": "16.09%", "2017-06-30": "16.08%", "2017-03-31": "16.18%", "2016-12-31": "15.93%", "2016-09-30": "16.24%", "2016-06-30": "17.18%", "2016-03-31": "18.26%", "2015-12-31": "19.66%", "2015-09-30": "20.62%", "2015-06-30": "21.53%", "2015-03-31": "21.95%", "2014-12-31": "22.61%", "2014-09-30": "23.21%", "2014-06-30": "23.06%", "2014-03-31": "23.52%", "2013-12-31": "23.63%", "2013-09-30": "23.24%", "2013-06-30": "22.55%", "2013-03-31": "22.38%", "2012-12-31": "22.03%", "2012-09-30": "22.18%", "2012-06-30": "23.40%", "2012-03-31": "23.83%", "2011-12-31": "24.37%", "2011-09-30": "24.93%", "2011-06-30": "24.78%", "2011-03-31": "24.66%", "2010-12-31": "31.68%", "2010-09-30": "46.21%", "2010-06-30": "88.13%", "2010-03-31": "88.26%", "2009-12-31": "38.46%", "2009-09-30": "22.14%", "2009-06-30": "17.01%", "2009-03-31": "19.95%", "2008-12-31": "24.09%", "2008-09-30": "29.18%", "2008-06-30": "30.66%", "2008-03-31": "30.59%", "2007-12-31": "29.79%", "2007-09-30": "27.52%", "2007-06-30": "26.16%", "2007-03-31": "25.47%", "2006-12-31": "23.63%", "2006-09-30": "22.64%", "2006-06-30": "22.16%", "2006-03-31": "20.99%", "2005-12-31": "20.72%"}, "return on tangible equity": {"2020-12-31": "15.97%", "2020-09-30": "12.53%", "2020-06-30": "13.04%", "2020-03-31": "12.63%", "2019-12-31": "16.51%", "2019-09-30": "15.58%", "2019-06-30": "17.87%", "2019-03-31": "19.72%", "2018-12-31": "20.29%", "2018-09-30": "8.86%", "2018-06-30": "7.45%", "2018-03-31": "7.03%", "2017-12-31": "6.42%", "2017-09-30": "16.24%", "2017-06-30": "16.85%", "2017-03-31": "17.34%", "2016-12-31": "16.78%", "2016-09-30": "16.81%", "2016-06-30": "15.70%", "2016-03-31": "16.20%", "2015-12-31": "18.60%", "2015-09-30": "19.91%", "2015-06-30": "22.91%", "2015-03-31": "24.12%", "2014-12-31": "24.28%", "2014-09-30": "25.40%", "2014-06-30": "24.96%", "2014-03-31": "25.76%", "2013-12-31": "27.07%", "2013-09-30": "27.38%", "2013-06-30": "27.89%", "2013-03-31": "27.41%", "2012-12-31": "26.87%", "2012-09-30": "26.66%", "2012-06-30": "26.22%", "2012-03-31": "27.40%", "2011-12-31": "28.29%", "2011-09-30": "29.34%", "2011-06-30": "30.12%", "2011-03-31": "29.30%", "2010-12-31": "27.99%", "2010-09-30": "26.56%", "2010-06-30": "26.52%", "2010-03-31": "25.46%", "2009-12-31": "21.20%", "2009-09-30": "16.89%", "2009-06-30": "15.91%", "2009-03-31": "18.22%", "2008-12-31": "23.42%", "2008-09-30": "31.45%", "2008-06-30": "34.00%", "2008-03-31": "35.56%", "2007-12-31": "36.83%", "2007-09-30": "34.72%", "2007-06-30": "34.61%", "2007-03-31": "33.73%", "2006-12-31": "29.41%", "2006-09-30": "28.44%", "2006-06-30": "29.10%", "2006-03-31": "28.30%", "2005-12-31": "32.08%"}, "dividend yield history": {"last payout": "$1.12", "last yield": "4.21%"}}