{"ticker": "BERY", "price": {"title": "Berry Global Historical Annual Stock Price Data", "value": 57.26, "historical": {"2020": {"Average Stock Price": "45.7375", "Year Open": "47.5200", "Year High": "56.1900", "Year Low": "26.9900", "Year Close": "56.1900", "Annual % Change": "18.32%"}, "2019": {"Average Stock Price": "47.8824", "Year Open": "46.7500", "Year High": "58.8300", "Year Low": "37.3700", "Year Close": "47.4900", "Annual % Change": "-0.08%"}, "2018": {"Average Stock Price": "50.3453", "Year Open": "59.4100", "Year High": "61.0300", "Year Low": "40.8100", "Year Close": "47.5300", "Annual % Change": "-18.99%"}, "2017": {"Average Stock Price": "55.2011", "Year Open": "49.3700", "Year High": "60.7900", "Year Low": "47.5000", "Year Close": "58.6700", "Annual % Change": "20.40%"}, "2016": {"Average Stock Price": "39.6375", "Year Open": "34.6200", "Year High": "51.3800", "Year Low": "28.4200", "Year Close": "48.7300", "Annual % Change": "34.69%"}, "2015": {"Average Stock Price": "33.5900", "Year Open": "31.7400", "Year High": "37.4600", "Year Low": "28.7300", "Year Close": "36.1800", "Annual % Change": "14.68%"}, "2014": {"Average Stock Price": "24.8221", "Year Open": "23.9600", "Year High": "31.7800", "Year Low": "21.8800", "Year Close": "31.5500", "Annual % Change": "32.62%"}, "2013": {"Average Stock Price": "20.5785", "Year Open": "16.1700", "Year High": "24.9900", "Year Low": "16.1500", "Year Close": "23.7900", "Annual % Change": "47.95%"}, "2012": {"Average Stock Price": "14.6954", "Year Open": "15.2000", "Year High": "16.0800", "Year Low": "13.4800", "Year Close": "16.0800", "Annual % Change": "0.00%"}}}, "market cap": {"value": "$7.67B"}, "income statement": {"Revenue": {"2020-09-30": "11709.00000", "2019-09-30": "8878.00000", "2018-09-30": "7869.00000", "2017-09-30": "7095.00000", "2016-09-30": "6489.00000", "2015-09-30": "4881.00000", "2014-09-30": "4958.00000", "2013-09-30": "4647.00000", "2012-09-30": "4766.00000", "2011-09-30": "4561.00000", "2010-09-30": "4257.00000", "2009-09-30": "3187.00000"}, "Cost Of Goods Sold": {"2020-09-30": "9301.00000", "2019-09-30": "7259.00000", "2018-09-30": "6438.00000", "2017-09-30": "5691.00000", "2016-09-30": "5202.00000", "2015-09-30": "4012.00000", "2014-09-30": "4190.00000", "2013-09-30": "3835.00000", "2012-09-30": "3984.00000", "2011-09-30": "3908.00000", "2010-09-30": "3667.00000", "2009-09-30": "2641.00000"}, "Gross Profit": {"2020-09-30": "2408.00000", "2019-09-30": "1619.00000", "2018-09-30": "1431.00000", "2017-09-30": "1404.00000", "2016-09-30": "1287.00000", "2015-09-30": "869.00000", "2014-09-30": "768.00000", "2013-09-30": "812.00000", "2012-09-30": "782.00000", "2011-09-30": "653.00000", "2010-09-30": "590.00000", "2009-09-30": "546.00000"}, "Research And Development Expenses": {"2020-09-30": "", "2019-09-30": "", "2018-09-30": "", "2017-09-30": "", "2016-09-30": "", "2015-09-30": "", "2014-09-30": "", "2013-09-30": "", "2012-09-30": "", "2011-09-30": "", "2010-09-30": "", "2009-09-30": ""}, "SG&A Expenses": {"2020-09-30": "850.00000", "2019-09-30": "583.00000", "2018-09-30": "480.00000", "2017-09-30": "494.00000", "2016-09-30": "531.00000", "2015-09-30": "357.00000", "2014-09-30": "320.00000", "2013-09-30": "307.00000", "2012-09-30": "317.00000", "2011-09-30": "284.00000", "2010-09-30": "272.00000", "2009-09-30": "229.00000"}, "Other Operating Income Or Expenses": {"2020-09-30": "", "2019-09-30": "", "2018-09-30": "", "2017-09-30": "", "2016-09-30": "", "2015-09-30": "", "2014-09-30": "", "2013-09-30": "", "2012-09-30": "", "2011-09-30": "", "2010-09-30": "-46.00000", "2009-09-30": "-24.00000"}, "Operating Expenses": {"2020-09-30": "10530.00000", "2019-09-30": "7904.00000", "2018-09-30": "7108.00000", "2017-09-30": "6363.00000", "2016-09-30": "5908.00000", "2015-09-30": "4473.00000", "2014-09-30": "4642.00000", "2013-09-30": "4261.00000", "2012-09-30": "4441.00000", "2011-09-30": "4519.00000", "2010-09-30": "4133.00000", "2009-09-30": "3001.00000"}, "Operating Income": {"2020-09-30": "1179.00000", "2019-09-30": "974.00000", "2018-09-30": "761.00000", "2017-09-30": "732.00000", "2016-09-30": "581.00000", "2015-09-30": "408.00000", "2014-09-30": "316.00000", "2013-09-30": "386.00000", "2012-09-30": "325.00000", "2011-09-30": "42.00000", "2010-09-30": "124.00000", "2009-09-30": "186.00000"}, "Total Non-Operating Income/Expense": {"2020-09-30": "-466.00000", "2019-09-30": "-484.00000", "2018-09-30": "-284.00000", "2017-09-30": "-283.00000", "2016-09-30": "-273.00000", "2015-09-30": "-286.00000", "2014-09-30": "-249.00000", "2013-09-30": "-301.00000", "2012-09-30": "-321.00000", "2011-09-30": "-388.00000", "2010-09-30": "-286.00000", "2009-09-30": "69.00000"}, "Pre-Tax Income": {"2020-09-30": "713.00000", "2019-09-30": "490.00000", "2018-09-30": "477.00000", "2017-09-30": "449.00000", "2016-09-30": "308.00000", "2015-09-30": "122.00000", "2014-09-30": "67.00000", "2013-09-30": "85.00000", "2012-09-30": "4.00000", "2011-09-30": "-346.00000", "2010-09-30": "-162.00000", "2009-09-30": "255.00000"}, "Income Taxes": {"2020-09-30": "154.00000", "2019-09-30": "86.00000", "2018-09-30": "-19.00000", "2017-09-30": "109.00000", "2016-09-30": "72.00000", "2015-09-30": "36.00000", "2014-09-30": "4.00000", "2013-09-30": "28.00000", "2012-09-30": "2.00000", "2011-09-30": "-47.00000", "2010-09-30": "-49.00000", "2009-09-30": "99.00000"}, "Income After Taxes": {"2020-09-30": "559.00000", "2019-09-30": "404.00000", "2018-09-30": "496.00000", "2017-09-30": "340.00000", "2016-09-30": "236.00000", "2015-09-30": "86.00000", "2014-09-30": "63.00000", "2013-09-30": "57.00000", "2012-09-30": "2.00000", "2011-09-30": "-299.00000", "2010-09-30": "-113.00000", "2009-09-30": "156.00000"}, "Other Income": {"2020-09-30": "", "2019-09-30": "", "2018-09-30": "", "2017-09-30": "", "2016-09-30": "", "2015-09-30": "", "2014-09-30": "", "2013-09-30": "", "2012-09-30": "", "2011-09-30": "", "2010-09-30": "", "2009-09-30": ""}, "Income From Continuous Operations": {"2020-09-30": "559.00000", "2019-09-30": "404.00000", "2018-09-30": "496.00000", "2017-09-30": "340.00000", "2016-09-30": "236.00000", "2015-09-30": "86.00000", "2014-09-30": "63.00000", "2013-09-30": "57.00000", "2012-09-30": "2.00000", "2011-09-30": "-299.00000", "2010-09-30": "-113.00000", "2009-09-30": "156.00000"}, "Income From Discontinued Operations": {"2020-09-30": "", "2019-09-30": "", "2018-09-30": "", "2017-09-30": "", "2016-09-30": "", "2015-09-30": "", "2014-09-30": "", "2013-09-30": "", "2012-09-30": "", "2011-09-30": "", "2010-09-30": "", "2009-09-30": "-4.00000"}, "Net Income": {"2020-09-30": "559.00000", "2019-09-30": "404.00000", "2018-09-30": "496.00000", "2017-09-30": "340.00000", "2016-09-30": "236.00000", "2015-09-30": "86.00000", "2014-09-30": "62.00000", "2013-09-30": "57.00000", "2012-09-30": "2.00000", "2011-09-30": "-299.00000", "2010-09-30": "-113.00000", "2009-09-30": "152.00000"}, "EBITDA": {"2020-09-30": "2024.00000", "2019-09-30": "1587.00000", "2018-09-30": "1299.00000", "2017-09-30": "1253.00000", "2016-09-30": "1106.00000", "2015-09-30": "758.00000", "2014-09-30": "674.00000", "2013-09-30": "727.00000", "2012-09-30": "680.00000", "2011-09-30": "386.00000", "2010-09-30": "441.00000", "2009-09-30": "440.00000"}, "EBIT": {"2020-09-30": "1179.00000", "2019-09-30": "974.00000", "2018-09-30": "761.00000", "2017-09-30": "732.00000", "2016-09-30": "581.00000", "2015-09-30": "408.00000", "2014-09-30": "316.00000", "2013-09-30": "386.00000", "2012-09-30": "325.00000", "2011-09-30": "42.00000", "2010-09-30": "124.00000", "2009-09-30": "186.00000"}, "Basic Shares Outstanding": {"2020-09-30": "132.60000", "2019-09-30": "131.30000", "2018-09-30": "131.40000", "2017-09-30": "127.60000", "2016-09-30": "120.80000", "2015-09-30": "119.10000", "2014-09-30": "116.90000", "2013-09-30": "113.50000", "2012-09-30": "83.43500", "2011-09-30": "84.12100", "2010-09-30": "84.52500", "2009-09-30": "6.90900"}, "Shares Outstanding": {"2020-09-30": "135.10000", "2019-09-30": "134.60000", "2018-09-30": "135.20000", "2017-09-30": "132.60000", "2016-09-30": "125.00000", "2015-09-30": "123.40000", "2014-09-30": "121.50000", "2013-09-30": "119.50000", "2012-09-30": "86.64400", "2011-09-30": "84.12100", "2010-09-30": "84.52500", "2009-09-30": "6.91800"}, "Basic EPS": {"2020-09-30": "4.22000", "2019-09-30": "3.08000", "2018-09-30": "3.77000", "2017-09-30": "2.66000", "2016-09-30": "1.95000", "2015-09-30": "0.72000", "2014-09-30": "0.53000", "2013-09-30": "0.50000", "2012-09-30": "0.02000", "2011-09-30": "-3.55000", "2010-09-30": "-1.34000", "2009-09-30": "22.00000"}, "EPS - Earnings Per Share": {"2020-09-30": "4.14000", "2019-09-30": "3.00000", "2018-09-30": "3.67000", "2017-09-30": "2.56000", "2016-09-30": "1.89000", "2015-09-30": "0.70000", "2014-09-30": "0.51000", "2013-09-30": "0.48000", "2012-09-30": "0.02000", "2011-09-30": "-3.55000", "2010-09-30": "-1.34000", "2009-09-30": "21.97000"}}, "income statement, quarterly": {"Revenue": {"2020-09-30": "3008.00000", "2020-06-30": "2910.00000", "2020-03-31": "2975.00000", "2019-12-31": "2816.00000", "2019-09-30": "3019.00000", "2019-06-30": "1937.00000", "2019-03-31": "1950.00000", "2018-12-31": "1972.00000", "2018-09-30": "2054.00000", "2018-06-30": "2072.00000", "2018-03-31": "1967.00000", "2017-12-31": "1776.00000", "2017-09-30": "1881.00000", "2017-06-30": "1906.00000", "2017-03-31": "1806.00000", "2016-12-31": "1502.00000", "2016-09-30": "1618.00000", "2016-06-30": "1645.00000", "2016-03-31": "1614.00000", "2015-12-31": "1612.00000", "2015-09-30": "1196.00000", "2015-06-30": "1241.00000", "2015-03-31": "1224.00000", "2014-12-31": "1220.00000", "2014-09-30": "1310.00000", "2014-06-30": "1298.00000", "2014-03-31": "1210.00000", "2013-12-31": "1140.00000", "2013-09-30": "1204.00000", "2013-06-30": "1221.00000", "2013-03-31": "1150.00000", "2012-12-31": "1072.00000", "2012-09-30": "1204.00000", "2012-06-30": "1242.00000", "2012-03-31": "1183.00000", "2011-12-31": "1137.00000", "2011-09-30": "", "2010-09-30": "", "2009-09-30": ""}, "Cost Of Goods Sold": {"2020-09-30": "2342.00000", "2020-06-30": "2272.00000", "2020-03-31": "2391.00000", "2019-12-31": "2296.00000", "2019-09-30": "2506.00000", "2019-06-30": "1559.00000", "2019-03-31": "1578.00000", "2018-12-31": "1616.00000", "2018-09-30": "1705.00000", "2018-06-30": "1690.00000", "2018-03-31": "1596.00000", "2017-12-31": "1447.00000", "2017-09-30": "1514.00000", "2017-06-30": "1518.00000", "2017-03-31": "1453.00000", "2016-12-31": "1206.00000", "2016-09-30": "1317.00000", "2016-06-30": "1296.00000", "2016-03-31": "1269.00000", "2015-12-31": "1320.00000", "2015-09-30": "975.00000", "2015-06-30": "1003.00000", "2015-03-31": "997.00000", "2014-12-31": "1037.00000", "2014-09-30": "1114.00000", "2014-06-30": "1089.00000", "2014-03-31": "1023.00000", "2013-12-31": "964.00000", "2013-09-30": "1006.00000", "2013-06-30": "998.00000", "2013-03-31": "936.00000", "2012-12-31": "895.00000", "2012-09-30": "985.00000", "2012-06-30": "1035.00000", "2012-03-31": "979.00000", "2011-12-31": "985.00000", "2011-09-30": "", "2010-09-30": "", "2009-09-30": ""}, "Gross Profit": {"2020-09-30": "666.00000", "2020-06-30": "638.00000", "2020-03-31": "584.00000", "2019-12-31": "520.00000", "2019-09-30": "513.00000", "2019-06-30": "378.00000", "2019-03-31": "372.00000", "2018-12-31": "356.00000", "2018-09-30": "349.00000", "2018-06-30": "382.00000", "2018-03-31": "371.00000", "2017-12-31": "329.00000", "2017-09-30": "367.00000", "2017-06-30": "388.00000", "2017-03-31": "353.00000", "2016-12-31": "296.00000", "2016-09-30": "301.00000", "2016-06-30": "349.00000", "2016-03-31": "345.00000", "2015-12-31": "292.00000", "2015-09-30": "221.00000", "2015-06-30": "238.00000", "2015-03-31": "227.00000", "2014-12-31": "183.00000", "2014-09-30": "196.00000", "2014-06-30": "209.00000", "2014-03-31": "187.00000", "2013-12-31": "176.00000", "2013-09-30": "198.00000", "2013-06-30": "223.00000", "2013-03-31": "214.00000", "2012-12-31": "177.00000", "2012-09-30": "219.00000", "2012-06-30": "207.00000", "2012-03-31": "204.00000", "2011-12-31": "152.00000", "2011-09-30": "", "2010-09-30": "", "2009-09-30": ""}, "Research And Development Expenses": {"2020-09-30": "", "2020-06-30": "", "2020-03-31": "", "2019-12-31": "", "2019-09-30": "", "2019-06-30": "", "2019-03-31": "", "2018-12-31": "", "2018-09-30": "", "2018-06-30": "", "2018-03-31": "", "2017-12-31": "", "2017-09-30": "", "2017-06-30": "", "2017-03-31": "", "2016-12-31": "", "2016-09-30": "", "2016-06-30": "", "2016-03-31": "", "2015-12-31": "", "2015-09-30": "", "2015-06-30": "", "2015-03-31": "", "2014-12-31": "", "2014-09-30": "", "2014-06-30": "", "2014-03-31": "", "2013-12-31": "", "2013-09-30": "", "2013-06-30": "", "2013-03-31": "", "2012-12-31": "", "2012-09-30": "0.00000", "2012-06-30": "", "2012-03-31": "", "2011-12-31": "", "2011-09-30": "", "2010-09-30": "", "2009-09-30": ""}, "SG&A Expenses": {"2020-09-30": "219.00000", "2020-06-30": "198.00000", "2020-03-31": "204.00000", "2019-12-31": "229.00000", "2019-09-30": "191.00000", "2019-06-30": "125.00000", "2019-03-31": "143.00000", "2018-12-31": "124.00000", "2018-09-30": "114.00000", "2018-06-30": "119.00000", "2018-03-31": "130.00000", "2017-12-31": "117.00000", "2017-09-30": "121.00000", "2017-06-30": "128.00000", "2017-03-31": "132.00000", "2016-12-31": "113.00000", "2016-09-30": "110.00000", "2016-06-30": "129.00000", "2016-03-31": "138.00000", "2015-12-31": "154.00000", "2015-09-30": "90.00000", "2015-06-30": "92.00000", "2015-03-31": "89.00000", "2014-12-31": "86.00000", "2014-09-30": "76.00000", "2014-06-30": "85.00000", "2014-03-31": "82.00000", "2013-12-31": "77.00000", "2013-09-30": "77.00000", "2013-06-30": "78.00000", "2013-03-31": "75.00000", "2012-12-31": "77.00000", "2012-09-30": "84.00000", "2012-06-30": "78.00000", "2012-03-31": "84.00000", "2011-12-31": "72.00000", "2011-09-30": "", "2010-09-30": "", "2009-09-30": ""}, "Other Operating Income Or Expenses": {"2020-09-30": "", "2020-06-30": "", "2020-03-31": "", "2019-12-31": "", "2019-09-30": "", "2019-06-30": "", "2019-03-31": "", "2018-12-31": "", "2018-09-30": "", "2018-06-30": "", "2018-03-31": "", "2017-12-31": "", "2017-09-30": "", "2017-06-30": "", "2017-03-31": "", "2016-12-31": "", "2016-09-30": "", "2016-06-30": "", "2016-03-31": "", "2015-12-31": "", "2015-09-30": "", "2015-06-30": "", "2015-03-31": "", "2014-12-31": "", "2014-09-30": "", "2014-06-30": "", "2014-03-31": "", "2013-12-31": "", "2013-09-30": "", "2013-06-30": "", "2013-03-31": "", "2012-12-31": "", "2012-09-30": "", "2012-06-30": "", "2012-03-31": "", "2011-12-31": "", "2011-09-30": "", "2010-09-30": "", "2009-09-30": ""}, "Operating Expenses": {"2020-09-30": "2659.00000", "2020-06-30": "2563.00000", "2020-03-31": "2691.00000", "2019-12-31": "2617.00000", "2019-09-30": "2621.00000", "2019-06-30": "1722.00000", "2019-03-31": "1765.00000", "2018-12-31": "1796.00000", "2018-09-30": "1860.00000", "2018-06-30": "1856.00000", "2018-03-31": "1779.00000", "2017-12-31": "1613.00000", "2017-09-30": "1682.00000", "2017-06-30": "1694.00000", "2017-03-31": "1631.00000", "2016-12-31": "1356.00000", "2016-09-30": "1467.00000", "2016-06-30": "1466.00000", "2016-03-31": "1449.00000", "2015-12-31": "1526.00000", "2015-09-30": "1089.00000", "2015-06-30": "1120.00000", "2015-03-31": "1112.00000", "2014-12-31": "1152.00000", "2014-09-30": "1217.00000", "2014-06-30": "1215.00000", "2014-03-31": "1133.00000", "2013-12-31": "1077.00000", "2013-09-30": "1114.00000", "2013-06-30": "1104.00000", "2013-03-31": "1039.00000", "2012-12-31": "1004.00000", "2012-09-30": "1097.00000", "2012-06-30": "1144.00000", "2012-03-31": "1092.00000", "2011-12-31": "1108.00000", "2011-09-30": "", "2010-09-30": "", "2009-09-30": ""}, "Operating Income": {"2020-09-30": "349.00000", "2020-06-30": "347.00000", "2020-03-31": "284.00000", "2019-12-31": "199.00000", "2019-09-30": "398.00000", "2019-06-30": "215.00000", "2019-03-31": "185.00000", "2018-12-31": "176.00000", "2018-09-30": "194.00000", "2018-06-30": "216.00000", "2018-03-31": "188.00000", "2017-12-31": "163.00000", "2017-09-30": "199.00000", "2017-06-30": "212.00000", "2017-03-31": "175.00000", "2016-12-31": "146.00000", "2016-09-30": "151.00000", "2016-06-30": "179.00000", "2016-03-31": "165.00000", "2015-12-31": "86.00000", "2015-09-30": "107.00000", "2015-06-30": "121.00000", "2015-03-31": "112.00000", "2014-12-31": "68.00000", "2014-09-30": "93.00000", "2014-06-30": "83.00000", "2014-03-31": "77.00000", "2013-12-31": "63.00000", "2013-09-30": "90.00000", "2013-06-30": "117.00000", "2013-03-31": "111.00000", "2012-12-31": "68.00000", "2012-09-30": "107.00000", "2012-06-30": "98.00000", "2012-03-31": "91.00000", "2011-12-31": "29.00000", "2011-09-30": "", "2010-09-30": "", "2009-09-30": ""}, "Total Non-Operating Income/Expense": {"2020-09-30": "-121.00000", "2020-06-30": "-103.00000", "2020-03-31": "-111.00000", "2019-12-31": "-131.00000", "2019-09-30": "-124.00000", "2019-06-30": "-207.00000", "2019-03-31": "-89.00000", "2018-12-31": "-64.00000", "2018-09-30": "-72.00000", "2018-06-30": "-70.00000", "2018-03-31": "-71.00000", "2017-12-31": "-71.00000", "2017-09-30": "-62.00000", "2017-06-30": "-67.00000", "2017-03-31": "-87.00000", "2016-12-31": "-67.00000", "2016-09-30": "-68.00000", "2016-06-30": "-59.00000", "2016-03-31": "-67.00000", "2015-12-31": "-79.00000", "2015-09-30": "-38.00000", "2015-06-30": "-143.00000", "2015-03-31": "-53.00000", "2014-12-31": "-52.00000", "2014-09-30": "-49.00000", "2014-06-30": "-87.00000", "2014-03-31": "-59.00000", "2013-12-31": "-54.00000", "2013-09-30": "-55.00000", "2013-06-30": "-55.00000", "2013-03-31": "-108.00000", "2012-12-31": "-83.00000", "2012-09-30": "-75.00000", "2012-06-30": "-82.00000", "2012-03-31": "-85.00000", "2011-12-31": "-79.00000", "2011-09-30": "", "2010-09-30": "", "2009-09-30": ""}, "Pre-Tax Income": {"2020-09-30": "228.00000", "2020-06-30": "244.00000", "2020-03-31": "173.00000", "2019-12-31": "68.00000", "2019-09-30": "274.00000", "2019-06-30": "8.00000", "2019-03-31": "96.00000", "2018-12-31": "112.00000", "2018-09-30": "122.00000", "2018-06-30": "146.00000", "2018-03-31": "117.00000", "2017-12-31": "92.00000", "2017-09-30": "137.00000", "2017-06-30": "145.00000", "2017-03-31": "88.00000", "2016-12-31": "79.00000", "2016-09-30": "83.00000", "2016-06-30": "120.00000", "2016-03-31": "98.00000", "2015-12-31": "7.00000", "2015-09-30": "69.00000", "2015-06-30": "-22.00000", "2015-03-31": "59.00000", "2014-12-31": "16.00000", "2014-09-30": "44.00000", "2014-06-30": "-4.00000", "2014-03-31": "18.00000", "2013-12-31": "9.00000", "2013-09-30": "35.00000", "2013-06-30": "62.00000", "2013-03-31": "3.00000", "2012-12-31": "-15.00000", "2012-09-30": "32.00000", "2012-06-30": "16.00000", "2012-03-31": "6.00000", "2011-12-31": "-50.00000", "2011-09-30": "", "2010-09-30": "", "2009-09-30": ""}, "Income Taxes": {"2020-09-30": "33.00000", "2020-06-30": "53.00000", "2020-03-31": "47.00000", "2019-12-31": "21.00000", "2019-09-30": "45.00000", "2019-06-30": "-5.00000", "2019-03-31": "22.00000", "2018-12-31": "24.00000", "2018-09-30": "-11.00000", "2018-06-30": "36.00000", "2018-03-31": "27.00000", "2017-12-31": "-71.00000", "2017-09-30": "27.00000", "2017-06-30": "38.00000", "2017-03-31": "16.00000", "2016-12-31": "28.00000", "2016-09-30": "6.00000", "2016-06-30": "24.00000", "2016-03-31": "39.00000", "2015-12-31": "3.00000", "2015-09-30": "21.00000", "2015-06-30": "-9.00000", "2015-03-31": "21.00000", "2014-12-31": "3.00000", "2014-09-30": "14.00000", "2014-06-30": "-19.00000", "2014-03-31": "6.00000", "2013-12-31": "3.00000", "2013-09-30": "9.00000", "2013-06-30": "22.00000", "2013-03-31": "2.00000", "2012-12-31": "-5.00000", "2012-09-30": "10.00000", "2012-06-30": "7.00000", "2012-03-31": "4.00000", "2011-12-31": "-19.00000", "2011-09-30": "", "2010-09-30": "", "2009-09-30": ""}, "Income After Taxes": {"2020-09-30": "195.00000", "2020-06-30": "191.00000", "2020-03-31": "126.00000", "2019-12-31": "47.00000", "2019-09-30": "229.00000", "2019-06-30": "13.00000", "2019-03-31": "74.00000", "2018-12-31": "88.00000", "2018-09-30": "133.00000", "2018-06-30": "110.00000", "2018-03-31": "90.00000", "2017-12-31": "163.00000", "2017-09-30": "110.00000", "2017-06-30": "107.00000", "2017-03-31": "72.00000", "2016-12-31": "51.00000", "2016-09-30": "77.00000", "2016-06-30": "96.00000", "2016-03-31": "59.00000", "2015-12-31": "4.00000", "2015-09-30": "48.00000", "2015-06-30": "-13.00000", "2015-03-31": "38.00000", "2014-12-31": "13.00000", "2014-09-30": "30.00000", "2014-06-30": "15.00000", "2014-03-31": "12.00000", "2013-12-31": "6.00000", "2013-09-30": "26.00000", "2013-06-30": "40.00000", "2013-03-31": "1.00000", "2012-12-31": "-10.00000", "2012-09-30": "22.00000", "2012-06-30": "9.00000", "2012-03-31": "2.00000", "2011-12-31": "-31.00000", "2011-09-30": "", "2010-09-30": "", "2009-09-30": ""}, "Other Income": {"2020-09-30": "", "2020-06-30": "", "2020-03-31": "", "2019-12-31": "", "2019-09-30": "", "2019-06-30": "", "2019-03-31": "", "2018-12-31": "", "2018-09-30": "", "2018-06-30": "", "2018-03-31": "", "2017-12-31": "", "2017-09-30": "", "2017-06-30": "", "2017-03-31": "", "2016-12-31": "", "2016-09-30": "", "2016-06-30": "", "2016-03-31": "", "2015-12-31": "", "2015-09-30": "", "2015-06-30": "", "2015-03-31": "", "2014-12-31": "", "2014-09-30": "", "2014-06-30": "", "2014-03-31": "", "2013-12-31": "", "2013-09-30": "", "2013-06-30": "", "2013-03-31": "", "2012-12-31": "", "2012-09-30": "0.00000", "2012-06-30": "", "2012-03-31": "", "2011-12-31": "", "2011-09-30": "", "2010-09-30": "", "2009-09-30": ""}, "Income From Continuous Operations": {"2020-09-30": "195.00000", "2020-06-30": "191.00000", "2020-03-31": "126.00000", "2019-12-31": "47.00000", "2019-09-30": "229.00000", "2019-06-30": "13.00000", "2019-03-31": "74.00000", "2018-12-31": "88.00000", "2018-09-30": "133.00000", "2018-06-30": "110.00000", "2018-03-31": "90.00000", "2017-12-31": "163.00000", "2017-09-30": "110.00000", "2017-06-30": "107.00000", "2017-03-31": "72.00000", "2016-12-31": "51.00000", "2016-09-30": "77.00000", "2016-06-30": "96.00000", "2016-03-31": "59.00000", "2015-12-31": "4.00000", "2015-09-30": "48.00000", "2015-06-30": "-13.00000", "2015-03-31": "38.00000", "2014-12-31": "13.00000", "2014-09-30": "30.00000", "2014-06-30": "15.00000", "2014-03-31": "12.00000", "2013-12-31": "6.00000", "2013-09-30": "26.00000", "2013-06-30": "40.00000", "2013-03-31": "1.00000", "2012-12-31": "-10.00000", "2012-09-30": "23.00000", "2012-06-30": "9.00000", "2012-03-31": "2.00000", "2011-12-31": "-31.00000", "2011-09-30": "", "2010-09-30": "", "2009-09-30": ""}, "Income From Discontinued Operations": {"2020-09-30": "", "2020-06-30": "", "2020-03-31": "", "2019-12-31": "", "2019-09-30": "", "2019-06-30": "", "2019-03-31": "", "2018-12-31": "", "2018-09-30": "", "2018-06-30": "", "2018-03-31": "", "2017-12-31": "", "2017-09-30": "", "2017-06-30": "", "2017-03-31": "", "2016-12-31": "", "2016-09-30": "", "2016-06-30": "", "2016-03-31": "", "2015-12-31": "", "2015-09-30": "", "2015-06-30": "", "2015-03-31": "", "2014-12-31": "", "2014-09-30": "", "2014-06-30": "", "2014-03-31": "", "2013-12-31": "", "2013-09-30": "", "2013-06-30": "", "2013-03-31": "", "2012-12-31": "", "2012-09-30": "0.00000", "2012-06-30": "", "2012-03-31": "", "2011-12-31": "", "2011-09-30": "", "2010-09-30": "", "2009-09-30": ""}, "Net Income": {"2020-09-30": "195.00000", "2020-06-30": "191.00000", "2020-03-31": "126.00000", "2019-12-31": "47.00000", "2019-09-30": "229.00000", "2019-06-30": "13.00000", "2019-03-31": "74.00000", "2018-12-31": "88.00000", "2018-09-30": "133.00000", "2018-06-30": "110.00000", "2018-03-31": "90.00000", "2017-12-31": "163.00000", "2017-09-30": "110.00000", "2017-06-30": "107.00000", "2017-03-31": "72.00000", "2016-12-31": "51.00000", "2016-09-30": "77.00000", "2016-06-30": "96.00000", "2016-03-31": "59.00000", "2015-12-31": "4.00000", "2015-09-30": "48.00000", "2015-06-30": "-13.00000", "2015-03-31": "38.00000", "2014-12-31": "13.00000", "2014-09-30": "29.00000", "2014-06-30": "15.00000", "2014-03-31": "12.00000", "2013-12-31": "6.00000", "2013-09-30": "26.00000", "2013-06-30": "40.00000", "2013-03-31": "1.00000", "2012-12-31": "-10.00000", "2012-09-30": "23.00000", "2012-06-30": "9.00000", "2012-03-31": "2.00000", "2011-12-31": "-31.00000", "2011-09-30": "", "2010-09-30": "", "2009-09-30": ""}, "EBITDA": {"2020-09-30": "556.00000", "2020-06-30": "556.00000", "2020-03-31": "497.00000", "2019-12-31": "415.00000", "2019-09-30": "614.00000", "2019-06-30": "342.00000", "2019-03-31": "317.00000", "2018-12-31": "314.00000", "2018-09-30": "335.00000", "2018-06-30": "352.00000", "2018-03-31": "320.00000", "2017-12-31": "292.00000", "2017-09-30": "337.00000", "2017-06-30": "344.00000", "2017-03-31": "306.00000", "2016-12-31": "266.00000", "2016-09-30": "286.00000", "2016-06-30": "299.00000", "2016-03-31": "296.00000", "2015-12-31": "225.00000", "2015-09-30": "194.00000", "2015-06-30": "208.00000", "2015-03-31": "197.00000", "2014-12-31": "159.00000", "2014-09-30": "190.00000", "2014-06-30": "174.00000", "2014-03-31": "162.00000", "2013-12-31": "148.00000", "2013-09-30": "173.00000", "2013-06-30": "203.00000", "2013-03-31": "196.00000", "2012-12-31": "155.00000", "2012-09-30": "199.00000", "2012-06-30": "185.00000", "2012-03-31": "178.00000", "2011-12-31": "118.00000", "2011-09-30": "", "2010-09-30": "", "2009-09-30": ""}, "EBIT": {"2020-09-30": "349.00000", "2020-06-30": "347.00000", "2020-03-31": "284.00000", "2019-12-31": "199.00000", "2019-09-30": "398.00000", "2019-06-30": "215.00000", "2019-03-31": "185.00000", "2018-12-31": "176.00000", "2018-09-30": "194.00000", "2018-06-30": "216.00000", "2018-03-31": "188.00000", "2017-12-31": "163.00000", "2017-09-30": "199.00000", "2017-06-30": "212.00000", "2017-03-31": "175.00000", "2016-12-31": "146.00000", "2016-09-30": "151.00000", "2016-06-30": "179.00000", "2016-03-31": "165.00000", "2015-12-31": "86.00000", "2015-09-30": "107.00000", "2015-06-30": "121.00000", "2015-03-31": "112.00000", "2014-12-31": "68.00000", "2014-09-30": "93.00000", "2014-06-30": "83.00000", "2014-03-31": "77.00000", "2013-12-31": "63.00000", "2013-09-30": "90.00000", "2013-06-30": "117.00000", "2013-03-31": "111.00000", "2012-12-31": "68.00000", "2012-09-30": "107.00000", "2012-06-30": "98.00000", "2012-03-31": "91.00000", "2011-12-31": "29.00000", "2011-09-30": "", "2010-09-30": "", "2009-09-30": ""}, "Basic Shares Outstanding": {"2020-09-30": "132.60000", "2020-06-30": "132.50000", "2020-03-31": "132.40000", "2019-12-31": "132.30000", "2019-09-30": "131.30000", "2019-06-30": "131.50000", "2019-03-31": "130.50000", "2018-12-31": "131.10000", "2018-09-30": "131.40000", "2018-06-30": "131.70000", "2018-03-31": "131.30000", "2017-12-31": "131.00000", "2017-09-30": "127.60000", "2017-06-30": "129.90000", "2017-03-31": "127.70000", "2016-12-31": "122.00000", "2016-09-30": "120.80000", "2016-06-30": "121.10000", "2016-03-31": "120.50000", "2015-12-31": "120.10000", "2015-09-30": "119.10000", "2015-06-30": "119.50000", "2015-03-31": "119.00000", "2014-12-31": "118.20000", "2014-09-30": "116.90000", "2014-06-30": "117.30000", "2014-03-31": "116.60000", "2013-12-31": "115.90000", "2013-09-30": "113.50000", "2013-06-30": "114.13200", "2013-03-31": "113.03400", "2012-12-31": "111.35200", "2012-09-30": "83.20200", "2012-06-30": "83.19000", "2012-03-31": "83.50800", "2011-12-31": "83.85100", "2011-09-30": "", "2010-09-30": "", "2009-09-30": ""}, "Shares Outstanding": {"2020-09-30": "135.10000", "2020-06-30": "134.20000", "2020-03-31": "134.10000", "2019-12-31": "134.30000", "2019-09-30": "134.60000", "2019-06-30": "134.20000", "2019-03-31": "133.80000", "2018-12-31": "133.80000", "2018-09-30": "135.20000", "2018-06-30": "135.40000", "2018-03-31": "135.80000", "2017-12-31": "136.00000", "2017-09-30": "132.60000", "2017-06-30": "135.20000", "2017-03-31": "133.20000", "2016-12-31": "127.80000", "2016-09-30": "125.00000", "2016-06-30": "125.90000", "2016-03-31": "124.40000", "2015-12-31": "124.90000", "2015-09-30": "123.40000", "2015-06-30": "119.50000", "2015-03-31": "124.10000", "2014-12-31": "122.90000", "2014-09-30": "121.50000", "2014-06-30": "121.50000", "2014-03-31": "121.70000", "2013-12-31": "120.50000", "2013-09-30": "119.50000", "2013-06-30": "120.55100", "2013-03-31": "118.19700", "2012-12-31": "111.35200", "2012-09-30": "89.13100", "2012-06-30": "85.47100", "2012-03-31": "84.57400", "2011-12-31": "83.85100", "2011-09-30": "", "2010-09-30": "", "2009-09-30": ""}, "Basic EPS": {"2020-09-30": "1.47000", "2020-06-30": "1.44000", "2020-03-31": "0.95000", "2019-12-31": "0.36000", "2019-09-30": "1.74000", "2019-06-30": "0.10000", "2019-03-31": "0.57000", "2018-12-31": "0.67000", "2018-09-30": "1.00000", "2018-06-30": "0.84000", "2018-03-31": "0.69000", "2017-12-31": "1.24000", "2017-09-30": "0.86000", "2017-06-30": "0.82000", "2017-03-31": "0.56000", "2016-12-31": "0.42000", "2016-09-30": "0.64000", "2016-06-30": "0.79000", "2016-03-31": "0.49000", "2015-12-31": "0.03000", "2015-09-30": "0.40000", "2015-06-30": "-0.11000", "2015-03-31": "0.32000", "2014-12-31": "0.11000", "2014-09-30": "0.25000", "2014-06-30": "0.13000", "2014-03-31": "0.10000", "2013-12-31": "0.05000", "2013-09-30": "0.23000", "2013-06-30": "0.35000", "2013-03-31": "0.01000", "2012-12-31": "-0.09000", "2012-09-30": "0.28000", "2012-06-30": "0.11000", "2012-03-31": "0.02000", "2011-12-31": "-0.37000", "2011-09-30": "", "2010-09-30": "", "2009-09-30": ""}, "EPS - Earnings Per Share": {"2020-09-30": "1.43000", "2020-06-30": "1.42000", "2020-03-31": "0.94000", "2019-12-31": "0.35000", "2019-09-30": "1.69000", "2019-06-30": "0.10000", "2019-03-31": "0.55000", "2018-12-31": "0.66000", "2018-09-30": "1.00000", "2018-06-30": "0.81000", "2018-03-31": "0.66000", "2017-12-31": "1.20000", "2017-09-30": "0.83000", "2017-06-30": "0.79000", "2017-03-31": "0.54000", "2016-12-31": "0.40000", "2016-09-30": "0.63000", "2016-06-30": "0.76000", "2016-03-31": "0.47000", "2015-12-31": "0.03000", "2015-09-30": "0.39000", "2015-06-30": "-0.11000", "2015-03-31": "0.31000", "2014-12-31": "0.11000", "2014-09-30": "0.24000", "2014-06-30": "0.12000", "2014-03-31": "0.10000", "2013-12-31": "0.05000", "2013-09-30": "0.23000", "2013-06-30": "0.33000", "2013-03-31": "0.01000", "2012-12-31": "-0.09000", "2012-09-30": "0.26000", "2012-06-30": "0.11000", "2012-03-31": "0.02000", "2011-12-31": "-0.37000", "2011-09-30": "0.00000", "2010-09-30": "0.00000", "2009-09-30": "0.00000"}}, "balance sheet": {"Cash On Hand": {"2020-09-30": "750.00000", "2019-09-30": "750.00000", "2018-09-30": "381.00000", "2017-09-30": "306.00000", "2016-09-30": "323.00000", "2015-09-30": "228.00000", "2014-09-30": "129.00000", "2013-09-30": "142.00000", "2012-09-30": "87.00000", "2011-09-30": "42.00000", "2010-09-30": "148.00000", "2009-09-30": ""}, "Receivables": {"2020-09-30": "1469.00000", "2019-09-30": "1526.00000", "2018-09-30": "941.00000", "2017-09-30": "847.00000", "2016-09-30": "704.00000", "2015-09-30": "434.00000", "2014-09-30": "491.00000", "2013-09-30": "449.00000", "2012-09-30": "455.00000", "2011-09-30": "543.00000", "2010-09-30": "485.00000", "2009-09-30": ""}, "Inventory": {"2020-09-30": "1268.00000", "2019-09-30": "1324.00000", "2018-09-30": "887.00000", "2017-09-30": "762.00000", "2016-09-30": "660.00000", "2015-09-30": "522.00000", "2014-09-30": "604.00000", "2013-09-30": "575.00000", "2012-09-30": "535.00000", "2011-09-30": "578.00000", "2010-09-30": "583.00000", "2009-09-30": ""}, "Pre-Paid Expenses": {"2020-09-30": "168.00000", "2019-09-30": "157.00000", "2018-09-30": "76.00000", "2017-09-30": "89.00000", "2016-09-30": "105.00000", "2015-09-30": "37.00000", "2014-09-30": "42.00000", "2013-09-30": "32.00000", "2012-09-30": "42.00000", "2011-09-30": "30.00000", "2010-09-30": "46.00000", "2009-09-30": ""}, "Other Current Assets": {"2020-09-30": "162.00000", "2019-09-30": "", "2018-09-30": "", "2017-09-30": "", "2016-09-30": "", "2015-09-30": "", "2014-09-30": "", "2013-09-30": "", "2012-09-30": "", "2011-09-30": "", "2010-09-30": "", "2009-09-30": ""}, "Total Current Assets": {"2020-09-30": "3817.00000", "2019-09-30": "3757.00000", "2018-09-30": "2285.00000", "2017-09-30": "2004.00000", "2016-09-30": "1792.00000", "2015-09-30": "1383.00000", "2014-09-30": "1432.00000", "2013-09-30": "1337.00000", "2012-09-30": "1233.00000", "2011-09-30": "1255.00000", "2010-09-30": "1315.00000", "2009-09-30": ""}, "Property, Plant, And Equipment": {"2020-09-30": "4561.00000", "2019-09-30": "4714.00000", "2018-09-30": "2488.00000", "2017-09-30": "2366.00000", "2016-09-30": "2224.00000", "2015-09-30": "1294.00000", "2014-09-30": "1364.00000", "2013-09-30": "1266.00000", "2012-09-30": "1216.00000", "2011-09-30": "1250.00000", "2010-09-30": "1146.00000", "2009-09-30": ""}, "Long-Term Investments": {"2020-09-30": "", "2019-09-30": "", "2018-09-30": "", "2017-09-30": "", "2016-09-30": "", "2015-09-30": "", "2014-09-30": "", "2013-09-30": "", "2012-09-30": "", "2011-09-30": "", "2010-09-30": "", "2009-09-30": ""}, "Goodwill And Intangible Assets": {"2020-09-30": "7670.00000", "2019-09-30": "7831.00000", "2018-09-30": "4284.00000", "2017-09-30": "4061.00000", "2016-09-30": "3606.00000", "2015-09-30": "2345.00000", "2014-09-30": "2455.00000", "2013-09-30": "2520.00000", "2012-09-30": "2636.00000", "2011-09-30": "2704.00000", "2010-09-30": "2872.00000", "2009-09-30": "0.00000"}, "Other Long-Term Assets": {"2020-09-30": "91.00000", "2019-09-30": "167.00000", "2018-09-30": "74.00000", "2017-09-30": "45.00000", "2016-09-30": "31.00000", "2015-09-30": "6.00000", "2014-09-30": "1.00000", "2013-09-30": "12.00000", "2012-09-30": "21.00000", "2011-09-30": "8.00000", "2010-09-30": "11.00000", "2009-09-30": ""}, "Total Long-Term Assets": {"2020-09-30": "12884.00000", "2019-09-30": "12712.00000", "2018-09-30": "6846.00000", "2017-09-30": "6472.00000", "2016-09-30": "5861.00000", "2015-09-30": "3645.00000", "2014-09-30": "3820.00000", "2013-09-30": "3798.00000", "2012-09-30": "3873.00000", "2011-09-30": "3962.00000", "2010-09-30": "4029.00000", "2009-09-30": ""}, "Total Assets": {"2020-09-30": "16701.00000", "2019-09-30": "16469.00000", "2018-09-30": "9131.00000", "2017-09-30": "8476.00000", "2016-09-30": "7653.00000", "2015-09-30": "5028.00000", "2014-09-30": "5252.00000", "2013-09-30": "5135.00000", "2012-09-30": "5106.00000", "2011-09-30": "5217.00000", "2010-09-30": "5344.00000", "2009-09-30": "0.00000"}, "Total Current Liabilities": {"2020-09-30": "2183.00000", "2019-09-30": "2039.00000", "2018-09-30": "1237.00000", "2017-09-30": "1134.00000", "2016-09-30": "1031.00000", "2015-09-30": "705.00000", "2014-09-30": "767.00000", "2013-09-30": "684.00000", "2012-09-30": "646.00000", "2011-09-30": "684.00000", "2010-09-30": "662.00000", "2009-09-30": ""}, "Long Term Debt": {"2020-09-30": "10162.00000", "2019-09-30": "11261.00000", "2018-09-30": "5806.00000", "2017-09-30": "5608.00000", "2016-09-30": "5712.00000", "2015-09-30": "3648.00000", "2014-09-30": "3844.00000", "2013-09-30": "3875.00000", "2012-09-30": "4431.00000", "2011-09-30": "4581.00000", "2010-09-30": "4397.00000", "2009-09-30": ""}, "Other Non-Current Liabilities": {"2020-09-30": "831.00000", "2019-09-30": "421.00000", "2018-09-30": "244.00000", "2017-09-30": "300.00000", "2016-09-30": "417.00000", "2015-09-30": "341.00000", "2014-09-30": "356.00000", "2013-09-30": "387.00000", "2012-09-30": "166.00000", "2011-09-30": "170.00000", "2010-09-30": "160.00000", "2009-09-30": ""}, "Total Long Term Liabilities": {"2020-09-30": "12426.00000", "2019-09-30": "12812.00000", "2018-09-30": "6460.00000", "2017-09-30": "6327.00000", "2016-09-30": "6401.00000", "2015-09-30": "4388.00000", "2014-09-30": "4599.00000", "2013-09-30": "4647.00000", "2012-09-30": "4912.00000", "2011-09-30": "4984.00000", "2010-09-30": "4812.00000", "2009-09-30": ""}, "Total Liabilities": {"2020-09-30": "14609.00000", "2019-09-30": "14851.00000", "2018-09-30": "7697.00000", "2017-09-30": "7461.00000", "2016-09-30": "7432.00000", "2015-09-30": "5093.00000", "2014-09-30": "5366.00000", "2013-09-30": "5331.00000", "2012-09-30": "5558.00000", "2011-09-30": "5668.00000", "2010-09-30": "5474.00000", "2009-09-30": "0.00000"}, "Common Stock Net": {"2020-09-30": "1.00000", "2019-09-30": "1.00000", "2018-09-30": "1.00000", "2017-09-30": "1.00000", "2016-09-30": "1.00000", "2015-09-30": "1.00000", "2014-09-30": "1.00000", "2013-09-30": "1.00000", "2012-09-30": "1.00000", "2011-09-30": "1.00000", "2010-09-30": "148.00000", "2009-09-30": "0.00000"}, "Retained Earnings (Accumulated Deficit)": {"2020-09-30": "1608.00000", "2019-09-30": "1054.00000", "2018-09-30": "719.00000", "2017-09-30": "256.00000", "2016-09-30": "-84.00000", "2015-09-30": "-356.00000", "2014-09-30": "-442.00000", "2013-09-30": "-504.00000", "2012-09-30": "-561.00000", "2011-09-30": "-563.00000", "2010-09-30": "-264.00000", "2009-09-30": ""}, "Comprehensive Income": {"2020-09-30": "-551.00000", "2019-09-30": "-386.00000", "2018-09-30": "-156.00000", "2017-09-30": "-68.00000", "2016-09-30": "-148.00000", "2015-09-30": "-119.00000", "2014-09-30": "-43.00000", "2013-09-30": "-18.00000", "2012-09-30": "-47.00000", "2011-09-30": "-48.00000", "2010-09-30": "-23.00000", "2009-09-30": ""}, "Other Share Holders Equity": {"2020-09-30": "", "2019-09-30": "", "2018-09-30": "", "2017-09-30": "", "2016-09-30": "", "2015-09-30": "", "2014-09-30": "", "2013-09-30": "", "2012-09-30": "-2.00000", "2011-09-30": "-2.00000", "2010-09-30": "-2.00000", "2009-09-30": "0.00000"}, "Share Holder Equity": {"2020-09-30": "2092.00000", "2019-09-30": "1618.00000", "2018-09-30": "1434.00000", "2017-09-30": "1015.00000", "2016-09-30": "221.00000", "2015-09-30": "-65.00000", "2014-09-30": "-114.00000", "2013-09-30": "-196.00000", "2012-09-30": "-452.00000", "2011-09-30": "-451.00000", "2010-09-30": "-130.00000", "2009-09-30": "0.00000"}, "Total Liabilities And Share Holders Equity": {"2020-09-30": "16701.00000", "2019-09-30": "16469.00000", "2018-09-30": "9131.00000", "2017-09-30": "8476.00000", "2016-09-30": "7653.00000", "2015-09-30": "5028.00000", "2014-09-30": "5252.00000", "2013-09-30": "5135.00000", "2012-09-30": "5106.00000", "2011-09-30": "5217.00000", "2010-09-30": "5344.00000", "2009-09-30": "0.00000"}}, "balance sheet, quarterly": {"Cash On Hand": {"2020-09-30": "750.00000", "2020-06-30": "906.00000", "2020-03-31": "953.00000", "2019-12-31": "673.00000", "2019-09-30": "750.00000", "2019-06-30": "255.00000", "2019-03-31": "353.00000", "2018-12-31": "293.00000", "2018-09-30": "381.00000", "2018-06-30": "365.00000", "2018-03-31": "291.00000", "2017-12-31": "228.00000", "2017-09-30": "306.00000", "2017-06-30": "275.00000", "2017-03-31": "293.00000", "2016-12-31": "331.00000", "2016-09-30": "323.00000", "2016-06-30": "236.00000", "2016-03-31": "212.00000", "2015-12-31": "282.00000", "2015-09-30": "228.00000", "2015-06-30": "62.00000", "2015-03-31": "119.00000", "2014-12-31": "53.00000", "2014-09-30": "129.00000", "2014-06-30": "45.00000", "2014-03-31": "126.00000", "2013-12-31": "162.00000", "2013-09-30": "142.00000", "2013-06-30": "25.00000", "2013-03-31": "16.00000", "2012-12-31": "32.00000", "2012-09-30": "87.00000", "2012-06-30": "", "2012-03-31": "", "2011-12-31": "", "2011-09-30": "42.00000", "2010-09-30": "148.00000", "2009-09-30": ""}, "Receivables": {"2020-09-30": "1469.00000", "2020-06-30": "1471.00000", "2020-03-31": "1537.00000", "2019-12-31": "1400.00000", "2019-09-30": "1526.00000", "2019-06-30": "853.00000", "2019-03-31": "907.00000", "2018-12-31": "879.00000", "2018-09-30": "941.00000", "2018-06-30": "932.00000", "2018-03-31": "918.00000", "2017-12-31": "780.00000", "2017-09-30": "847.00000", "2017-06-30": "844.00000", "2017-03-31": "799.00000", "2016-12-31": "622.00000", "2016-09-30": "704.00000", "2016-06-30": "725.00000", "2016-03-31": "703.00000", "2015-12-31": "625.00000", "2015-09-30": "434.00000", "2015-06-30": "473.00000", "2015-03-31": "481.00000", "2014-12-31": "442.00000", "2014-09-30": "491.00000", "2014-06-30": "523.00000", "2014-03-31": "470.00000", "2013-12-31": "405.00000", "2013-09-30": "449.00000", "2013-06-30": "468.00000", "2013-03-31": "458.00000", "2012-12-31": "396.00000", "2012-09-30": "455.00000", "2012-06-30": "", "2012-03-31": "", "2011-12-31": "", "2011-09-30": "543.00000", "2010-09-30": "485.00000", "2009-09-30": ""}, "Inventory": {"2020-09-30": "1268.00000", "2020-06-30": "1318.00000", "2020-03-31": "1366.00000", "2019-12-31": "1412.00000", "2019-09-30": "1324.00000", "2019-06-30": "865.00000", "2019-03-31": "929.00000", "2018-12-31": "956.00000", "2018-09-30": "887.00000", "2018-06-30": "955.00000", "2018-03-31": "951.00000", "2017-12-31": "878.00000", "2017-09-30": "762.00000", "2017-06-30": "811.00000", "2017-03-31": "802.00000", "2016-12-31": "686.00000", "2016-09-30": "660.00000", "2016-06-30": "708.00000", "2016-03-31": "702.00000", "2015-12-31": "681.00000", "2015-09-30": "522.00000", "2015-06-30": "574.00000", "2015-03-31": "609.00000", "2014-12-31": "619.00000", "2014-09-30": "604.00000", "2014-06-30": "665.00000", "2014-03-31": "626.00000", "2013-12-31": "572.00000", "2013-09-30": "575.00000", "2013-06-30": "577.00000", "2013-03-31": "610.00000", "2012-12-31": "551.00000", "2012-09-30": "535.00000", "2012-06-30": "", "2012-03-31": "", "2011-12-31": "", "2011-09-30": "578.00000", "2010-09-30": "583.00000", "2009-09-30": ""}, "Pre-Paid Expenses": {"2020-09-30": "168.00000", "2020-06-30": "162.00000", "2020-03-31": "197.00000", "2019-12-31": "188.00000", "2019-09-30": "157.00000", "2019-06-30": "98.00000", "2019-03-31": "78.00000", "2018-12-31": "78.00000", "2018-09-30": "76.00000", "2018-06-30": "85.00000", "2018-03-31": "101.00000", "2017-12-31": "95.00000", "2017-09-30": "89.00000", "2017-06-30": "92.00000", "2017-03-31": "102.00000", "2016-12-31": "104.00000", "2016-09-30": "105.00000", "2016-06-30": "97.00000", "2016-03-31": "95.00000", "2015-12-31": "104.00000", "2015-09-30": "37.00000", "2015-06-30": "38.00000", "2015-03-31": "33.00000", "2014-12-31": "39.00000", "2014-09-30": "42.00000", "2014-06-30": "33.00000", "2014-03-31": "39.00000", "2013-12-31": "45.00000", "2013-09-30": "32.00000", "2013-06-30": "32.00000", "2013-03-31": "35.00000", "2012-12-31": "31.00000", "2012-09-30": "42.00000", "2012-06-30": "", "2012-03-31": "", "2011-12-31": "", "2011-09-30": "", "2010-09-30": "", "2009-09-30": ""}, "Other Current Assets": {"2020-09-30": "162.00000", "2020-06-30": "", "2020-03-31": "", "2019-12-31": "", "2019-09-30": "", "2019-06-30": "108.00000", "2019-03-31": "", "2018-12-31": "", "2018-09-30": "", "2018-06-30": "", "2018-03-31": "", "2017-12-31": "", "2017-09-30": "", "2017-06-30": "", "2017-03-31": "", "2016-12-31": "", "2016-09-30": "", "2016-06-30": "", "2016-03-31": "", "2015-12-31": "", "2015-09-30": "", "2015-06-30": "", "2015-03-31": "", "2014-12-31": "", "2014-09-30": "", "2014-06-30": "", "2014-03-31": "", "2013-12-31": "", "2013-09-30": "", "2013-06-30": "", "2013-03-31": "", "2012-12-31": "", "2012-09-30": "", "2012-06-30": "", "2012-03-31": "", "2011-12-31": "", "2011-09-30": "92.00000", "2010-09-30": "", "2009-09-30": ""}, "Total Current Assets": {"2020-09-30": "3817.00000", "2020-06-30": "3857.00000", "2020-03-31": "4053.00000", "2019-12-31": "3673.00000", "2019-09-30": "3757.00000", "2019-06-30": "2179.00000", "2019-03-31": "2267.00000", "2018-12-31": "2206.00000", "2018-09-30": "2285.00000", "2018-06-30": "2337.00000", "2018-03-31": "2261.00000", "2017-12-31": "1981.00000", "2017-09-30": "2004.00000", "2017-06-30": "2022.00000", "2017-03-31": "1996.00000", "2016-12-31": "1743.00000", "2016-09-30": "1792.00000", "2016-06-30": "1766.00000", "2016-03-31": "1712.00000", "2015-12-31": "1692.00000", "2015-09-30": "1383.00000", "2015-06-30": "1328.00000", "2015-03-31": "1488.00000", "2014-12-31": "1402.00000", "2014-09-30": "1432.00000", "2014-06-30": "1508.00000", "2014-03-31": "1516.00000", "2013-12-31": "1444.00000", "2013-09-30": "1337.00000", "2013-06-30": "1219.00000", "2013-03-31": "1249.00000", "2012-12-31": "1195.00000", "2012-09-30": "1233.00000", "2012-06-30": "", "2012-03-31": "", "2011-12-31": "", "2011-09-30": "1255.00000", "2010-09-30": "1315.00000", "2009-09-30": ""}, "Property, Plant, And Equipment": {"2020-09-30": "4561.00000", "2020-06-30": "4481.00000", "2020-03-31": "4467.00000", "2019-12-31": "4799.00000", "2019-09-30": "4714.00000", "2019-06-30": "2451.00000", "2019-03-31": "2449.00000", "2018-12-31": "2457.00000", "2018-09-30": "2488.00000", "2018-06-30": "2507.00000", "2018-03-31": "2618.00000", "2017-12-31": "2363.00000", "2017-09-30": "2366.00000", "2017-06-30": "2375.00000", "2017-03-31": "2392.00000", "2016-12-31": "2182.00000", "2016-09-30": "2224.00000", "2016-06-30": "2276.00000", "2016-03-31": "2317.00000", "2015-12-31": "2297.00000", "2015-09-30": "1294.00000", "2015-06-30": "1301.00000", "2015-03-31": "1315.00000", "2014-12-31": "1331.00000", "2014-09-30": "1364.00000", "2014-06-30": "1406.00000", "2014-03-31": "1316.00000", "2013-12-31": "1280.00000", "2013-09-30": "1266.00000", "2013-06-30": "1263.00000", "2013-03-31": "1242.00000", "2012-12-31": "1223.00000", "2012-09-30": "1216.00000", "2012-06-30": "", "2012-03-31": "", "2011-12-31": "", "2011-09-30": "2104.00000", "2010-09-30": "1807.00000", "2009-09-30": ""}, "Long-Term Investments": {"2020-09-30": "", "2020-06-30": "", "2020-03-31": "", "2019-12-31": "", "2019-09-30": "", "2019-06-30": "", "2019-03-31": "", "2018-12-31": "", "2018-09-30": "", "2018-06-30": "", "2018-03-31": "", "2017-12-31": "", "2017-09-30": "", "2017-06-30": "", "2017-03-31": "", "2016-12-31": "", "2016-09-30": "", "2016-06-30": "", "2016-03-31": "", "2015-12-31": "", "2015-09-30": "", "2015-06-30": "", "2015-03-31": "", "2014-12-31": "", "2014-09-30": "", "2014-06-30": "", "2014-03-31": "", "2013-12-31": "", "2013-09-30": "", "2013-06-30": "", "2013-03-31": "", "2012-12-31": "", "2012-09-30": "", "2012-06-30": "", "2012-03-31": "", "2011-12-31": "", "2011-09-30": "", "2010-09-30": "", "2009-09-30": ""}, "Goodwill And Intangible Assets": {"2020-09-30": "7670.00000", "2020-06-30": "7720.00000", "2020-03-31": "7768.00000", "2019-12-31": "7840.00000", "2019-09-30": "7831.00000", "2019-06-30": "4115.00000", "2019-03-31": "4201.00000", "2018-12-31": "4243.00000", "2018-09-30": "4284.00000", "2018-06-30": "4157.00000", "2018-03-31": "4160.00000", "2017-12-31": "4024.00000", "2017-09-30": "4061.00000", "2017-06-30": "4096.00000", "2017-03-31": "4102.00000", "2016-12-31": "3556.00000", "2016-09-30": "3606.00000", "2016-06-30": "3735.00000", "2016-03-31": "3742.00000", "2015-12-31": "3701.00000", "2015-09-30": "2345.00000", "2015-06-30": "2381.00000", "2015-03-31": "2410.00000", "2014-12-31": "2442.00000", "2014-09-30": "2455.00000", "2014-06-30": "2494.00000", "2014-03-31": "2523.00000", "2013-12-31": "2528.00000", "2013-09-30": "2520.00000", "2013-06-30": "2551.00000", "2013-03-31": "2579.00000", "2012-12-31": "2620.00000", "2012-09-30": "2636.00000", "2012-06-30": "0.00000", "2012-03-31": "0.00000", "2011-12-31": "0.00000", "2011-09-30": "2704.00000", "2010-09-30": "0.00000", "2009-09-30": "0.00000"}, "Other Long-Term Assets": {"2020-09-30": "91.00000", "2020-06-30": "110.00000", "2020-03-31": "87.00000", "2019-12-31": "116.00000", "2019-09-30": "167.00000", "2019-06-30": "64.00000", "2019-03-31": "67.00000", "2018-12-31": "66.00000", "2018-09-30": "74.00000", "2018-06-30": "41.00000", "2018-03-31": "68.00000", "2017-12-31": "52.00000", "2017-09-30": "45.00000", "2017-06-30": "52.00000", "2017-03-31": "51.00000", "2016-12-31": "30.00000", "2016-09-30": "31.00000", "2016-06-30": "28.00000", "2016-03-31": "27.00000", "2015-12-31": "20.00000", "2015-09-30": "6.00000", "2015-06-30": "1.00000", "2015-03-31": "1.00000", "2014-12-31": "1.00000", "2014-09-30": "1.00000", "2014-06-30": "11.00000", "2014-03-31": "12.00000", "2013-12-31": "12.00000", "2013-09-30": "12.00000", "2013-06-30": "12.00000", "2013-03-31": "12.00000", "2012-12-31": "12.00000", "2012-09-30": "21.00000", "2012-06-30": "", "2012-03-31": "", "2011-12-31": "", "2011-09-30": "8.00000", "2010-09-30": "", "2009-09-30": ""}, "Total Long-Term Assets": {"2020-09-30": "12884.00000", "2020-06-30": "12874.00000", "2020-03-31": "12896.00000", "2019-12-31": "13351.00000", "2019-09-30": "12712.00000", "2019-06-30": "6630.00000", "2019-03-31": "6717.00000", "2018-12-31": "6766.00000", "2018-09-30": "6846.00000", "2018-06-30": "6705.00000", "2018-03-31": "6846.00000", "2017-12-31": "6439.00000", "2017-09-30": "6472.00000", "2017-06-30": "6523.00000", "2017-03-31": "6545.00000", "2016-12-31": "5768.00000", "2016-09-30": "5861.00000", "2016-06-30": "6039.00000", "2016-03-31": "6086.00000", "2015-12-31": "6018.00000", "2015-09-30": "3645.00000", "2015-06-30": "3683.00000", "2015-03-31": "3726.00000", "2014-12-31": "3774.00000", "2014-09-30": "3820.00000", "2014-06-30": "3911.00000", "2014-03-31": "3851.00000", "2013-12-31": "3820.00000", "2013-09-30": "3798.00000", "2013-06-30": "3826.00000", "2013-03-31": "3833.00000", "2012-12-31": "3855.00000", "2012-09-30": "3873.00000", "2012-06-30": "", "2012-03-31": "", "2011-12-31": "", "2011-09-30": "4816.00000", "2010-09-30": "1807.00000", "2009-09-30": ""}, "Total Assets": {"2020-09-30": "16701.00000", "2020-06-30": "16731.00000", "2020-03-31": "16949.00000", "2019-12-31": "17024.00000", "2019-09-30": "16469.00000", "2019-06-30": "8809.00000", "2019-03-31": "8984.00000", "2018-12-31": "8972.00000", "2018-09-30": "9131.00000", "2018-06-30": "9042.00000", "2018-03-31": "9107.00000", "2017-12-31": "8420.00000", "2017-09-30": "8476.00000", "2017-06-30": "8545.00000", "2017-03-31": "8541.00000", "2016-12-31": "7511.00000", "2016-09-30": "7653.00000", "2016-06-30": "7805.00000", "2016-03-31": "7798.00000", "2015-12-31": "7710.00000", "2015-09-30": "5028.00000", "2015-06-30": "5011.00000", "2015-03-31": "5214.00000", "2014-12-31": "5176.00000", "2014-09-30": "5252.00000", "2014-06-30": "5419.00000", "2014-03-31": "5367.00000", "2013-12-31": "5264.00000", "2013-09-30": "5135.00000", "2013-06-30": "5045.00000", "2013-03-31": "5082.00000", "2012-12-31": "5050.00000", "2012-09-30": "5106.00000", "2012-06-30": "0.00000", "2012-03-31": "0.00000", "2011-12-31": "0.00000", "2011-09-30": "5217.00000", "2010-09-30": "5344.00000", "2009-09-30": "0.00000"}, "Total Current Liabilities": {"2020-09-30": "2183.00000", "2020-06-30": "1995.00000", "2020-03-31": "2202.00000", "2019-12-31": "2077.00000", "2019-09-30": "2039.00000", "2019-06-30": "1156.00000", "2019-03-31": "1127.00000", "2018-12-31": "1179.00000", "2018-09-30": "1237.00000", "2018-06-30": "1162.00000", "2018-03-31": "1162.00000", "2017-12-31": "1154.00000", "2017-09-30": "1134.00000", "2017-06-30": "1113.00000", "2017-03-31": "1108.00000", "2016-12-31": "980.00000", "2016-09-30": "1031.00000", "2016-06-30": "1086.00000", "2016-03-31": "1078.00000", "2015-12-31": "1046.00000", "2015-09-30": "705.00000", "2015-06-30": "694.00000", "2015-03-31": "730.00000", "2014-12-31": "742.00000", "2014-09-30": "767.00000", "2014-06-30": "854.00000", "2014-03-31": "832.00000", "2013-12-31": "763.00000", "2013-09-30": "684.00000", "2013-06-30": "669.00000", "2013-03-31": "732.00000", "2012-12-31": "713.00000", "2012-09-30": "646.00000", "2012-06-30": "", "2012-03-31": "", "2011-12-31": "", "2011-09-30": "684.00000", "2010-09-30": "662.00000", "2009-09-30": ""}, "Long Term Debt": {"2020-09-30": "10162.00000", "2020-06-30": "10690.00000", "2020-03-31": "11043.00000", "2019-12-31": "11140.00000", "2019-09-30": "11261.00000", "2019-06-30": "5439.00000", "2019-03-31": "5690.00000", "2018-12-31": "5700.00000", "2018-09-30": "5806.00000", "2018-06-30": "5910.00000", "2018-03-31": "5992.00000", "2017-12-31": "5502.00000", "2017-09-30": "5608.00000", "2017-06-30": "5857.00000", "2017-03-31": "6012.00000", "2016-12-31": "5710.00000", "2016-09-30": "5712.00000", "2016-06-30": "5812.00000", "2016-03-31": "5914.00000", "2015-12-31": "6066.00000", "2015-09-30": "3648.00000", "2015-06-30": "3669.00000", "2015-03-31": "3767.00000", "2014-12-31": "3756.00000", "2014-09-30": "3844.00000", "2014-06-30": "3899.00000", "2014-03-31": "3866.00000", "2013-12-31": "3875.00000", "2013-09-30": "3875.00000", "2013-06-30": "3886.00000", "2013-03-31": "3942.00000", "2012-12-31": "3932.00000", "2012-09-30": "4431.00000", "2012-06-30": "", "2012-03-31": "", "2011-12-31": "", "2011-09-30": "4581.00000", "2010-09-30": "4397.00000", "2009-09-30": ""}, "Other Non-Current Liabilities": {"2020-09-30": "831.00000", "2020-06-30": "729.00000", "2020-03-31": "650.00000", "2019-12-31": "460.00000", "2019-09-30": "421.00000", "2019-06-30": "345.00000", "2019-03-31": "290.00000", "2018-12-31": "281.00000", "2018-09-30": "244.00000", "2018-06-30": "297.00000", "2018-03-31": "322.00000", "2017-12-31": "314.00000", "2017-09-30": "300.00000", "2017-06-30": "311.00000", "2017-03-31": "315.00000", "2016-12-31": "294.00000", "2016-09-30": "417.00000", "2016-06-30": "375.00000", "2016-03-31": "373.00000", "2015-12-31": "332.00000", "2015-09-30": "341.00000", "2015-06-30": "316.00000", "2015-03-31": "310.00000", "2014-12-31": "302.00000", "2014-09-30": "356.00000", "2014-06-30": "322.00000", "2014-03-31": "307.00000", "2013-12-31": "300.00000", "2013-09-30": "387.00000", "2013-06-30": "394.00000", "2013-03-31": "393.00000", "2012-12-31": "337.00000", "2012-09-30": "166.00000", "2012-06-30": "", "2012-03-31": "", "2011-12-31": "", "2011-09-30": "170.00000", "2010-09-30": "", "2009-09-30": ""}, "Total Long Term Liabilities": {"2020-09-30": "12426.00000", "2020-06-30": "12867.00000", "2020-03-31": "13096.00000", "2019-12-31": "13161.00000", "2019-09-30": "12812.00000", "2019-06-30": "6107.00000", "2019-03-31": "6326.00000", "2018-12-31": "6338.00000", "2018-09-30": "6460.00000", "2018-06-30": "6541.00000", "2018-03-31": "6639.00000", "2017-12-31": "6092.00000", "2017-09-30": "6327.00000", "2017-06-30": "6584.00000", "2017-03-31": "6731.00000", "2016-12-31": "6285.00000", "2016-09-30": "6401.00000", "2016-06-30": "6564.00000", "2016-03-31": "6654.00000", "2015-12-31": "6743.00000", "2015-09-30": "4388.00000", "2015-06-30": "4404.00000", "2015-03-31": "4570.00000", "2014-12-31": "4540.00000", "2014-09-30": "4599.00000", "2014-06-30": "4695.00000", "2014-03-31": "4682.00000", "2013-12-31": "4684.00000", "2013-09-30": "4647.00000", "2013-06-30": "4627.00000", "2013-03-31": "4665.00000", "2012-12-31": "4650.00000", "2012-09-30": "4912.00000", "2012-06-30": "", "2012-03-31": "", "2011-12-31": "", "2011-09-30": "4984.00000", "2010-09-30": "4397.00000", "2009-09-30": ""}, "Total Liabilities": {"2020-09-30": "14609.00000", "2020-06-30": "14862.00000", "2020-03-31": "15298.00000", "2019-12-31": "15238.00000", "2019-09-30": "14851.00000", "2019-06-30": "7263.00000", "2019-03-31": "7453.00000", "2018-12-31": "7517.00000", "2018-09-30": "7697.00000", "2018-06-30": "7703.00000", "2018-03-31": "7801.00000", "2017-12-31": "7246.00000", "2017-09-30": "7461.00000", "2017-06-30": "7697.00000", "2017-03-31": "7839.00000", "2016-12-31": "7265.00000", "2016-09-30": "7432.00000", "2016-06-30": "7650.00000", "2016-03-31": "7732.00000", "2015-12-31": "7789.00000", "2015-09-30": "5093.00000", "2015-06-30": "5098.00000", "2015-03-31": "5300.00000", "2014-12-31": "5282.00000", "2014-09-30": "5366.00000", "2014-06-30": "5549.00000", "2014-03-31": "5514.00000", "2013-12-31": "5447.00000", "2013-09-30": "5331.00000", "2013-06-30": "5296.00000", "2013-03-31": "5397.00000", "2012-12-31": "5363.00000", "2012-09-30": "5558.00000", "2012-06-30": "0.00000", "2012-03-31": "0.00000", "2011-12-31": "0.00000", "2011-09-30": "5668.00000", "2010-09-30": "5474.00000", "2009-09-30": "0.00000"}, "Common Stock Net": {"2020-09-30": "1.00000", "2020-06-30": "1.00000", "2020-03-31": "1.00000", "2019-12-31": "1.00000", "2019-09-30": "1.00000", "2019-06-30": "1.00000", "2019-03-31": "1.00000", "2018-12-31": "1.00000", "2018-09-30": "1.00000", "2018-06-30": "1.00000", "2018-03-31": "1.00000", "2017-12-31": "1.00000", "2017-09-30": "1.00000", "2017-06-30": "1.00000", "2017-03-31": "1.00000", "2016-12-31": "1.00000", "2016-09-30": "1.00000", "2016-06-30": "1.00000", "2016-03-31": "1.00000", "2015-12-31": "1.00000", "2015-09-30": "1.00000", "2015-06-30": "1.00000", "2015-03-31": "1.00000", "2014-12-31": "1.00000", "2014-09-30": "1.00000", "2014-06-30": "1.00000", "2014-03-31": "1.00000", "2013-12-31": "1.00000", "2013-09-30": "1.00000", "2013-06-30": "1.00000", "2013-03-31": "1.00000", "2012-12-31": "1.00000", "2012-09-30": "1.00000", "2012-06-30": "0.00000", "2012-03-31": "0.00000", "2011-12-31": "0.00000", "2011-09-30": "143.00000", "2010-09-30": "0.00000", "2009-09-30": "0.00000"}, "Retained Earnings (Accumulated Deficit)": {"2020-09-30": "1608.00000", "2020-06-30": "1413.00000", "2020-03-31": "1222.00000", "2019-12-31": "1096.00000", "2019-09-30": "1054.00000", "2019-06-30": "825.00000", "2019-03-31": "812.00000", "2018-12-31": "755.00000", "2018-09-30": "719.00000", "2018-06-30": "619.00000", "2018-03-31": "509.00000", "2017-12-31": "419.00000", "2017-09-30": "256.00000", "2017-06-30": "146.00000", "2017-03-31": "39.00000", "2016-12-31": "-33.00000", "2016-09-30": "-84.00000", "2016-06-30": "-197.00000", "2016-03-31": "-293.00000", "2015-12-31": "-352.00000", "2015-09-30": "-356.00000", "2015-06-30": "-404.00000", "2015-03-31": "-391.00000", "2014-12-31": "-429.00000", "2014-09-30": "-442.00000", "2014-06-30": "-471.00000", "2014-03-31": "-486.00000", "2013-12-31": "-498.00000", "2013-09-30": "-504.00000", "2013-06-30": "-530.00000", "2013-03-31": "-570.00000", "2012-12-31": "-571.00000", "2012-09-30": "-561.00000", "2012-06-30": "", "2012-03-31": "", "2011-12-31": "", "2011-09-30": "-563.00000", "2010-09-30": "-264.00000", "2009-09-30": ""}, "Comprehensive Income": {"2020-09-30": "-551.00000", "2020-06-30": "-550.00000", "2020-03-31": "-548.00000", "2019-12-31": "-281.00000", "2019-09-30": "-386.00000", "2019-06-30": "-211.00000", "2019-03-31": "-186.00000", "2018-12-31": "-177.00000", "2018-09-30": "-156.00000", "2018-06-30": "-144.00000", "2018-03-31": "-56.00000", "2017-12-31": "-80.00000", "2017-09-30": "-68.00000", "2017-06-30": "-116.00000", "2017-03-31": "-139.00000", "2016-12-31": "-182.00000", "2016-09-30": "-148.00000", "2016-06-30": "-92.00000", "2016-03-31": "-73.00000", "2015-12-31": "-145.00000", "2015-09-30": "-119.00000", "2015-06-30": "-87.00000", "2015-03-31": "-91.00000", "2014-12-31": "-62.00000", "2014-09-30": "-43.00000", "2014-06-30": "-23.00000", "2014-03-31": "-20.00000", "2013-12-31": "-19.00000", "2013-09-30": "-18.00000", "2013-06-30": "-44.00000", "2013-03-31": "-49.00000", "2012-12-31": "-44.00000", "2012-09-30": "-47.00000", "2012-06-30": "", "2012-03-31": "", "2011-12-31": "", "2011-09-30": "", "2010-09-30": "", "2009-09-30": ""}, "Other Share Holders Equity": {"2020-09-30": "", "2020-06-30": "", "2020-03-31": "", "2019-12-31": "", "2019-09-30": "", "2019-06-30": "", "2019-03-31": "", "2018-12-31": "", "2018-09-30": "", "2018-06-30": "", "2018-03-31": "", "2017-12-31": "", "2017-09-30": "", "2017-06-30": "", "2017-03-31": "", "2016-12-31": "", "2016-09-30": "", "2016-06-30": "", "2016-03-31": "", "2015-12-31": "", "2015-09-30": "", "2015-06-30": "", "2015-03-31": "", "2014-12-31": "", "2014-09-30": "", "2014-06-30": "", "2014-03-31": "", "2013-12-31": "", "2013-09-30": "", "2013-06-30": "", "2013-03-31": "-1.00000", "2012-12-31": "-2.00000", "2012-09-30": "-2.00000", "2012-06-30": "0.00000", "2012-03-31": "0.00000", "2011-12-31": "0.00000", "2011-09-30": "-47.00000", "2010-09-30": "0.00000", "2009-09-30": "0.00000"}, "Share Holder Equity": {"2020-09-30": "2092.00000", "2020-06-30": "1869.00000", "2020-03-31": "1651.00000", "2019-12-31": "1786.00000", "2019-09-30": "1618.00000", "2019-06-30": "1546.00000", "2019-03-31": "1531.00000", "2018-12-31": "1455.00000", "2018-09-30": "1434.00000", "2018-06-30": "1339.00000", "2018-03-31": "1306.00000", "2017-12-31": "1174.00000", "2017-09-30": "1015.00000", "2017-06-30": "848.00000", "2017-03-31": "702.00000", "2016-12-31": "246.00000", "2016-09-30": "221.00000", "2016-06-30": "155.00000", "2016-03-31": "66.00000", "2015-12-31": "-79.00000", "2015-09-30": "-65.00000", "2015-06-30": "-87.00000", "2015-03-31": "-86.00000", "2014-12-31": "-106.00000", "2014-09-30": "-114.00000", "2014-06-30": "-130.00000", "2014-03-31": "-147.00000", "2013-12-31": "-183.00000", "2013-09-30": "-196.00000", "2013-06-30": "-251.00000", "2013-03-31": "-315.00000", "2012-12-31": "-313.00000", "2012-09-30": "-452.00000", "2012-06-30": "0.00000", "2012-03-31": "0.00000", "2011-12-31": "0.00000", "2011-09-30": "-451.00000", "2010-09-30": "-130.00000", "2009-09-30": "0.00000"}, "Total Liabilities And Share Holders Equity": {"2020-09-30": "16701.00000", "2020-06-30": "16731.00000", "2020-03-31": "16949.00000", "2019-12-31": "17024.00000", "2019-09-30": "16469.00000", "2019-06-30": "8809.00000", "2019-03-31": "8984.00000", "2018-12-31": "8972.00000", "2018-09-30": "9131.00000", "2018-06-30": "9042.00000", "2018-03-31": "9107.00000", "2017-12-31": "8420.00000", "2017-09-30": "8476.00000", "2017-06-30": "8545.00000", "2017-03-31": "8541.00000", "2016-12-31": "7511.00000", "2016-09-30": "7653.00000", "2016-06-30": "7805.00000", "2016-03-31": "7798.00000", "2015-12-31": "7710.00000", "2015-09-30": "5028.00000", "2015-06-30": "5011.00000", "2015-03-31": "5214.00000", "2014-12-31": "5176.00000", "2014-09-30": "5252.00000", "2014-06-30": "5419.00000", "2014-03-31": "5367.00000", "2013-12-31": "5264.00000", "2013-09-30": "5135.00000", "2013-06-30": "5045.00000", "2013-03-31": "5082.00000", "2012-12-31": "5050.00000", "2012-09-30": "5106.00000", "2012-06-30": "0.00000", "2012-03-31": "0.00000", "2011-12-31": "0.00000", "2011-09-30": "5217.00000", "2010-09-30": "0.00000", "2009-09-30": "0.00000"}}, "cash flow statement": {"Net Income/Loss": {"2020-09-30": "559.00000", "2019-09-30": "404.00000", "2018-09-30": "496.00000", "2017-09-30": "340.00000", "2016-09-30": "236.00000", "2015-09-30": "86.00000", "2014-09-30": "62.00000", "2013-09-30": "57.00000", "2012-09-30": "2.00000", "2011-09-30": "-299.00000", "2010-09-30": "-113.00000", "2009-09-30": "152.00000"}, "Total Depreciation And Amortization - Cash Flow": {"2020-09-30": "845.00000", "2019-09-30": "613.00000", "2018-09-30": "538.00000", "2017-09-30": "521.00000", "2016-09-30": "525.00000", "2015-09-30": "350.00000", "2014-09-30": "358.00000", "2013-09-30": "341.00000", "2012-09-30": "355.00000", "2011-09-30": "344.00000", "2010-09-30": "317.00000", "2009-09-30": "254.00000"}, "Other Non-Cash Items": {"2020-09-30": "17.00000", "2019-09-30": "-44.00000", "2018-09-30": "-13.00000", "2017-09-30": "59.00000", "2016-09-30": "51.00000", "2015-09-30": "149.00000", "2014-09-30": "57.00000", "2013-09-30": "132.00000", "2012-09-30": "50.00000", "2011-09-30": "231.00000", "2010-09-30": "-28.00000", "2009-09-30": "-177.00000"}, "Total Non-Cash Items": {"2020-09-30": "862.00000", "2019-09-30": "569.00000", "2018-09-30": "525.00000", "2017-09-30": "580.00000", "2016-09-30": "576.00000", "2015-09-30": "499.00000", "2014-09-30": "415.00000", "2013-09-30": "473.00000", "2012-09-30": "405.00000", "2011-09-30": "575.00000", "2010-09-30": "289.00000", "2009-09-30": "77.00000"}, "Change In Accounts Receivable": {"2020-09-30": "49.00000", "2019-09-30": "150.00000", "2018-09-30": "-53.00000", "2017-09-30": "-41.00000", "2016-09-30": "-34.00000", "2015-09-30": "46.00000", "2014-09-30": "5.00000", "2013-09-30": "3.00000", "2012-09-30": "95.00000", "2011-09-30": "-11.00000", "2010-09-30": "-41.00000", "2009-09-30": "85.00000"}, "Change In Inventories": {"2020-09-30": "48.00000", "2019-09-30": "99.00000", "2018-09-30": "-79.00000", "2017-09-30": "10.00000", "2016-09-30": "9.00000", "2015-09-30": "74.00000", "2014-09-30": "19.00000", "2013-09-30": "-43.00000", "2012-09-30": "37.00000", "2011-09-30": "59.00000", "2010-09-30": "-118.00000", "2009-09-30": "123.00000"}, "Change In Accounts Payable": {"2020-09-30": "", "2019-09-30": "", "2018-09-30": "", "2017-09-30": "", "2016-09-30": "", "2015-09-30": "", "2014-09-30": "", "2013-09-30": "", "2012-09-30": "", "2011-09-30": "", "2010-09-30": "", "2009-09-30": ""}, "Change In Assets/Liabilities": {"2020-09-30": "-12.00000", "2019-09-30": "14.00000", "2018-09-30": "18.00000", "2017-09-30": "27.00000", "2016-09-30": "21.00000", "2015-09-30": "-8.00000", "2014-09-30": "-1.00000", "2013-09-30": "15.00000", "2012-09-30": "-7.00000", "2011-09-30": "25.00000", "2010-09-30": "12.00000", "2009-09-30": "50.00000"}, "Total Change In Assets/Liabilities": {"2020-09-30": "109.00000", "2019-09-30": "228.00000", "2018-09-30": "-17.00000", "2017-09-30": "55.00000", "2016-09-30": "45.00000", "2015-09-30": "52.00000", "2014-09-30": "53.00000", "2013-09-30": "-66.00000", "2012-09-30": "72.00000", "2011-09-30": "51.00000", "2010-09-30": "-64.00000", "2009-09-30": "184.00000"}, "Cash Flow From Operating Activities": {"2020-09-30": "1530.00000", "2019-09-30": "1201.00000", "2018-09-30": "1004.00000", "2017-09-30": "975.00000", "2016-09-30": "857.00000", "2015-09-30": "637.00000", "2014-09-30": "530.00000", "2013-09-30": "464.00000", "2012-09-30": "479.00000", "2011-09-30": "327.00000", "2010-09-30": "112.00000", "2009-09-30": "413.00000"}, "Net Change In Property, Plant, And Equipment": {"2020-09-30": "-583.00000", "2019-09-30": "-399.00000", "2018-09-30": "-333.00000", "2017-09-30": "-263.00000", "2016-09-30": "-283.00000", "2015-09-30": "-162.00000", "2014-09-30": "-196.00000", "2013-09-30": "-221.00000", "2012-09-30": "-200.00000", "2011-09-30": "-155.00000", "2010-09-30": "-194.00000", "2009-09-30": "-190.00000"}, "Net Change In Intangible Assets": {"2020-09-30": "", "2019-09-30": "", "2018-09-30": "", "2017-09-30": "", "2016-09-30": "", "2015-09-30": "", "2014-09-30": "", "2013-09-30": "", "2012-09-30": "", "2011-09-30": "", "2010-09-30": "", "2009-09-30": ""}, "Net Acquisitions/Divestitures": {"2020-09-30": "-14.00000", "2019-09-30": "-5852.00000", "2018-09-30": "-702.00000", "2017-09-30": "-515.00000", "2016-09-30": "-2283.00000", "2015-09-30": "-3.00000", "2014-09-30": "-226.00000", "2013-09-30": "-24.00000", "2012-09-30": "-55.00000", "2011-09-30": "-368.00000", "2010-09-30": "-658.00000", "2009-09-30": "-5.00000"}, "Net Change In Short-term Investments": {"2020-09-30": "", "2019-09-30": "", "2018-09-30": "", "2017-09-30": "", "2016-09-30": "", "2015-09-30": "", "2014-09-30": "", "2013-09-30": "", "2012-09-30": "", "2011-09-30": "", "2010-09-30": "", "2009-09-30": ""}, "Net Change In Long-Term Investments": {"2020-09-30": "281.00000", "2019-09-30": "", "2018-09-30": "", "2017-09-30": "4.00000", "2016-09-30": "", "2015-09-30": "", "2014-09-30": "", "2013-09-30": "", "2012-09-30": "", "2011-09-30": "", "2010-09-30": "", "2009-09-30": ""}, "Net Change In Investments - Total": {"2020-09-30": "281.00000", "2019-09-30": "", "2018-09-30": "", "2017-09-30": "4.00000", "2016-09-30": "", "2015-09-30": "", "2014-09-30": "", "2013-09-30": "", "2012-09-30": "", "2011-09-30": "", "2010-09-30": "", "2009-09-30": ""}, "Investing Activities - Other": {"2020-09-30": "", "2019-09-30": "", "2018-09-30": "", "2017-09-30": "", "2016-09-30": "-13.00000", "2015-09-30": "", "2014-09-30": "", "2013-09-30": "", "2012-09-30": "", "2011-09-30": "", "2010-09-30": "", "2009-09-30": ""}, "Cash Flow From Investing Activities": {"2020-09-30": "-316.00000", "2019-09-30": "-6251.00000", "2018-09-30": "-1035.00000", "2017-09-30": "-774.00000", "2016-09-30": "-2579.00000", "2015-09-30": "-165.00000", "2014-09-30": "-422.00000", "2013-09-30": "-245.00000", "2012-09-30": "-255.00000", "2011-09-30": "-523.00000", "2010-09-30": "-852.00000", "2009-09-30": "-195.00000"}, "Net Long-Term Debt": {"2020-09-30": "-1234.00000", "2019-09-30": "5570.00000", "2018-09-30": "163.00000", "2017-09-30": "-141.00000", "2016-09-30": "1966.00000", "2015-09-30": "-258.00000", "2014-09-30": "-60.00000", "2013-09-30": "-587.00000", "2012-09-30": "-173.00000", "2011-09-30": "115.00000", "2010-09-30": "919.00000", "2009-09-30": "-398.00000"}, "Net Current Debt": {"2020-09-30": "", "2019-09-30": "", "2018-09-30": "", "2017-09-30": "", "2016-09-30": "", "2015-09-30": "", "2014-09-30": "", "2013-09-30": "", "2012-09-30": "", "2011-09-30": "", "2010-09-30": "", "2009-09-30": ""}, "Debt Issuance/Retirement Net - Total": {"2020-09-30": "-1234.00000", "2019-09-30": "5570.00000", "2018-09-30": "163.00000", "2017-09-30": "-141.00000", "2016-09-30": "1966.00000", "2015-09-30": "-258.00000", "2014-09-30": "-60.00000", "2013-09-30": "-587.00000", "2012-09-30": "-173.00000", "2011-09-30": "115.00000", "2010-09-30": "919.00000", "2009-09-30": "-398.00000"}, "Net Common Equity Issued/Repurchased": {"2020-09-30": "30.00000", "2019-09-30": "-19.00000", "2018-09-30": "-10.00000", "2017-09-30": "31.00000", "2016-09-30": "26.00000", "2015-09-30": "18.00000", "2014-09-30": "17.00000", "2013-09-30": "465.00000", "2012-09-30": "-6.00000", "2011-09-30": "-2.00000", "2010-09-30": "-3.00000", "2009-09-30": "1.00000"}, "Net Total Equity Issued/Repurchased": {"2020-09-30": "30.00000", "2019-09-30": "-19.00000", "2018-09-30": "-10.00000", "2017-09-30": "31.00000", "2016-09-30": "26.00000", "2015-09-30": "18.00000", "2014-09-30": "17.00000", "2013-09-30": "465.00000", "2012-09-30": "-6.00000", "2011-09-30": "-2.00000", "2010-09-30": "-3.00000", "2009-09-30": "1.00000"}, "Total Common And Preferred Stock Dividends Paid": {"2020-09-30": "", "2019-09-30": "", "2018-09-30": "", "2017-09-30": "", "2016-09-30": "", "2015-09-30": "", "2014-09-30": "", "2013-09-30": "", "2012-09-30": "", "2011-09-30": "", "2010-09-30": "", "2009-09-30": ""}, "Financial Activities - Other": {"2020-09-30": "-16.00000", "2019-09-30": "-125.00000", "2018-09-30": "-40.00000", "2017-09-30": "-116.00000", "2016-09-30": "-175.00000", "2015-09-30": "-125.00000", "2014-09-30": "-76.00000", "2013-09-30": "-42.00000", "2012-09-30": "", "2011-09-30": "-23.00000", "2010-09-30": "-38.00000", "2009-09-30": "-1.00000"}, "Cash Flow From Financial Activities": {"2020-09-30": "-1220.00000", "2019-09-30": "5426.00000", "2018-09-30": "113.00000", "2017-09-30": "-226.00000", "2016-09-30": "1817.00000", "2015-09-30": "-365.00000", "2014-09-30": "-119.00000", "2013-09-30": "-164.00000", "2012-09-30": "-179.00000", "2011-09-30": "90.00000", "2010-09-30": "878.00000", "2009-09-30": "-398.00000"}, "Net Cash Flow": {"2020-09-30": "", "2019-09-30": "369.00000", "2018-09-30": "75.00000", "2017-09-30": "-17.00000", "2016-09-30": "95.00000", "2015-09-30": "99.00000", "2014-09-30": "-13.00000", "2013-09-30": "55.00000", "2012-09-30": "45.00000", "2011-09-30": "-106.00000", "2010-09-30": "138.00000", "2009-09-30": "-180.00000"}, "Stock-Based Compensation": {"2020-09-30": "33.00000", "2019-09-30": "27.00000", "2018-09-30": "23.00000", "2017-09-30": "20.00000", "2016-09-30": "20.00000", "2015-09-30": "21.00000", "2014-09-30": "15.00000", "2013-09-30": "16.00000", "2012-09-30": "2.00000", "2011-09-30": "2.00000", "2010-09-30": "", "2009-09-30": "12.00000"}, "Common Stock Dividends Paid": {"2020-09-30": "", "2019-09-30": "", "2018-09-30": "", "2017-09-30": "", "2016-09-30": "", "2015-09-30": "", "2014-09-30": "", "2013-09-30": "", "2012-09-30": "", "2011-09-30": "", "2010-09-30": "", "2009-09-30": ""}}, "cash flow statement, quarterly": {"Net Income/Loss": {"2020-09-30": 195, "2020-06-30": 191, "2020-03-31": 126, "2019-12-31": "47.00000", "2019-09-30": 229, "2019-06-30": 13, "2019-03-31": 74, "2018-12-31": "88.00000", "2018-09-30": 133, "2018-06-30": 110, "2018-03-31": 90, "2017-12-31": "163.00000", "2017-09-30": 110, "2017-06-30": 107, "2017-03-31": 72, "2016-12-31": "51.00000", "2016-09-30": 77, "2016-06-30": 96, "2016-03-31": 59, "2015-12-31": "4.00000", "2015-09-30": 48, "2015-06-30": -13, "2015-03-31": 38, "2014-12-31": "13.00000", "2014-09-30": 29, "2014-06-30": 15, "2014-03-31": 12, "2013-12-31": "6.00000", "2013-09-30": 26, "2013-06-30": 40, "2013-03-31": 1, "2012-12-31": "-10.00000", "2012-09-30": 22, "2012-06-30": 9, "2012-03-31": 2, "2011-12-31": "-31.00000", "2011-09-30": -186, "2010-09-30": -265, "2009-09-30": 152}, "Total Depreciation And Amortization - Cash Flow": {"2020-09-30": 207, "2020-06-30": 209, "2020-03-31": 213, "2019-12-31": "216.00000", "2019-09-30": 216, "2019-06-30": 127, "2019-03-31": 132, "2018-12-31": "138.00000", "2018-09-30": 141, "2018-06-30": 136, "2018-03-31": 132, "2017-12-31": "129.00000", "2017-09-30": 138, "2017-06-30": 132, "2017-03-31": 131, "2016-12-31": "120.00000", "2016-09-30": 135, "2016-06-30": 120, "2016-03-31": 131, "2015-12-31": "139.00000", "2015-09-30": 87, "2015-06-30": 87, "2015-03-31": 85, "2014-12-31": "91.00000", "2014-09-30": 97, "2014-06-30": 91, "2014-03-31": 85, "2013-12-31": "85.00000", "2013-09-30": 83, "2013-06-30": 86, "2013-03-31": 85, "2012-12-31": "87.00000", "2012-09-30": 92, "2012-06-30": 87, "2012-03-31": 87, "2011-12-31": "89.00000", "2011-09-30": 27, "2010-09-30": 63, "2009-09-30": 254}, "Other Non-Cash Items": {"2020-09-30": -82, "2020-06-30": 21, "2020-03-31": 54, "2019-12-31": "24.00000", "2019-09-30": -210, "2019-06-30": 126, "2019-03-31": 30, "2018-12-31": "10.00000", "2018-09-30": -13, "2018-06-30": 72, "2018-03-31": 42, "2017-12-31": "-114.00000", "2017-09-30": -2, "2017-06-30": 10, "2017-03-31": 34, "2016-12-31": "17.00000", "2016-09-30": 11, "2016-06-30": -6, "2016-03-31": 47, "2015-12-31": "-1.00000", "2015-09-30": 21, "2015-06-30": 90, "2015-03-31": 26, "2014-12-31": "12.00000", "2014-09-30": 14, "2014-06-30": 15, "2014-03-31": 14, "2013-12-31": "14.00000", "2013-09-30": 23, "2013-06-30": 38, "2013-03-31": 50, "2012-12-31": "21.00000", "2012-09-30": 20, "2012-06-30": 11, "2012-03-31": 11, "2011-12-31": "8.00000", "2011-09-30": 0, "2010-09-30": -4, "2009-09-30": 4}, "Total Non-Cash Items": {"2020-09-30": 125, "2020-06-30": 230, "2020-03-31": 267, "2019-12-31": "240.00000", "2019-09-30": 6, "2019-06-30": 253, "2019-03-31": 162, "2018-12-31": "148.00000", "2018-09-30": 128, "2018-06-30": 208, "2018-03-31": 174, "2017-12-31": "15.00000", "2017-09-30": 136, "2017-06-30": 142, "2017-03-31": 165, "2016-12-31": "137.00000", "2016-09-30": 146, "2016-06-30": 114, "2016-03-31": 178, "2015-12-31": "138.00000", "2015-09-30": 108, "2015-06-30": 177, "2015-03-31": 111, "2014-12-31": "103.00000", "2014-09-30": 111, "2014-06-30": 106, "2014-03-31": 99, "2013-12-31": "99.00000", "2013-09-30": 106, "2013-06-30": 124, "2013-03-31": 135, "2012-12-31": "108.00000", "2012-09-30": 62, "2012-06-30": 98, "2012-03-31": 98, "2011-12-31": "97.00000", "2011-09-30": 27, "2010-09-30": 59, "2009-09-30": 258}, "Change In Accounts Receivable": {"2020-09-30": 49, "2020-06-30": 0, "2020-03-31": 0, "2019-12-31": "", "2019-09-30": 150, "2019-06-30": 0, "2019-03-31": 0, "2018-12-31": "", "2018-09-30": -53, "2018-06-30": 0, "2018-03-31": 0, "2017-12-31": "", "2017-09-30": -41, "2017-06-30": 0, "2017-03-31": 0, "2016-12-31": "", "2016-09-30": -34, "2016-06-30": 0, "2016-03-31": 0, "2015-12-31": "", "2015-09-30": 46, "2015-06-30": 0, "2015-03-31": 0, "2014-12-31": "", "2014-09-30": 26, "2014-06-30": -13, "2014-03-31": -59, "2013-12-31": "51.00000", "2013-09-30": 16, "2013-06-30": -12, "2013-03-31": -62, "2012-12-31": "61.00000", "2012-09-30": 58, "2012-06-30": -17, "2012-03-31": -26, "2011-12-31": "80.00000", "2011-09-30": 0, "2010-09-30": 0, "2009-09-30": 0}, "Change In Inventories": {"2020-09-30": 48, "2020-06-30": 0, "2020-03-31": 0, "2019-12-31": "", "2019-09-30": 99, "2019-06-30": 0, "2019-03-31": 0, "2018-12-31": "", "2018-09-30": -79, "2018-06-30": 0, "2018-03-31": 0, "2017-12-31": "", "2017-09-30": 10, "2017-06-30": 0, "2017-03-31": 0, "2016-12-31": "", "2016-09-30": 9, "2016-06-30": 0, "2016-03-31": 0, "2015-12-31": "", "2015-09-30": 74, "2015-06-30": 0, "2015-03-31": 0, "2014-12-31": "", "2014-09-30": 54, "2014-06-30": 0, "2014-03-31": -49, "2013-12-31": "14.00000", "2013-09-30": -2, "2013-06-30": 32, "2013-03-31": -59, "2012-12-31": "-14.00000", "2012-09-30": 33, "2012-06-30": 8, "2012-03-31": -52, "2011-12-31": "48.00000", "2011-09-30": 0, "2010-09-30": 0, "2009-09-30": 0}, "Change In Accounts Payable": {"2020-09-30": 0, "2020-06-30": 0, "2020-03-31": 0, "2019-12-31": "", "2019-09-30": 0, "2019-06-30": 0, "2019-03-31": 0, "2018-12-31": "", "2018-09-30": 0, "2018-06-30": 0, "2018-03-31": 0, "2017-12-31": "", "2017-09-30": 0, "2017-06-30": 0, "2017-03-31": 0, "2016-12-31": "", "2016-09-30": 0, "2016-06-30": 0, "2016-03-31": 0, "2015-12-31": "", "2015-09-30": 0, "2015-06-30": 0, "2015-03-31": 0, "2014-12-31": "", "2014-09-30": 0, "2014-06-30": 0, "2014-03-31": 0, "2013-12-31": "", "2013-09-30": 0, "2013-06-30": 0, "2013-03-31": 0, "2012-12-31": "", "2012-09-30": 0, "2012-06-30": 0, "2012-03-31": 0, "2011-12-31": "", "2011-09-30": 0, "2010-09-30": 0, "2009-09-30": 0}, "Change In Assets/Liabilities": {"2020-09-30": 110, "2020-06-30": 25, "2020-03-31": -78, "2019-12-31": "-69.00000", "2019-09-30": 181, "2019-06-30": -26, "2019-03-31": -66, "2018-12-31": "-75.00000", "2018-09-30": 222, "2018-06-30": -47, "2018-03-31": -132, "2017-12-31": "-25.00000", "2017-09-30": 121, "2017-06-30": -2, "2017-03-31": -47, "2016-12-31": "-45.00000", "2016-09-30": 43, "2016-06-30": -4, "2016-03-31": -67, "2015-12-31": "49.00000", "2015-09-30": 29, "2015-06-30": 16, "2015-03-31": -37, "2014-12-31": "-16.00000", "2014-09-30": -3, "2014-06-30": 1, "2014-03-31": 5, "2013-12-31": "-4.00000", "2013-09-30": 2, "2013-06-30": 0, "2013-03-31": 1, "2012-12-31": "12.00000", "2012-09-30": -2, "2012-06-30": -2, "2012-03-31": 4, "2011-12-31": "-7.00000", "2011-09-30": 0, "2010-09-30": 0, "2009-09-30": 0}, "Total Change In Assets/Liabilities": {"2020-09-30": 231, "2020-06-30": 25, "2020-03-31": -78, "2019-12-31": "-69.00000", "2019-09-30": 395, "2019-06-30": -26, "2019-03-31": -66, "2018-12-31": "-75.00000", "2018-09-30": 187, "2018-06-30": -47, "2018-03-31": -132, "2017-12-31": "-25.00000", "2017-09-30": 149, "2017-06-30": -2, "2017-03-31": -47, "2016-12-31": "-45.00000", "2016-09-30": 67, "2016-06-30": -4, "2016-03-31": -67, "2015-12-31": "49.00000", "2015-09-30": 89, "2015-06-30": 16, "2015-03-31": -37, "2014-12-31": "-16.00000", "2014-09-30": 20, "2014-06-30": -1, "2014-03-31": -33, "2013-12-31": "67.00000", "2013-09-30": 35, "2013-06-30": -32, "2013-03-31": -58, "2012-12-31": "-11.00000", "2012-09-30": 67, "2012-06-30": 16, "2012-03-31": -34, "2011-12-31": "23.00000", "2011-09-30": 115, "2010-09-30": -248, "2009-09-30": 184}, "Cash Flow From Operating Activities": {"2020-09-30": 551, "2020-06-30": 446, "2020-03-31": 315, "2019-12-31": "218.00000", "2019-09-30": 630, "2019-06-30": 240, "2019-03-31": 170, "2018-12-31": "161.00000", "2018-09-30": 448, "2018-06-30": 271, "2018-03-31": 132, "2017-12-31": "153.00000", "2017-09-30": 395, "2017-06-30": 247, "2017-03-31": 190, "2016-12-31": "143.00000", "2016-09-30": 290, "2016-06-30": 206, "2016-03-31": 170, "2015-12-31": "191.00000", "2015-09-30": 245, "2015-06-30": 180, "2015-03-31": 112, "2014-12-31": "100.00000", "2014-09-30": 160, "2014-06-30": 120, "2014-03-31": 78, "2013-12-31": "172.00000", "2013-09-30": 167, "2013-06-30": 132, "2013-03-31": 78, "2012-12-31": "87.00000", "2012-09-30": 201, "2012-06-30": 123, "2012-03-31": 66, "2011-12-31": "89.00000", "2011-09-30": 215, "2010-09-30": -301, "2009-09-30": 413}, "Net Change In Property, Plant, And Equipment": {"2020-09-30": -164, "2020-06-30": -156, "2020-03-31": -115, "2019-12-31": "-148.00000", "2019-09-30": -128, "2019-06-30": -104, "2019-03-31": -92, "2018-12-31": "-75.00000", "2018-09-30": -66, "2018-06-30": -86, "2018-03-31": -90, "2017-12-31": "-91.00000", "2017-09-30": -66, "2017-06-30": -66, "2017-03-31": -68, "2016-12-31": "-63.00000", "2016-09-30": -59, "2016-06-30": -55, "2016-03-31": -80, "2015-12-31": "-89.00000", "2015-09-30": -56, "2015-06-30": -40, "2015-03-31": -41, "2014-12-31": "-25.00000", "2014-09-30": -29, "2014-06-30": -54, "2014-03-31": -67, "2013-12-31": "-46.00000", "2013-09-30": -47, "2013-06-30": -69, "2013-03-31": -62, "2012-12-31": "-43.00000", "2012-09-30": -42, "2012-06-30": -60, "2012-03-31": -61, "2011-12-31": "-37.00000", "2011-09-30": 39, "2010-09-30": -4, "2009-09-30": -190}, "Net Change In Intangible Assets": {"2020-09-30": 0, "2020-06-30": 0, "2020-03-31": 0, "2019-12-31": "", "2019-09-30": 0, "2019-06-30": 0, "2019-03-31": 0, "2018-12-31": "", "2018-09-30": 0, "2018-06-30": 0, "2018-03-31": 0, "2017-12-31": "", "2017-09-30": 0, "2017-06-30": 0, "2017-03-31": 0, "2016-12-31": "", "2016-09-30": 0, "2016-06-30": 0, "2016-03-31": 0, "2015-12-31": "", "2015-09-30": 0, "2015-06-30": 0, "2015-03-31": 0, "2014-12-31": "", "2014-09-30": 0, "2014-06-30": 0, "2014-03-31": 0, "2013-12-31": "", "2013-09-30": 0, "2013-06-30": 0, "2013-03-31": 0, "2012-12-31": "", "2012-09-30": 0, "2012-06-30": 0, "2012-03-31": 0, "2011-12-31": "", "2011-09-30": 0, "2010-09-30": 0, "2009-09-30": 0}, "Net Acquisitions/Divestitures": {"2020-09-30": -14, "2020-06-30": 0, "2020-03-31": 0, "2019-12-31": "", "2019-09-30": -5852, "2019-06-30": 0, "2019-03-31": 0, "2018-12-31": "", "2018-09-30": -228, "2018-06-30": 0, "2018-03-31": -474, "2017-12-31": "", "2017-09-30": 0, "2017-06-30": -57, "2017-03-31": -458, "2016-12-31": "", "2016-09-30": 0, "2016-06-30": 0, "2016-03-31": 3, "2015-12-31": "-2286.00000", "2015-09-30": -3, "2015-06-30": 0, "2015-03-31": 0, "2014-12-31": "", "2014-09-30": -1, "2014-06-30": -129, "2014-03-31": -29, "2013-12-31": "-67.00000", "2013-09-30": 0, "2013-06-30": -4, "2013-03-31": 0, "2012-12-31": "-20.00000", "2012-09-30": 0, "2012-06-30": -62, "2012-03-31": 7, "2011-12-31": "", "2011-09-30": 290, "2010-09-30": -653, "2009-09-30": -5}, "Net Change In Short-term Investments": {"2020-09-30": 0, "2020-06-30": 0, "2020-03-31": 0, "2019-12-31": "", "2019-09-30": 0, "2019-06-30": 0, "2019-03-31": 0, "2018-12-31": "", "2018-09-30": 0, "2018-06-30": 0, "2018-03-31": 0, "2017-12-31": "", "2017-09-30": 0, "2017-06-30": 0, "2017-03-31": 0, "2016-12-31": "", "2016-09-30": 0, "2016-06-30": 0, "2016-03-31": 0, "2015-12-31": "", "2015-09-30": 0, "2015-06-30": 0, "2015-03-31": 0, "2014-12-31": "", "2014-09-30": 0, "2014-06-30": 0, "2014-03-31": 0, "2013-12-31": "", "2013-09-30": 0, "2013-06-30": 0, "2013-03-31": 0, "2012-12-31": "", "2012-09-30": 0, "2012-06-30": 0, "2012-03-31": 0, "2011-12-31": "", "2011-09-30": 0, "2010-09-30": 0, "2009-09-30": 0}, "Net Change In Long-Term Investments": {"2020-09-30": 0, "2020-06-30": 35, "2020-03-31": 246, "2019-12-31": "", "2019-09-30": 0, "2019-06-30": 0, "2019-03-31": 0, "2018-12-31": "", "2018-09-30": 0, "2018-06-30": 0, "2018-03-31": 0, "2017-12-31": "", "2017-09-30": 4, "2017-06-30": 0, "2017-03-31": 0, "2016-12-31": "", "2016-09-30": 0, "2016-06-30": 0, "2016-03-31": 0, "2015-12-31": "", "2015-09-30": 0, "2015-06-30": 0, "2015-03-31": 0, "2014-12-31": "", "2014-09-30": 0, "2014-06-30": 0, "2014-03-31": 0, "2013-12-31": "", "2013-09-30": 0, "2013-06-30": 0, "2013-03-31": 0, "2012-12-31": "", "2012-09-30": 0, "2012-06-30": 0, "2012-03-31": 0, "2011-12-31": "", "2011-09-30": 0, "2010-09-30": 0, "2009-09-30": 0}, "Net Change In Investments - Total": {"2020-09-30": 0, "2020-06-30": 35, "2020-03-31": 246, "2019-12-31": "", "2019-09-30": 0, "2019-06-30": 0, "2019-03-31": 0, "2018-12-31": "", "2018-09-30": 0, "2018-06-30": 0, "2018-03-31": 0, "2017-12-31": "", "2017-09-30": 4, "2017-06-30": 0, "2017-03-31": 0, "2016-12-31": "", "2016-09-30": 0, "2016-06-30": 0, "2016-03-31": 0, "2015-12-31": "", "2015-09-30": 0, "2015-06-30": 0, "2015-03-31": 0, "2014-12-31": "", "2014-09-30": 0, "2014-06-30": 0, "2014-03-31": 0, "2013-12-31": "", "2013-09-30": 0, "2013-06-30": 0, "2013-03-31": 0, "2012-12-31": "", "2012-09-30": 0, "2012-06-30": 0, "2012-03-31": 0, "2011-12-31": "", "2011-09-30": 0, "2010-09-30": 0, "2009-09-30": 0}, "Investing Activities - Other": {"2020-09-30": 14, "2020-06-30": -4, "2020-03-31": -10, "2019-12-31": "", "2019-09-30": -2, "2019-06-30": 2, "2019-03-31": 0, "2018-12-31": "", "2018-09-30": 0, "2018-06-30": 0, "2018-03-31": 0, "2017-12-31": "", "2017-09-30": 1, "2017-06-30": 0, "2017-03-31": 0, "2016-12-31": "-1.00000", "2016-09-30": -2, "2016-06-30": -11, "2016-03-31": 0, "2015-12-31": "", "2015-09-30": 0, "2015-06-30": 0, "2015-03-31": 0, "2014-12-31": "", "2014-09-30": 0, "2014-06-30": 0, "2014-03-31": 0, "2013-12-31": "", "2013-09-30": 0, "2013-06-30": 0, "2013-03-31": 0, "2012-12-31": "", "2012-09-30": 0, "2012-06-30": 0, "2012-03-31": 0, "2011-12-31": "", "2011-09-30": 0, "2010-09-30": 0, "2009-09-30": 0}, "Cash Flow From Investing Activities": {"2020-09-30": -164, "2020-06-30": -125, "2020-03-31": 121, "2019-12-31": "-148.00000", "2019-09-30": -5982, "2019-06-30": -102, "2019-03-31": -92, "2018-12-31": "-75.00000", "2018-09-30": -294, "2018-06-30": -86, "2018-03-31": -564, "2017-12-31": "-91.00000", "2017-09-30": -61, "2017-06-30": -123, "2017-03-31": -526, "2016-12-31": "-64.00000", "2016-09-30": -61, "2016-06-30": -66, "2016-03-31": -77, "2015-12-31": "-2375.00000", "2015-09-30": -59, "2015-06-30": -40, "2015-03-31": -41, "2014-12-31": "-25.00000", "2014-09-30": -30, "2014-06-30": -183, "2014-03-31": -96, "2013-12-31": "-113.00000", "2013-09-30": -47, "2013-06-30": -73, "2013-03-31": -62, "2012-12-31": "-63.00000", "2012-09-30": -42, "2012-06-30": -122, "2012-03-31": -54, "2011-12-31": "-37.00000", "2011-09-30": 329, "2010-09-30": -657, "2009-09-30": -195}, "Net Long-Term Debt": {"2020-09-30": -577, "2020-06-30": -375, "2020-03-31": -118, "2019-12-31": "-164.00000", "2019-09-30": 5953, "2019-06-30": -261, "2019-03-31": -12, "2018-12-31": "-110.00000", "2018-09-30": -110, "2018-06-30": -107, "2018-03-31": 488, "2017-12-31": "-108.00000", "2017-09-30": -259, "2017-06-30": -160, "2017-03-31": 288, "2016-12-31": "-10.00000", "2016-09-30": -134, "2016-06-30": -123, "2016-03-31": -169, "2015-12-31": "2392.00000", "2015-09-30": -20, "2015-06-30": -113, "2015-03-31": -9, "2014-12-31": "-116.00000", "2014-09-30": -49, "2014-06-30": 13, "2014-03-31": -14, "2013-12-31": "-10.00000", "2013-09-30": -10, "2013-06-30": -67, "2013-03-31": 11, "2012-12-31": "-521.00000", "2012-09-30": -111, "2012-06-30": 6, "2012-03-31": -3, "2011-12-31": "-65.00000", "2011-09-30": 0, "2010-09-30": 0, "2009-09-30": 0}, "Net Current Debt": {"2020-09-30": 0, "2020-06-30": 0, "2020-03-31": 0, "2019-12-31": "", "2019-09-30": 0, "2019-06-30": 0, "2019-03-31": 0, "2018-12-31": "", "2018-09-30": 0, "2018-06-30": 0, "2018-03-31": 0, "2017-12-31": "", "2017-09-30": 0, "2017-06-30": 0, "2017-03-31": 0, "2016-12-31": "", "2016-09-30": 0, "2016-06-30": 0, "2016-03-31": 0, "2015-12-31": "", "2015-09-30": 0, "2015-06-30": 0, "2015-03-31": 0, "2014-12-31": "", "2014-09-30": 0, "2014-06-30": 0, "2014-03-31": 0, "2013-12-31": "", "2013-09-30": 0, "2013-06-30": 0, "2013-03-31": 0, "2012-12-31": "", "2012-09-30": 0, "2012-06-30": 0, "2012-03-31": 0, "2011-12-31": "", "2011-09-30": 0, "2010-09-30": 0, "2009-09-30": 0}, "Debt Issuance/Retirement Net - Total": {"2020-09-30": -577, "2020-06-30": -375, "2020-03-31": -118, "2019-12-31": "-164.00000", "2019-09-30": 5953, "2019-06-30": -261, "2019-03-31": -12, "2018-12-31": "-110.00000", "2018-09-30": -110, "2018-06-30": -107, "2018-03-31": 488, "2017-12-31": "-108.00000", "2017-09-30": -259, "2017-06-30": -160, "2017-03-31": 288, "2016-12-31": "-10.00000", "2016-09-30": -134, "2016-06-30": -123, "2016-03-31": -169, "2015-12-31": "2392.00000", "2015-09-30": -20, "2015-06-30": -113, "2015-03-31": -9, "2014-12-31": "-116.00000", "2014-09-30": -49, "2014-06-30": 13, "2014-03-31": -14, "2013-12-31": "-10.00000", "2013-09-30": -10, "2013-06-30": -67, "2013-03-31": 11, "2012-12-31": "-521.00000", "2012-09-30": -111, "2012-06-30": 6, "2012-03-31": -3, "2011-12-31": "-65.00000", "2011-09-30": -804, "2010-09-30": 1317, "2009-09-30": -398}, "Net Common Equity Issued/Repurchased": {"2020-09-30": 24, "2020-06-30": 3, "2020-03-31": 1, "2019-12-31": "2.00000", "2019-09-30": 12, "2019-06-30": 23, "2019-03-31": -7, "2018-12-31": "-47.00000", "2018-09-30": -27, "2018-06-30": 5, "2018-03-31": 8, "2017-12-31": "4.00000", "2017-09-30": 5, "2017-06-30": 11, "2017-03-31": 10, "2016-12-31": "5.00000", "2016-09-30": 6, "2016-06-30": 9, "2016-03-31": 4, "2015-12-31": "7.00000", "2015-09-30": 2, "2015-06-30": 3, "2015-03-31": 6, "2014-12-31": "7.00000", "2014-09-30": 4, "2014-06-30": 3, "2014-03-31": 7, "2013-12-31": "3.00000", "2013-09-30": 6, "2013-06-30": 17, "2013-03-31": 0, "2012-12-31": "442.00000", "2012-09-30": 0, "2012-06-30": 0, "2012-03-31": -6, "2011-12-31": "", "2011-09-30": 0, "2010-09-30": 0, "2009-09-30": 0}, "Net Total Equity Issued/Repurchased": {"2020-09-30": 24, "2020-06-30": 3, "2020-03-31": 1, "2019-12-31": "2.00000", "2019-09-30": 12, "2019-06-30": 23, "2019-03-31": -7, "2018-12-31": "-47.00000", "2018-09-30": -27, "2018-06-30": 5, "2018-03-31": 8, "2017-12-31": "4.00000", "2017-09-30": 5, "2017-06-30": 11, "2017-03-31": 10, "2016-12-31": "5.00000", "2016-09-30": 6, "2016-06-30": 9, "2016-03-31": 4, "2015-12-31": "7.00000", "2015-09-30": 2, "2015-06-30": 3, "2015-03-31": 6, "2014-12-31": "7.00000", "2014-09-30": 4, "2014-06-30": 3, "2014-03-31": 7, "2013-12-31": "3.00000", "2013-09-30": 6, "2013-06-30": 17, "2013-03-31": 0, "2012-12-31": "442.00000", "2012-09-30": 0, "2012-06-30": 0, "2012-03-31": -6, "2011-12-31": "", "2011-09-30": 1, "2010-09-30": -4, "2009-09-30": 1}, "Total Common And Preferred Stock Dividends Paid": {"2020-09-30": 0, "2020-06-30": 0, "2020-03-31": 0, "2019-12-31": "", "2019-09-30": 0, "2019-06-30": 0, "2019-03-31": 0, "2018-12-31": "", "2018-09-30": 0, "2018-06-30": 0, "2018-03-31": 0, "2017-12-31": "", "2017-09-30": 0, "2017-06-30": 0, "2017-03-31": 0, "2016-12-31": "", "2016-09-30": 0, "2016-06-30": 0, "2016-03-31": 0, "2015-12-31": "", "2015-09-30": 0, "2015-06-30": 0, "2015-03-31": 0, "2014-12-31": "", "2014-09-30": 0, "2014-06-30": 0, "2014-03-31": 0, "2013-12-31": "", "2013-09-30": 0, "2013-06-30": 0, "2013-03-31": 0, "2012-12-31": "", "2012-09-30": 0, "2012-06-30": 0, "2012-03-31": 0, "2011-12-31": "", "2011-09-30": 0, "2010-09-30": 0, "2009-09-30": 0}, "Financial Activities - Other": {"2020-09-30": 0, "2020-06-30": 1, "2020-03-31": -15, "2019-12-31": "-2.00000", "2019-09-30": -109, "2019-06-30": 0, "2019-03-31": 0, "2018-12-31": "-16.00000", "2018-09-30": -2, "2018-06-30": 0, "2018-03-31": -1, "2017-12-31": "-37.00000", "2017-09-30": -52, "2017-06-30": 0, "2017-03-31": -4, "2016-12-31": "-60.00000", "2016-09-30": -14, "2016-06-30": -1, "2016-03-31": -1, "2015-12-31": "-159.00000", "2015-09-30": 1, "2015-06-30": -87, "2015-03-31": 0, "2014-12-31": "-39.00000", "2014-09-30": 0, "2014-06-30": -33, "2014-03-31": -11, "2013-12-31": "-32.00000", "2013-09-30": 0, "2013-06-30": 1, "2013-03-31": -43, "2012-12-31": "", "2012-09-30": 0, "2012-06-30": 0, "2012-03-31": 0, "2011-12-31": "", "2011-09-30": 15, "2010-09-30": -37, "2009-09-30": -1}, "Cash Flow From Financial Activities": {"2020-09-30": -553, "2020-06-30": -371, "2020-03-31": -132, "2019-12-31": "-164.00000", "2019-09-30": 5856, "2019-06-30": -238, "2019-03-31": -19, "2018-12-31": "-173.00000", "2018-09-30": -139, "2018-06-30": -102, "2018-03-31": 495, "2017-12-31": "-141.00000", "2017-09-30": -306, "2017-06-30": -149, "2017-03-31": 294, "2016-12-31": "-65.00000", "2016-09-30": -142, "2016-06-30": -115, "2016-03-31": -166, "2015-12-31": "2240.00000", "2015-09-30": -17, "2015-06-30": -197, "2015-03-31": -3, "2014-12-31": "-148.00000", "2014-09-30": -45, "2014-06-30": -17, "2014-03-31": -18, "2013-12-31": "-39.00000", "2013-09-30": -4, "2013-06-30": -49, "2013-03-31": -32, "2012-12-31": "-79.00000", "2012-09-30": -111, "2012-06-30": 6, "2012-03-31": -9, "2011-12-31": "-65.00000", "2011-09-30": -788, "2010-09-30": 1276, "2009-09-30": -398}, "Net Cash Flow": {"2020-09-30": -156, "2020-06-30": -47, "2020-03-31": 280, "2019-12-31": "-77.00000", "2019-09-30": 495, "2019-06-30": -98, "2019-03-31": 60, "2018-12-31": "-88.00000", "2018-09-30": 16, "2018-06-30": 74, "2018-03-31": 63, "2017-12-31": "-78.00000", "2017-09-30": 31, "2017-06-30": -18, "2017-03-31": -38, "2016-12-31": "8.00000", "2016-09-30": 87, "2016-06-30": 24, "2016-03-31": -70, "2015-12-31": "54.00000", "2015-09-30": 166, "2015-06-30": -57, "2015-03-31": 66, "2014-12-31": "-76.00000", "2014-09-30": 84, "2014-06-30": -81, "2014-03-31": -36, "2013-12-31": "20.00000", "2013-09-30": 117, "2013-06-30": 9, "2013-03-31": -16, "2012-12-31": "-55.00000", "2012-09-30": 49, "2012-06-30": 6, "2012-03-31": 3, "2011-12-31": "-13.00000", "2011-09-30": -244, "2010-09-30": 318, "2009-09-30": -180}, "Stock-Based Compensation": {"2020-09-30": 5, "2020-06-30": 4, "2020-03-31": 5, "2019-12-31": "19.00000", "2019-09-30": 6, "2019-06-30": 4, "2019-03-31": 14, "2018-12-31": "3.00000", "2018-09-30": 3, "2018-06-30": 6, "2018-03-31": 10, "2017-12-31": "4.00000", "2017-09-30": 4, "2017-06-30": 5, "2017-03-31": 8, "2016-12-31": "3.00000", "2016-09-30": 3, "2016-06-30": 3, "2016-03-31": 10, "2015-12-31": "4.00000", "2015-09-30": 4, "2015-06-30": 5, "2015-03-31": 5, "2014-12-31": "7.00000", "2014-09-30": 3, "2014-06-30": 2, "2014-03-31": 5, "2013-12-31": "5.00000", "2013-09-30": 10, "2013-06-30": 1, "2013-03-31": 1, "2012-12-31": "4.00000", "2012-09-30": 2, "2012-06-30": 0, "2012-03-31": 0, "2011-12-31": "", "2011-09-30": 0, "2010-09-30": 0, "2009-09-30": 0}, "Common Stock Dividends Paid": {"2020-09-30": 0, "2020-06-30": 0, "2020-03-31": 0, "2019-12-31": "", "2019-09-30": 0, "2019-06-30": 0, "2019-03-31": 0, "2018-12-31": "", "2018-09-30": 0, "2018-06-30": 0, "2018-03-31": 0, "2017-12-31": "", "2017-09-30": 0, "2017-06-30": 0, "2017-03-31": 0, "2016-12-31": "", "2016-09-30": 0, "2016-06-30": 0, "2016-03-31": 0, "2015-12-31": "", "2015-09-30": 0, "2015-06-30": 0, "2015-03-31": 0, "2014-12-31": "", "2014-09-30": 0, "2014-06-30": 0, "2014-03-31": 0, "2013-12-31": "", "2013-09-30": 0, "2013-06-30": 0, "2013-03-31": 0, "2012-12-31": "", "2012-09-30": 0, "2012-06-30": 0, "2012-03-31": 0, "2011-12-31": "", "2011-09-30": 0, "2010-09-30": 0, "2009-09-30": 0}}, "financial ratios": {"Current Ratio": {"2020-09-30": "1.74850", "2019-09-30": "1.84260", "2018-09-30": "1.84720", "2017-09-30": "1.76720", "2016-09-30": "1.73810", "2015-09-30": "1.96170", "2014-09-30": "1.86700", "2013-09-30": "1.95470", "2012-09-30": "1.90870", "2011-09-30": "1.83480", "2010-09-30": "1.98640", "2009-09-30": ""}, "Long-term Debt / Capital": {"2020-09-30": "0.82930", "2019-09-30": "0.87440", "2018-09-30": "0.80190", "2017-09-30": "0.84670", "2016-09-30": "0.96280", "2015-09-30": "1.01810", "2014-09-30": "1.03060", "2013-09-30": "1.05330", "2012-09-30": "1.11360", "2011-09-30": "1.10920", "2010-09-30": "1.03050", "2009-09-30": ""}, "Debt/Equity Ratio": {"2020-09-30": "4.89340", "2019-09-30": "7.02410", "2018-09-30": "4.07530", "2017-09-30": "5.55760", "2016-09-30": "26.04070", "2015-09-30": "-56.69230", "2014-09-30": "-34.22810", "2013-09-30": "-20.13270", "2012-09-30": "-9.89160", "2011-09-30": "-10.25940", "2010-09-30": "-34.04620", "2009-09-30": ""}, "Gross Margin": {"2020-09-30": "20.56540", "2019-09-30": "18.23610", "2018-09-30": "18.18530", "2017-09-30": "19.78860", "2016-09-30": "19.83360", "2015-09-30": "17.80370", "2014-09-30": "15.49010", "2013-09-30": "17.47360", "2012-09-30": "16.40790", "2011-09-30": "14.31700", "2010-09-30": "13.85950", "2009-09-30": "17.13210"}, "Operating Margin": {"2020-09-30": "10.06920", "2019-09-30": "10.97090", "2018-09-30": "9.67090", "2017-09-30": "10.31710", "2016-09-30": "8.95360", "2015-09-30": "8.35890", "2014-09-30": "6.37350", "2013-09-30": "8.30640", "2012-09-30": "6.81910", "2011-09-30": "0.92090", "2010-09-30": "2.91280", "2009-09-30": "5.83620"}, "EBIT Margin": {"2020-09-30": "10.06920", "2019-09-30": "10.97090", "2018-09-30": "9.67090", "2017-09-30": "10.31710", "2016-09-30": "8.95360", "2015-09-30": "8.35890", "2014-09-30": "6.37350", "2013-09-30": "8.30640", "2012-09-30": "6.81910", "2011-09-30": "0.92090", "2010-09-30": "2.91280", "2009-09-30": "5.83620"}, "EBITDA Margin": {"2020-09-30": "17.28590", "2019-09-30": "17.87570", "2018-09-30": "16.50780", "2017-09-30": "17.66030", "2016-09-30": "17.04420", "2015-09-30": "15.52960", "2014-09-30": "13.59420", "2013-09-30": "15.64450", "2012-09-30": "14.26770", "2011-09-30": "8.46310", "2010-09-30": "10.35940", "2009-09-30": "13.80610"}, "Pre-Tax Profit Margin": {"2020-09-30": "6.08930", "2019-09-30": "5.51930", "2018-09-30": "6.06180", "2017-09-30": "6.32840", "2016-09-30": "4.74650", "2015-09-30": "2.49950", "2014-09-30": "1.35140", "2013-09-30": "1.82910", "2012-09-30": "0.08390", "2011-09-30": "-7.58610", "2010-09-30": "-3.80550", "2009-09-30": "8.00130"}, "Net Profit Margin": {"2020-09-30": "4.77410", "2019-09-30": "4.55060", "2018-09-30": "6.30320", "2017-09-30": "4.79210", "2016-09-30": "3.63690", "2015-09-30": "1.76190", "2014-09-30": "1.25050", "2013-09-30": "1.22660", "2012-09-30": "0.04200", "2011-09-30": "-6.55560", "2010-09-30": "-2.65450", "2009-09-30": "4.76940"}, "Asset Turnover": {"2020-09-30": "0.70110", "2019-09-30": "0.53910", "2018-09-30": "0.86180", "2017-09-30": "0.83710", "2016-09-30": "0.84790", "2015-09-30": "0.97080", "2014-09-30": "0.94400", "2013-09-30": "0.90500", "2012-09-30": "0.93340", "2011-09-30": "0.87430", "2010-09-30": "0.79660", "2009-09-30": ""}, "Inventory Turnover Ratio": {"2020-09-30": "7.33520", "2019-09-30": "5.48260", "2018-09-30": "7.25820", "2017-09-30": "7.46850", "2016-09-30": "7.88180", "2015-09-30": "7.68580", "2014-09-30": "6.93710", "2013-09-30": "6.66960", "2012-09-30": "7.44670", "2011-09-30": "6.76120", "2010-09-30": "6.28990", "2009-09-30": ""}, "Receiveable Turnover": {"2020-09-30": "7.97070", "2019-09-30": "5.81780", "2018-09-30": "8.36240", "2017-09-30": "8.37660", "2016-09-30": "9.21730", "2015-09-30": "11.24650", "2014-09-30": "10.09780", "2013-09-30": "10.34970", "2012-09-30": "10.47470", "2011-09-30": "8.39960", "2010-09-30": "8.77730", "2009-09-30": ""}, "Days Sales In Receivables": {"2020-09-30": "45.79260", "2019-09-30": "62.73820", "2018-09-30": "43.64790", "2017-09-30": "43.57360", "2016-09-30": "39.59930", "2015-09-30": "32.45440", "2014-09-30": "36.14660", "2013-09-30": "35.26680", "2012-09-30": "34.84580", "2011-09-30": "43.45430", "2010-09-30": "41.58450", "2009-09-30": ""}, "ROE - Return On Equity": {"2020-09-30": "26.72080", "2019-09-30": "24.96910", "2018-09-30": "34.58860", "2017-09-30": "33.49750", "2016-09-30": "106.78730", "2015-09-30": "-132.30770", "2014-09-30": "-55.26320", "2013-09-30": "-29.08160", "2012-09-30": "-0.42110", "2011-09-30": "64.02570", "2010-09-30": "80.14190", "2009-09-30": ""}, "Return On Tangible Equity": {"2020-09-30": "-10.02150", "2019-09-30": "-6.50250", "2018-09-30": "-17.40350", "2017-09-30": "-11.16220", "2016-09-30": "-6.97190", "2015-09-30": "-3.56850", "2014-09-30": "-2.45230", "2013-09-30": "-2.09870", "2012-09-30": "-0.06480", "2011-09-30": "9.47700", "2010-09-30": "3.76420", "2009-09-30": ""}, "ROA - Return On Assets": {"2020-09-30": "3.34710", "2019-09-30": "2.45310", "2018-09-30": "5.43200", "2017-09-30": "4.01130", "2016-09-30": "3.08380", "2015-09-30": "1.71040", "2014-09-30": "1.19950", "2013-09-30": "1.11000", "2012-09-30": "0.03920", "2011-09-30": "-5.73130", "2010-09-30": "-2.11450", "2009-09-30": ""}, "ROI - Return On Investment": {"2020-09-30": "4.56180", "2019-09-30": "3.13690", "2018-09-30": "6.85080", "2017-09-30": "5.13360", "2016-09-30": "3.97780", "2015-09-30": "2.40020", "2014-09-30": "1.68900", "2013-09-30": "1.54930", "2012-09-30": "0.05030", "2011-09-30": "-7.23970", "2010-09-30": "-2.64820", "2009-09-30": ""}, "Book Value Per Share": {"2020-09-30": "15.65870", "2019-09-30": "12.22980", "2018-09-30": "10.91320", "2017-09-30": "7.75400", "2016-09-30": "1.81150", "2015-09-30": "-0.54210", "2014-09-30": "-0.96610", "2013-09-30": "-1.69220", "2012-09-30": "-5.43210", "2011-09-30": "-5.37780", "2010-09-30": "-18.92010", "2009-09-30": ""}, "Operating Cash Flow Per Share": {"2020-09-30": 2.4022, "2019-09-30": 1.4967, "2018-09-30": 0.0731, "2017-09-30": 0.4969, "2016-09-30": 1.6939, "2015-09-30": 0.8, "2014-09-30": 0.4793, "2013-09-30": -1.6456, "2012-09-30": 1.6411, "2011-09-30": 2.5622, "2010-09-30": -58.3742, "2009-09-30": 59.6993}, "Free Cash Flow Per Share": {"2020-09-30": 1.0512, "2019-09-30": 0.9954, "2018-09-30": -0.4065, "2017-09-30": 0.7775, "2016-09-30": 0.7427, "2015-09-30": 1.1003, "2014-09-30": 0.7155, "2013-09-30": -1.1866, "2012-09-30": 1.1754, "2011-09-30": 3.0148, "2010-09-30": -33.2049, "2009-09-30": 32.2348}}, "financial ratios, quarterly": {"Current Ratio": {"2020-09-30": "1.74850", "2020-06-30": "1.93330", "2020-03-31": "1.84060", "2019-12-31": "1.76840", "2019-09-30": "1.84260", "2019-06-30": "1.88490", "2019-03-31": "2.01150", "2018-12-31": "1.87110", "2018-09-30": "1.84720", "2018-06-30": "2.01120", "2018-03-31": "1.94580", "2017-12-31": "1.71660", "2017-09-30": "1.76720", "2017-06-30": "1.81670", "2017-03-31": "1.80140", "2016-12-31": "1.77860", "2016-09-30": "1.73810", "2016-06-30": "1.62620", "2016-03-31": "1.58810", "2015-12-31": "1.61760", "2015-09-30": "1.96170", "2015-06-30": "1.91350", "2015-03-31": "2.03840", "2014-12-31": "1.88950", "2014-09-30": "1.86700", "2014-06-30": "1.76580", "2014-03-31": "1.82210", "2013-12-31": "1.89250", "2013-09-30": "1.95470", "2013-06-30": "1.82210", "2013-03-31": "1.70630", "2012-12-31": "1.67600", "2012-09-30": "1.90870", "2012-06-30": "", "2012-03-31": "", "2011-12-31": "", "2011-09-30": "", "2010-09-30": "", "2009-09-30": ""}, "Long-term Debt / Capital": {"2020-09-30": "0.82930", "2020-06-30": "0.85120", "2020-03-31": "0.86990", "2019-12-31": "0.86180", "2019-09-30": "0.87440", "2019-06-30": "0.77870", "2019-03-31": "0.78800", "2018-12-31": "0.79660", "2018-09-30": "0.80190", "2018-06-30": "0.81530", "2018-03-31": "0.82100", "2017-12-31": "0.82410", "2017-09-30": "0.84670", "2017-06-30": "0.87350", "2017-03-31": "0.89540", "2016-12-31": "0.95870", "2016-09-30": "0.96280", "2016-06-30": "0.97400", "2016-03-31": "0.98900", "2015-12-31": "1.01320", "2015-09-30": "1.01810", "2015-06-30": "1.02430", "2015-03-31": "1.02340", "2014-12-31": "1.02900", "2014-09-30": "1.03060", "2014-06-30": "1.03450", "2014-03-31": "1.03950", "2013-12-31": "1.04960", "2013-09-30": "1.05330", "2013-06-30": "1.06910", "2013-03-31": "1.08680", "2012-12-31": "1.08650", "2012-09-30": "1.11360", "2012-06-30": "", "2012-03-31": "", "2011-12-31": "", "2011-09-30": "", "2010-09-30": "", "2009-09-30": ""}, "Debt/Equity Ratio": {"2020-09-30": "4.89340", "2020-06-30": "5.75710", "2020-03-31": "6.73230", "2019-12-31": "6.29120", "2019-09-30": "7.02410", "2019-06-30": "3.53690", "2019-03-31": "3.74070", "2018-12-31": "3.94300", "2018-09-30": "4.07530", "2018-06-30": "4.43990", "2018-03-31": "4.61410", "2017-12-31": "4.71550", "2017-09-30": "5.55760", "2017-06-30": "6.94690", "2017-03-31": "8.61540", "2016-12-31": "23.38620", "2016-09-30": "26.04070", "2016-06-30": "37.92260", "2016-03-31": "90.71210", "2015-12-31": "-77.82280", "2015-09-30": "-56.69230", "2015-06-30": "-42.62070", "2015-03-31": "-44.30230", "2014-12-31": "-35.96230", "2014-09-30": "-34.22810", "2014-06-30": "-30.42310", "2014-03-31": "-26.82310", "2013-12-31": "-21.57920", "2013-09-30": "-20.13270", "2013-06-30": "-15.70520", "2013-03-31": "-12.69520", "2012-12-31": "-12.69970", "2012-09-30": "-9.89160", "2012-06-30": "", "2012-03-31": "", "2011-12-31": "", "2011-09-30": "", "2010-09-30": "", "2009-09-30": ""}, "Gross Margin": {"2020-09-30": "22.14100", "2020-06-30": "21.92440", "2020-03-31": "19.63030", "2019-12-31": "18.46590", "2019-09-30": "16.99240", "2019-06-30": "19.51470", "2019-03-31": "19.07690", "2018-12-31": "18.05270", "2018-09-30": "16.99120", "2018-06-30": "18.43630", "2018-03-31": "18.86120", "2017-12-31": "18.52480", "2017-09-30": "19.51090", "2017-06-30": "20.35680", "2017-03-31": "19.54600", "2016-12-31": "19.70710", "2016-09-30": "18.60320", "2016-06-30": "21.21580", "2016-03-31": "21.37550", "2015-12-31": "18.11410", "2015-09-30": "18.47830", "2015-06-30": "19.17810", "2015-03-31": "18.54580", "2014-12-31": "15.00000", "2014-09-30": "14.96180", "2014-06-30": "16.10170", "2014-03-31": "15.45460", "2013-12-31": "15.43860", "2013-09-30": "16.44520", "2013-06-30": "18.26370", "2013-03-31": "18.60870", "2012-12-31": "16.51120", "2012-09-30": "21.09640", "2012-06-30": "16.66670", "2012-03-31": "17.24430", "2011-12-31": "13.36850", "2011-09-30": "", "2010-09-30": "", "2009-09-30": ""}, "Operating Margin": {"2020-09-30": "11.60240", "2020-06-30": "11.92440", "2020-03-31": "9.54620", "2019-12-31": "7.06680", "2019-09-30": "13.18320", "2019-06-30": "11.09960", "2019-03-31": "9.48720", "2018-12-31": "8.92500", "2018-09-30": "9.44500", "2018-06-30": "10.42470", "2018-03-31": "9.55770", "2017-12-31": "9.17790", "2017-09-30": "10.57950", "2017-06-30": "11.12280", "2017-03-31": "9.68990", "2016-12-31": "9.72040", "2016-09-30": "9.33250", "2016-06-30": "10.88150", "2016-03-31": "10.22310", "2015-12-31": "5.33500", "2015-09-30": "8.94650", "2015-06-30": "9.75020", "2015-03-31": "9.15030", "2014-12-31": "5.57380", "2014-09-30": "7.09920", "2014-06-30": "6.39450", "2014-03-31": "6.36360", "2013-12-31": "5.52630", "2013-09-30": "7.47510", "2013-06-30": "9.58230", "2013-03-31": "9.65220", "2012-12-31": "6.34330", "2012-09-30": "8.88700", "2012-06-30": "7.89050", "2012-03-31": "7.69230", "2011-12-31": "2.55060", "2011-09-30": "", "2010-09-30": "", "2009-09-30": ""}, "EBIT Margin": {"2020-09-30": "11.60240", "2020-06-30": "11.92440", "2020-03-31": "9.54620", "2019-12-31": "7.06680", "2019-09-30": "13.18320", "2019-06-30": "11.09960", "2019-03-31": "9.48720", "2018-12-31": "8.92500", "2018-09-30": "9.44500", "2018-06-30": "10.42470", "2018-03-31": "9.55770", "2017-12-31": "9.17790", "2017-09-30": "10.57950", "2017-06-30": "11.12280", "2017-03-31": "9.68990", "2016-12-31": "9.72040", "2016-09-30": "9.33250", "2016-06-30": "10.88150", "2016-03-31": "10.22310", "2015-12-31": "5.33500", "2015-09-30": "8.94650", "2015-06-30": "9.75020", "2015-03-31": "9.15030", "2014-12-31": "5.57380", "2014-09-30": "7.09920", "2014-06-30": "6.39450", "2014-03-31": "6.36360", "2013-12-31": "5.52630", "2013-09-30": "7.47510", "2013-06-30": "9.58230", "2013-03-31": "9.65220", "2012-12-31": "6.34330", "2012-09-30": "8.88700", "2012-06-30": "7.89050", "2012-03-31": "7.69230", "2011-12-31": "2.55060", "2011-09-30": "", "2010-09-30": "", "2009-09-30": ""}, "EBITDA Margin": {"2020-09-30": "", "2020-06-30": "", "2020-03-31": "", "2019-12-31": "", "2019-09-30": "", "2019-06-30": "", "2019-03-31": "", "2018-12-31": "", "2018-09-30": "", "2018-06-30": "", "2018-03-31": "", "2017-12-31": "", "2017-09-30": "", "2017-06-30": "", "2017-03-31": "", "2016-12-31": "", "2016-09-30": "", "2016-06-30": "", "2016-03-31": "", "2015-12-31": "", "2015-09-30": "", "2015-06-30": "", "2015-03-31": "", "2014-12-31": "", "2014-09-30": "", "2014-06-30": "", "2014-03-31": "", "2013-12-31": "", "2013-09-30": "", "2013-06-30": "", "2013-03-31": "", "2012-12-31": "", "2012-09-30": "", "2012-06-30": "", "2012-03-31": "", "2011-12-31": "", "2011-09-30": "", "2010-09-30": "", "2009-09-30": ""}, "Pre-Tax Profit Margin": {"2020-09-30": "7.57980", "2020-06-30": "8.38490", "2020-03-31": "5.81510", "2019-12-31": "2.41480", "2019-09-30": "9.07590", "2019-06-30": "0.41300", "2019-03-31": "4.92310", "2018-12-31": "5.67950", "2018-09-30": "5.93960", "2018-06-30": "7.04630", "2018-03-31": "5.94810", "2017-12-31": "5.18020", "2017-09-30": "7.28340", "2017-06-30": "7.60760", "2017-03-31": "4.87260", "2016-12-31": "5.25970", "2016-09-30": "5.12980", "2016-06-30": "7.29480", "2016-03-31": "6.07190", "2015-12-31": "0.43420", "2015-09-30": "5.76920", "2015-06-30": "-1.77280", "2015-03-31": "4.82030", "2014-12-31": "1.31150", "2014-09-30": "3.35880", "2014-06-30": "-0.30820", "2014-03-31": "1.48760", "2013-12-31": "0.78950", "2013-09-30": "2.90700", "2013-06-30": "5.07780", "2013-03-31": "0.26090", "2012-12-31": "-1.39930", "2012-09-30": "2.65780", "2012-06-30": "1.28820", "2012-03-31": "0.50720", "2011-12-31": "-4.39750", "2011-09-30": "", "2010-09-30": "", "2009-09-30": ""}, "Net Profit Margin": {"2020-09-30": "6.48270", "2020-06-30": "6.56360", "2020-03-31": "4.23530", "2019-12-31": "1.66900", "2019-09-30": "7.58530", "2019-06-30": "0.67110", "2019-03-31": "3.79490", "2018-12-31": "4.46250", "2018-09-30": "6.47520", "2018-06-30": "5.30890", "2018-03-31": "4.57550", "2017-12-31": "9.17790", "2017-09-30": "5.84800", "2017-06-30": "5.61390", "2017-03-31": "3.98670", "2016-12-31": "3.39550", "2016-09-30": "4.75900", "2016-06-30": "5.83590", "2016-03-31": "3.65550", "2015-12-31": "0.24810", "2015-09-30": "4.01340", "2015-06-30": "-1.04750", "2015-03-31": "3.10460", "2014-12-31": "1.06560", "2014-09-30": "2.21370", "2014-06-30": "1.15560", "2014-03-31": "0.99170", "2013-12-31": "0.52630", "2013-09-30": "2.15950", "2013-06-30": "3.27600", "2013-03-31": "0.08700", "2012-12-31": "-0.93280", "2012-09-30": "1.91030", "2012-06-30": "0.72460", "2012-03-31": "0.16910", "2011-12-31": "-2.72650", "2011-09-30": "", "2010-09-30": "", "2009-09-30": ""}, "Asset Turnover": {"2020-09-30": "0.18010", "2020-06-30": "0.17390", "2020-03-31": "0.17550", "2019-12-31": "0.16540", "2019-09-30": "0.18330", "2019-06-30": "0.21990", "2019-03-31": "0.21710", "2018-12-31": "0.21980", "2018-09-30": "0.22490", "2018-06-30": "0.22920", "2018-03-31": "0.21600", "2017-12-31": "0.21090", "2017-09-30": "0.22190", "2017-06-30": "0.22310", "2017-03-31": "0.21150", "2016-12-31": "0.20000", "2016-09-30": "0.21140", "2016-06-30": "0.21080", "2016-03-31": "0.20700", "2015-12-31": "0.20910", "2015-09-30": "0.23790", "2015-06-30": "0.24770", "2015-03-31": "0.23480", "2014-12-31": "0.23570", "2014-09-30": "0.24940", "2014-06-30": "0.23950", "2014-03-31": "0.22550", "2013-12-31": "0.21660", "2013-09-30": "0.23450", "2013-06-30": "0.24200", "2013-03-31": "0.22630", "2012-12-31": "0.21230", "2012-09-30": "0.23580", "2012-06-30": "", "2012-03-31": "", "2011-12-31": "", "2011-09-30": "", "2010-09-30": "", "2009-09-30": ""}, "Inventory Turnover Ratio": {"2020-09-30": "1.84700", "2020-06-30": "1.72380", "2020-03-31": "1.75040", "2019-12-31": "1.62610", "2019-09-30": "1.89270", "2019-06-30": "1.80230", "2019-03-31": "1.69860", "2018-12-31": "1.69040", "2018-09-30": "1.92220", "2018-06-30": "1.76960", "2018-03-31": "1.67820", "2017-12-31": "1.64810", "2017-09-30": "1.98690", "2017-06-30": "1.87180", "2017-03-31": "1.81170", "2016-12-31": "1.75800", "2016-09-30": "1.99550", "2016-06-30": "1.83050", "2016-03-31": "1.80770", "2015-12-31": "1.93830", "2015-09-30": "1.86780", "2015-06-30": "1.74740", "2015-03-31": "1.63710", "2014-12-31": "1.67530", "2014-09-30": "1.84440", "2014-06-30": "1.63760", "2014-03-31": "1.63420", "2013-12-31": "1.68530", "2013-09-30": "1.74960", "2013-06-30": "1.72960", "2013-03-31": "1.53440", "2012-12-31": "1.62430", "2012-09-30": "1.84110", "2012-06-30": "", "2012-03-31": "", "2011-12-31": "", "2011-09-30": "", "2010-09-30": "", "2009-09-30": ""}, "Receiveable Turnover": {"2020-09-30": "2.04770", "2020-06-30": "1.97820", "2020-03-31": "1.93560", "2019-12-31": "2.01140", "2019-09-30": "1.97840", "2019-06-30": "2.27080", "2019-03-31": "2.14990", "2018-12-31": "2.24350", "2018-09-30": "2.18280", "2018-06-30": "2.22320", "2018-03-31": "2.14270", "2017-12-31": "2.27690", "2017-09-30": "2.22080", "2017-06-30": "2.25830", "2017-03-31": "2.26030", "2016-12-31": "2.41480", "2016-09-30": "2.29830", "2016-06-30": "2.26900", "2016-03-31": "2.29590", "2015-12-31": "2.57920", "2015-09-30": "2.75580", "2015-06-30": "2.62370", "2015-03-31": "2.54470", "2014-12-31": "2.76020", "2014-09-30": "2.66800", "2014-06-30": "2.48180", "2014-03-31": "2.57450", "2013-12-31": "2.81480", "2013-09-30": "2.68150", "2013-06-30": "2.60900", "2013-03-31": "2.51090", "2012-12-31": "2.70710", "2012-09-30": "2.64620", "2012-06-30": "", "2012-03-31": "", "2011-12-31": "", "2011-09-30": "", "2010-09-30": "", "2009-09-30": ""}, "Days Sales In Receivables": {"2020-09-30": "43.95280", "2020-06-30": "45.49490", "2020-03-31": "46.49750", "2019-12-31": "44.74430", "2019-09-30": "45.49190", "2019-06-30": "39.63350", "2019-03-31": "41.86150", "2018-12-31": "40.11660", "2018-09-30": "41.23170", "2018-06-30": "40.48260", "2018-03-31": "42.00310", "2017-12-31": "39.52700", "2017-09-30": "40.52630", "2017-06-30": "39.85310", "2017-03-31": "39.81730", "2016-12-31": "37.27030", "2016-09-30": "39.15950", "2016-06-30": "39.66570", "2016-03-31": "39.20070", "2015-12-31": "34.89450", "2015-09-30": "32.65890", "2015-06-30": "34.30300", "2015-03-31": "35.36770", "2014-12-31": "32.60660", "2014-09-30": "33.73280", "2014-06-30": "36.26350", "2014-03-31": "34.95870", "2013-12-31": "31.97370", "2013-09-30": "33.56310", "2013-06-30": "34.49630", "2013-03-31": "35.84350", "2012-12-31": "33.24630", "2012-09-30": "34.01160", "2012-06-30": "", "2012-03-31": "", "2011-12-31": "", "2011-09-30": "", "2010-09-30": "", "2009-09-30": ""}, "ROE - Return On Equity": {"2020-09-30": "9.32120", "2020-06-30": "10.21940", "2020-03-31": "7.63170", "2019-12-31": "2.63160", "2019-09-30": "14.15330", "2019-06-30": "0.84090", "2019-03-31": "4.83340", "2018-12-31": "6.04810", "2018-09-30": "9.27480", "2018-06-30": "8.21510", "2018-03-31": "6.89130", "2017-12-31": "13.88420", "2017-09-30": "10.83740", "2017-06-30": "12.61790", "2017-03-31": "10.25640", "2016-12-31": "20.73170", "2016-09-30": "34.84160", "2016-06-30": "61.93550", "2016-03-31": "89.39390", "2015-12-31": "-5.06330", "2015-09-30": "-73.84620", "2015-06-30": "14.94250", "2015-03-31": "-44.18610", "2014-12-31": "-12.26420", "2014-09-30": "-26.31580", "2014-06-30": "-11.53850", "2014-03-31": "-8.16330", "2013-12-31": "-3.27870", "2013-09-30": "-13.26530", "2013-06-30": "-15.93630", "2013-03-31": "-0.31750", "2012-12-31": "3.19490", "2012-09-30": "-4.84210", "2012-06-30": "", "2012-03-31": "", "2011-12-31": "", "2011-09-30": "", "2010-09-30": "", "2009-09-30": ""}, "Return On Tangible Equity": {"2020-09-30": "-3.49590", "2020-06-30": "-3.26440", "2020-03-31": "-2.05980", "2019-12-31": "-0.77630", "2019-09-30": "-3.68580", "2019-06-30": "-0.50600", "2019-03-31": "-2.77150", "2018-12-31": "-3.15640", "2018-09-30": "-4.66670", "2018-06-30": "-3.90350", "2018-03-31": "-3.15350", "2017-12-31": "-5.71930", "2017-09-30": "-3.61130", "2017-06-30": "-3.29430", "2017-03-31": "-2.11760", "2016-12-31": "-1.54080", "2016-09-30": "-2.27470", "2016-06-30": "-2.68160", "2016-03-31": "-1.60500", "2015-12-31": "-0.10580", "2015-09-30": "-1.99170", "2015-06-30": "0.52670", "2015-03-31": "-1.52240", "2014-12-31": "-0.51020", "2014-09-30": "-1.16780", "2014-06-30": "-0.57160", "2014-03-31": "-0.44940", "2013-12-31": "-0.22130", "2013-09-30": "-0.95730", "2013-06-30": "-1.42760", "2013-03-31": "-0.03460", "2012-12-31": "0.34090", "2012-09-30": "-0.74480", "2012-06-30": "", "2012-03-31": "", "2011-12-31": "", "2011-09-30": "", "2010-09-30": "", "2009-09-30": ""}, "ROA - Return On Assets": {"2020-09-30": "1.16760", "2020-06-30": "1.14160", "2020-03-31": "0.74340", "2019-12-31": "0.27610", "2019-09-30": "1.39050", "2019-06-30": "0.14760", "2019-03-31": "0.82370", "2018-12-31": "0.98080", "2018-09-30": "1.45660", "2018-06-30": "1.21650", "2018-03-31": "0.98830", "2017-12-31": "1.93590", "2017-09-30": "1.29780", "2017-06-30": "1.25220", "2017-03-31": "0.84300", "2016-12-31": "0.67900", "2016-09-30": "1.00610", "2016-06-30": "1.23000", "2016-03-31": "0.75660", "2015-12-31": "0.05190", "2015-09-30": "0.95470", "2015-06-30": "-0.25940", "2015-03-31": "0.72880", "2014-12-31": "0.25120", "2014-09-30": "0.57120", "2014-06-30": "0.27680", "2014-03-31": "0.22360", "2013-12-31": "0.11400", "2013-09-30": "0.50630", "2013-06-30": "0.79290", "2013-03-31": "0.01970", "2012-12-31": "-0.19800", "2012-09-30": "0.45050", "2012-06-30": "", "2012-03-31": "", "2011-12-31": "", "2011-09-30": "", "2010-09-30": "", "2009-09-30": ""}, "ROI - Return On Investment": {"2020-09-30": "1.59130", "2020-06-30": "1.52080", "2020-03-31": "0.99260", "2019-12-31": "0.36360", "2019-09-30": "1.77810", "2019-06-30": "0.18610", "2019-03-31": "1.02480", "2018-12-31": "1.22990", "2018-09-30": "1.83700", "2018-06-30": "1.51750", "2018-03-31": "1.23320", "2017-12-31": "2.44160", "2017-09-30": "1.66090", "2017-06-30": "1.59580", "2017-03-31": "1.07240", "2016-12-31": "0.85630", "2016-09-30": "1.29780", "2016-06-30": "1.60880", "2016-03-31": "0.98660", "2015-12-31": "0.06680", "2015-09-30": "1.33970", "2015-06-30": "-0.36290", "2015-03-31": "1.03230", "2014-12-31": "0.35620", "2014-09-30": "0.80430", "2014-06-30": "0.39800", "2014-03-31": "0.32270", "2013-12-31": "0.16250", "2013-09-30": "0.70670", "2013-06-30": "1.10040", "2013-03-31": "0.02760", "2012-12-31": "-0.27630", "2012-09-30": "0.57800", "2012-06-30": "", "2012-03-31": "", "2011-12-31": "", "2011-09-30": "", "2010-09-30": "", "2009-09-30": ""}, "Book Value Per Share": {"2020-09-30": "15.65870", "2020-06-30": "14.09500", "2020-03-31": "12.46040", "2019-12-31": "13.47930", "2019-09-30": "12.22980", "2019-06-30": "11.72100", "2019-03-31": "11.69600", "2018-12-31": "11.14090", "2018-09-30": "10.91320", "2018-06-30": "10.15930", "2018-03-31": "9.92400", "2017-12-31": "8.95500", "2017-09-30": "7.75400", "2017-06-30": "6.50310", "2017-03-31": "5.42080", "2016-12-31": "2.01140", "2016-09-30": "1.81150", "2016-06-30": "1.27570", "2016-03-31": "0.54640", "2015-12-31": "-0.65610", "2015-09-30": "-0.54210", "2015-06-30": "-0.72800", "2015-03-31": "-0.72030", "2014-12-31": "-0.89150", "2014-09-30": "-0.96610", "2014-06-30": "-1.10630", "2014-03-31": "-1.25540", "2013-12-31": "-1.57470", "2013-09-30": "-1.69220", "2013-06-30": "-2.18110", "2013-03-31": "-2.78530", "2012-12-31": "-2.76900", "2012-09-30": "-5.43210", "2012-06-30": "", "2012-03-31": "", "2011-12-31": "", "2011-09-30": "", "2010-09-30": "", "2009-09-30": ""}, "Operating Cash Flow Per Share": {"2020-09-30": 4.0298, "2020-06-30": 3.3205, "2020-03-31": 2.3514, "2019-12-31": "1.62320", "2019-09-30": 4.6679, "2019-06-30": 1.781, "2019-03-31": 1.2705, "2018-12-31": "1.20330", "2018-09-30": 3.3196, "2018-06-30": 2.0077, "2018-03-31": 0.9737, "2017-12-31": "1.12500", "2017-09-30": 3.063, "2017-06-30": 1.7899, "2017-03-31": 1.3811, "2016-12-31": "1.11890", "2016-09-30": 2.3524, "2016-06-30": 1.6017, "2016-03-31": 1.3727, "2015-12-31": "1.52920", "2015-09-30": 1.8818, "2015-06-30": 1.572, "2015-03-31": 0.8946, "2014-12-31": "0.81370", "2014-09-30": 1.3168, "2014-06-30": 0.9911, "2014-03-31": 0.6268, "2013-12-31": "1.42740", "2013-09-30": 1.4191, "2013-06-30": 1.0677, "2013-03-31": 0.6147, "2012-12-31": "0.78130", "2012-09-30": 2.1215, "2012-06-30": 1.4199, "2012-03-31": 0.7713, "2011-12-31": "1.06140", "2011-09-30": 0, "2010-09-30": 0, "2009-09-30": 0}, "Free Cash Flow Per Share": {"2020-09-30": 2.8367, "2020-06-30": 2.1595, "2020-03-31": 1.4922, "2019-12-31": "0.52120", "2019-09-30": 3.7229, "2019-06-30": 1.0098, "2019-03-31": 0.5829, "2018-12-31": "0.64280", "2018-09-30": 2.8286, "2018-06-30": 1.3686, "2018-03-31": 0.3099, "2017-12-31": "0.45590", "2017-09-30": 2.5367, "2017-06-30": 1.3163, "2017-03-31": 0.8905, "2016-12-31": "0.62600", "2016-09-30": 1.8676, "2016-06-30": 1.181, "2016-03-31": 0.7267, "2015-12-31": "0.81670", "2015-09-30": 1.456, "2015-06-30": 1.2168, "2015-03-31": 0.5662, "2014-12-31": "0.61030", "2014-09-30": 1.0782, "2014-06-30": 0.5451, "2014-03-31": 0.0801, "2013-12-31": "1.04560", "2013-09-30": 1.0132, "2013-06-30": 0.5127, "2013-03-31": 0.1125, "2012-12-31": "0.39510", "2012-09-30": 1.7262, "2012-06-30": 0.73, "2012-03-31": 0.0539, "2011-12-31": "0.62010", "2011-09-30": 0, "2010-09-30": 0, "2009-09-30": 0}}, "revenue": {"Berry Global Annual Revenue (Millions of US $)": {"2020": "$11,709", "2019": "$8,878", "2018": "$7,869", "2017": "$7,095", "2016": "$6,489", "2015": "$4,881", "2014": "$4,958", "2013": "$4,647", "2012": "$4,766", "2011": "$4,561", "2010": "$4,257", "2009": "$3,187"}, "Berry Global Quarterly Revenue (Millions of US $)": {"2020-09-30": "$3,008", "2020-06-30": "$2,910", "2020-03-31": "$2,975", "2019-12-31": "$2,816", "2019-09-30": "$3,019", "2019-06-30": "$1,937", "2019-03-31": "$1,950", "2018-12-31": "$1,972", "2018-09-30": "$2,054", "2018-06-30": "$2,072", "2018-03-31": "$1,967", "2017-12-31": "$1,776", "2017-09-30": "$1,881", "2017-06-30": "$1,906", "2017-03-31": "$1,806", "2016-12-31": "$1,502", "2016-09-30": "$1,618", "2016-06-30": "$1,645", "2016-03-31": "$1,614", "2015-12-31": "$1,612", "2015-09-30": "$1,196", "2015-06-30": "$1,241", "2015-03-31": "$1,224", "2014-12-31": "$1,220", "2014-09-30": "$1,310", "2014-06-30": "$1,298", "2014-03-31": "$1,210", "2013-12-31": "$1,140", "2013-09-30": "$1,204", "2013-06-30": "$1,221", "2013-03-31": "$1,150", "2012-12-31": "$1,072", "2012-09-30": "$1,204", "2012-06-30": "$1,242", "2012-03-31": "$1,183", "2011-12-31": "$1,137", "2011-09-30": "", "2010-09-30": "", "2009-09-30": ""}}, "gross-profit": {"Berry Global Annual Gross Profit (Millions of US $)": {"2020": "$2,408", "2019": "$1,619", "2018": "$1,431", "2017": "$1,404", "2016": "$1,287", "2015": "$869", "2014": "$768", "2013": "$812", "2012": "$782", "2011": "$653", "2010": "$590", "2009": "$546"}, "Berry Global Quarterly Gross Profit (Millions of US $)": {"2020-09-30": "$666", "2020-06-30": "$638", "2020-03-31": "$584", "2019-12-31": "$520", "2019-09-30": "$513", "2019-06-30": "$378", "2019-03-31": "$372", "2018-12-31": "$356", "2018-09-30": "$349", "2018-06-30": "$382", "2018-03-31": "$371", "2017-12-31": "$329", "2017-09-30": "$367", "2017-06-30": "$388", "2017-03-31": "$353", "2016-12-31": "$296", "2016-09-30": "$301", "2016-06-30": "$349", "2016-03-31": "$345", "2015-12-31": "$292", "2015-09-30": "$221", "2015-06-30": "$238", "2015-03-31": "$227", "2014-12-31": "$183", "2014-09-30": "$196", "2014-06-30": "$209", "2014-03-31": "$187", "2013-12-31": "$176", "2013-09-30": "$198", "2013-06-30": "$223", "2013-03-31": "$214", "2012-12-31": "$177", "2012-09-30": "$219", "2012-06-30": "$207", "2012-03-31": "$204", "2011-12-31": "$152", "2011-09-30": "", "2010-09-30": "", "2009-09-30": ""}}, "operating-income": {"Berry Global Annual Operating Income (Millions of US $)": {"2020": "$1,179", "2019": "$974", "2018": "$761", "2017": "$732", "2016": "$581", "2015": "$408", "2014": "$316", "2013": "$386", "2012": "$325", "2011": "$42", "2010": "$124", "2009": "$186"}, "Berry Global Quarterly Operating Income (Millions of US $)": {"2020-09-30": "$349", "2020-06-30": "$347", "2020-03-31": "$284", "2019-12-31": "$199", "2019-09-30": "$398", "2019-06-30": "$215", "2019-03-31": "$185", "2018-12-31": "$176", "2018-09-30": "$194", "2018-06-30": "$216", "2018-03-31": "$188", "2017-12-31": "$163", "2017-09-30": "$199", "2017-06-30": "$212", "2017-03-31": "$175", "2016-12-31": "$146", "2016-09-30": "$151", "2016-06-30": "$179", "2016-03-31": "$165", "2015-12-31": "$86", "2015-09-30": "$107", "2015-06-30": "$121", "2015-03-31": "$112", "2014-12-31": "$68", "2014-09-30": "$93", "2014-06-30": "$83", "2014-03-31": "$77", "2013-12-31": "$63", "2013-09-30": "$90", "2013-06-30": "$117", "2013-03-31": "$111", "2012-12-31": "$68", "2012-09-30": "$107", "2012-06-30": "$98", "2012-03-31": "$91", "2011-12-31": "$29", "2011-09-30": "", "2010-09-30": "", "2009-09-30": ""}}, "ebitda": {"Berry Global Annual EBITDA (Millions of US $)": {"2020": "$2,024", "2019": "$1,587", "2018": "$1,299", "2017": "$1,253", "2016": "$1,106", "2015": "$758", "2014": "$674", "2013": "$727", "2012": "$680", "2011": "$386", "2010": "$441", "2009": "$440"}, "Berry Global Quarterly EBITDA (Millions of US $)": {"2020-09-30": "$556", "2020-06-30": "$556", "2020-03-31": "$497", "2019-12-31": "$415", "2019-09-30": "$614", "2019-06-30": "$342", "2019-03-31": "$317", "2018-12-31": "$314", "2018-09-30": "$335", "2018-06-30": "$352", "2018-03-31": "$320", "2017-12-31": "$292", "2017-09-30": "$337", "2017-06-30": "$344", "2017-03-31": "$306", "2016-12-31": "$266", "2016-09-30": "$286", "2016-06-30": "$299", "2016-03-31": "$296", "2015-12-31": "$225", "2015-09-30": "$194", "2015-06-30": "$208", "2015-03-31": "$197", "2014-12-31": "$159", "2014-09-30": "$190", "2014-06-30": "$174", "2014-03-31": "$162", "2013-12-31": "$148", "2013-09-30": "$173", "2013-06-30": "$203", "2013-03-31": "$196", "2012-12-31": "$155", "2012-09-30": "$199", "2012-06-30": "$185", "2012-03-31": "$178", "2011-12-31": "$118", "2011-09-30": "", "2010-09-30": "", "2009-09-30": ""}}, "net-income": {"Berry Global Annual Net Income (Millions of US $)": {"2020": "$559", "2019": "$404", "2018": "$496", "2017": "$340", "2016": "$236", "2015": "$86", "2014": "$62", "2013": "$57", "2012": "$2", "2011": "$-299", "2010": "$-113", "2009": "$152"}, "Berry Global Quarterly Net Income (Millions of US $)": {"2020-09-30": "$195", "2020-06-30": "$191", "2020-03-31": "$126", "2019-12-31": "$47", "2019-09-30": "$229", "2019-06-30": "$13", "2019-03-31": "$74", "2018-12-31": "$88", "2018-09-30": "$133", "2018-06-30": "$110", "2018-03-31": "$90", "2017-12-31": "$163", "2017-09-30": "$110", "2017-06-30": "$107", "2017-03-31": "$72", "2016-12-31": "$51", "2016-09-30": "$77", "2016-06-30": "$96", "2016-03-31": "$59", "2015-12-31": "$4", "2015-09-30": "$48", "2015-06-30": "$-13", "2015-03-31": "$38", "2014-12-31": "$13", "2014-09-30": "$29", "2014-06-30": "$15", "2014-03-31": "$12", "2013-12-31": "$6", "2013-09-30": "$26", "2013-06-30": "$40", "2013-03-31": "$1", "2012-12-31": "$-10", "2012-09-30": "$23", "2012-06-30": "$9", "2012-03-31": "$2", "2011-12-31": "$-31", "2011-09-30": "", "2010-09-30": "", "2009-09-30": ""}}, "eps-earnings-per-share-diluted": {"Berry Global Annual EPS": {"2020": "$4.14", "2019": "$3.00", "2018": "$3.67", "2017": "$2.56", "2016": "$1.89", "2015": "$0.70", "2014": "$0.51", "2013": "$0.48", "2012": "$0.02", "2011": "$-3.55", "2010": "$-1.34", "2009": "$21.97"}, "Berry Global Quarterly EPS": {"2020-09-30": "$1.43", "2020-06-30": "$1.42", "2020-03-31": "$0.94", "2019-12-31": "$0.35", "2019-09-30": "$1.69", "2019-06-30": "$0.10", "2019-03-31": "$0.55", "2018-12-31": "$0.66", "2018-09-30": "$1.00", "2018-06-30": "$0.81", "2018-03-31": "$0.66", "2017-12-31": "$1.20", "2017-09-30": "$0.83", "2017-06-30": "$0.79", "2017-03-31": "$0.54", "2016-12-31": "$0.40", "2016-09-30": "$0.63", "2016-06-30": "$0.76", "2016-03-31": "$0.47", "2015-12-31": "$0.03", "2015-09-30": "$0.39", "2015-06-30": "$-0.11", "2015-03-31": "$0.31", "2014-12-31": "$0.11", "2014-09-30": "$0.24", "2014-06-30": "$0.12", "2014-03-31": "$0.10", "2013-12-31": "$0.05", "2013-09-30": "$0.23", "2013-06-30": "$0.33", "2013-03-31": "$0.01", "2012-12-31": "$-0.09", "2012-09-30": "$0.26", "2012-06-30": "$0.11", "2012-03-31": "$0.02", "2011-12-31": "$-0.37", "2011-09-30": "$0.00", "2010-09-30": "$0.00", "2009-09-30": "$0.00"}}, "shares-outstanding": {"Berry Global Annual Shares Outstanding (Millions of Shares)": {"2020": "135", "2019": "135", "2018": "135", "2017": "133", "2016": "125", "2015": "123", "2014": "122", "2013": "120", "2012": "87", "2011": "84", "2010": "85", "2009": "7"}, "Berry Global Quarterly Shares Outstanding (Millions of Shares)": {"2020-09-30": "135", "2020-06-30": "134", "2020-03-31": "134", "2019-12-31": "134", "2019-09-30": "135", "2019-06-30": "134", "2019-03-31": "134", "2018-12-31": "134", "2018-09-30": "135", "2018-06-30": "135", "2018-03-31": "136", "2017-12-31": "136", "2017-09-30": "133", "2017-06-30": "135", "2017-03-31": "133", "2016-12-31": "128", "2016-09-30": "125", "2016-06-30": "126", "2016-03-31": "124", "2015-12-31": "125", "2015-09-30": "123", "2015-06-30": "120", "2015-03-31": "124", "2014-12-31": "123", "2014-09-30": "122", "2014-06-30": "122", "2014-03-31": "122", "2013-12-31": "121", "2013-09-30": "120", "2013-06-30": "121", "2013-03-31": "118", "2012-12-31": "111", "2012-09-30": "89", "2012-06-30": "85", "2012-03-31": "85", "2011-12-31": "84", "2011-09-30": "", "2010-09-30": "", "2009-09-30": ""}}, "total-assets": {"Berry Global Annual Total Assets (Millions of US $)": {"2020": "$16,701", "2019": "$16,469", "2018": "$9,131", "2017": "$8,476", "2016": "$7,653", "2015": "$5,028", "2014": "$5,252", "2013": "$5,135", "2012": "$5,106", "2011": "$5,217", "2010": "$5,344", "2009": "$0"}, "Berry Global Quarterly Total Assets (Millions of US $)": {"2020-09-30": "$16,701", "2020-06-30": "$16,731", "2020-03-31": "$16,949", "2019-12-31": "$17,024", "2019-09-30": "$16,469", "2019-06-30": "$8,809", "2019-03-31": "$8,984", "2018-12-31": "$8,972", "2018-09-30": "$9,131", "2018-06-30": "$9,042", "2018-03-31": "$9,107", "2017-12-31": "$8,420", "2017-09-30": "$8,476", "2017-06-30": "$8,545", "2017-03-31": "$8,541", "2016-12-31": "$7,511", "2016-09-30": "$7,653", "2016-06-30": "$7,805", "2016-03-31": "$7,798", "2015-12-31": "$7,710", "2015-09-30": "$5,028", "2015-06-30": "$5,011", "2015-03-31": "$5,214", "2014-12-31": "$5,176", "2014-09-30": "$5,252", "2014-06-30": "$5,419", "2014-03-31": "$5,367", "2013-12-31": "$5,264", "2013-09-30": "$5,135", "2013-06-30": "$5,045", "2013-03-31": "$5,082", "2012-12-31": "$5,050", "2012-09-30": "$5,106", "2012-06-30": "$0", "2012-03-31": "$0", "2011-12-31": "$0", "2011-09-30": "$5,217", "2010-09-30": "$5,344", "2009-09-30": "$0"}}, "cash-on-hand": {"Berry Global Annual Cash on Hand (Millions of US $)": {"2020": "$750", "2019": "$750", "2018": "$381", "2017": "$306", "2016": "$323", "2015": "$228", "2014": "$129", "2013": "$142", "2012": "$87", "2011": "$42", "2010": "$148", "2009": "$"}, "Berry Global Quarterly Cash on Hand (Millions of US $)": {"2020-09-30": "$750", "2020-06-30": "$906", "2020-03-31": "$953", "2019-12-31": "$673", "2019-09-30": "$750", "2019-06-30": "$255", "2019-03-31": "$353", "2018-12-31": "$293", "2018-09-30": "$381", "2018-06-30": "$365", "2018-03-31": "$291", "2017-12-31": "$228", "2017-09-30": "$306", "2017-06-30": "$275", "2017-03-31": "$293", "2016-12-31": "$331", "2016-09-30": "$323", "2016-06-30": "$236", "2016-03-31": "$212", "2015-12-31": "$282", "2015-09-30": "$228", "2015-06-30": "$62", "2015-03-31": "$119", "2014-12-31": "$53", "2014-09-30": "$129", "2014-06-30": "$45", "2014-03-31": "$126", "2013-12-31": "$162", "2013-09-30": "$142", "2013-06-30": "$25", "2013-03-31": "$16", "2012-12-31": "$32", "2012-09-30": "$87", "2012-06-30": "", "2012-03-31": "", "2011-12-31": "", "2011-09-30": "$42", "2010-09-30": "$148", "2009-09-30": ""}}, "long-term-debt": {"Berry Global Annual Long Term Debt (Millions of US $)": {"2020": "$10,162", "2019": "$11,261", "2018": "$5,806", "2017": "$5,608", "2016": "$5,712", "2015": "$3,648", "2014": "$3,844", "2013": "$3,875", "2012": "$4,431", "2011": "$4,581", "2010": "$4,397", "2009": "$"}, "Berry Global Quarterly Long Term Debt (Millions of US $)": {"2020-09-30": "$10,162", "2020-06-30": "$10,690", "2020-03-31": "$11,043", "2019-12-31": "$11,140", "2019-09-30": "$11,261", "2019-06-30": "$5,439", "2019-03-31": "$5,690", "2018-12-31": "$5,700", "2018-09-30": "$5,806", "2018-06-30": "$5,910", "2018-03-31": "$5,992", "2017-12-31": "$5,502", "2017-09-30": "$5,608", "2017-06-30": "$5,857", "2017-03-31": "$6,012", "2016-12-31": "$5,710", "2016-09-30": "$5,712", "2016-06-30": "$5,812", "2016-03-31": "$5,914", "2015-12-31": "$6,066", "2015-09-30": "$3,648", "2015-06-30": "$3,669", "2015-03-31": "$3,767", "2014-12-31": "$3,756", "2014-09-30": "$3,844", "2014-06-30": "$3,899", "2014-03-31": "$3,866", "2013-12-31": "$3,875", "2013-09-30": "$3,875", "2013-06-30": "$3,886", "2013-03-31": "$3,942", "2012-12-31": "$3,932", "2012-09-30": "$4,431", "2012-06-30": "", "2012-03-31": "", "2011-12-31": "", "2011-09-30": "$4,581", "2010-09-30": "$4,397", "2009-09-30": ""}}, "total-liabilities": {"Berry Global Annual Total Liabilities (Millions of US $)": {"2020": "$14,609", "2019": "$14,851", "2018": "$7,697", "2017": "$7,461", "2016": "$7,432", "2015": "$5,093", "2014": "$5,366", "2013": "$5,331", "2012": "$5,558", "2011": "$5,668", "2010": "$5,474", "2009": "$0"}, "Berry Global Quarterly Total Liabilities (Millions of US $)": {"2020-09-30": "$14,609", "2020-06-30": "$14,862", "2020-03-31": "$15,298", "2019-12-31": "$15,238", "2019-09-30": "$14,851", "2019-06-30": "$7,263", "2019-03-31": "$7,453", "2018-12-31": "$7,517", "2018-09-30": "$7,697", "2018-06-30": "$7,703", "2018-03-31": "$7,801", "2017-12-31": "$7,246", "2017-09-30": "$7,461", "2017-06-30": "$7,697", "2017-03-31": "$7,839", "2016-12-31": "$7,265", "2016-09-30": "$7,432", "2016-06-30": "$7,650", "2016-03-31": "$7,732", "2015-12-31": "$7,789", "2015-09-30": "$5,093", "2015-06-30": "$5,098", "2015-03-31": "$5,300", "2014-12-31": "$5,282", "2014-09-30": "$5,366", "2014-06-30": "$5,549", "2014-03-31": "$5,514", "2013-12-31": "$5,447", "2013-09-30": "$5,331", "2013-06-30": "$5,296", "2013-03-31": "$5,397", "2012-12-31": "$5,363", "2012-09-30": "$5,558", "2012-06-30": "$0", "2012-03-31": "$0", "2011-12-31": "$0", "2011-09-30": "$5,668", "2010-09-30": "$5,474", "2009-09-30": "$0"}}, "total-share-holder-equity": {"Berry Global Annual Share Holder Equity (Millions of US $)": {"2020": "$2,092", "2019": "$1,618", "2018": "$1,434", "2017": "$1,015", "2016": "$221", "2015": "$-65", "2014": "$-114", "2013": "$-196", "2012": "$-452", "2011": "$-451", "2010": "$-130", "2009": "$0"}, "Berry Global Quarterly Share Holder Equity (Millions of US $)": {"2020-09-30": "$2,092", "2020-06-30": "$1,869", "2020-03-31": "$1,651", "2019-12-31": "$1,786", "2019-09-30": "$1,618", "2019-06-30": "$1,546", "2019-03-31": "$1,531", "2018-12-31": "$1,455", "2018-09-30": "$1,434", "2018-06-30": "$1,339", "2018-03-31": "$1,306", "2017-12-31": "$1,174", "2017-09-30": "$1,015", "2017-06-30": "$848", "2017-03-31": "$702", "2016-12-31": "$246", "2016-09-30": "$221", "2016-06-30": "$155", "2016-03-31": "$66", "2015-12-31": "$-79", "2015-09-30": "$-65", "2015-06-30": "$-87", "2015-03-31": "$-86", "2014-12-31": "$-106", "2014-09-30": "$-114", "2014-06-30": "$-130", "2014-03-31": "$-147", "2013-12-31": "$-183", "2013-09-30": "$-196", "2013-06-30": "$-251", "2013-03-31": "$-315", "2012-12-31": "$-313", "2012-09-30": "$-452", "2012-06-30": "$0", "2012-03-31": "$0", "2011-12-31": "$0", "2011-09-30": "$-451", "2010-09-30": "$-130", "2009-09-30": "$0"}}, "profit-margins": {"current": "4.77%"}, "gross margin": {"2020-09-30": "20.57%", "2020-06-30": "19.24%", "2020-03-31": "18.56%", "2019-12-31": "18.34%", "2019-09-30": "18.24%", "2019-06-30": "18.39%", "2019-03-31": "18.13%", "2018-12-31": "18.08%", "2018-09-30": "18.19%", "2018-06-30": "18.83%", "2018-03-31": "19.32%", "2017-12-31": "19.50%", "2017-09-30": "19.79%", "2017-06-30": "19.58%", "2017-03-31": "19.77%", "2016-12-31": "20.24%", "2016-09-30": "19.83%", "2016-06-30": "19.89%", "2016-03-31": "19.35%", "2015-12-31": "18.55%", "2015-09-30": "17.80%", "2015-06-30": "16.90%", "2015-03-31": "16.13%", "2014-12-31": "15.38%", "2014-09-30": "15.49%", "2014-06-30": "15.87%", "2014-03-31": "16.42%", "2013-12-31": "17.20%", "2013-09-30": "17.47%", "2013-06-30": "17.93%", "2013-03-31": "17.50%", "2012-12-31": "17.17%", "2012-09-30": "16.41%"}, "operating margin": {"2020-09-30": "10.07%", "2020-06-30": "10.48%", "2020-03-31": "10.20%", "2019-12-31": "10.26%", "2019-09-30": "10.97%", "2019-06-30": "9.73%", "2019-03-31": "9.58%", "2018-12-31": "9.60%", "2018-09-30": "9.67%", "2018-06-30": "9.95%", "2018-03-31": "10.12%", "2017-12-31": "10.16%", "2017-09-30": "10.32%", "2017-06-30": "10.01%", "2017-03-31": "9.91%", "2016-12-31": "10.05%", "2016-09-30": "8.95%", "2016-06-30": "8.85%", "2016-03-31": "8.46%", "2015-12-31": "8.08%", "2015-09-30": "8.36%", "2015-06-30": "7.89%", "2015-03-31": "7.05%", "2014-12-31": "6.37%", "2014-09-30": "6.37%", "2014-06-30": "6.45%", "2014-03-31": "7.27%", "2013-12-31": "8.08%", "2013-09-30": "8.31%", "2013-06-30": "8.67%", "2013-03-31": "8.23%", "2012-12-31": "7.74%", "2012-09-30": "6.82%"}, "ebitda margin": {"2020-09-30": "17.29%", "2020-06-30": "17.76%", "2020-03-31": "17.38%", "2019-12-31": "17.36%", "2019-09-30": "17.88%", "2019-06-30": "16.53%", "2019-03-31": "16.38%", "2018-12-31": "16.38%", "2018-09-30": "16.51%", "2018-06-30": "16.90%", "2018-03-31": "17.17%", "2017-12-31": "17.36%", "2017-09-30": "17.66%", "2017-06-30": "17.59%", "2017-03-31": "17.61%", "2016-12-31": "17.98%", "2016-09-30": "17.04%", "2016-06-30": "16.71%", "2016-03-31": "16.30%", "2015-12-31": "15.63%", "2015-09-30": "15.53%", "2015-06-30": "15.10%", "2015-03-31": "14.25%", "2014-12-31": "13.60%", "2014-09-30": "13.59%", "2014-06-30": "13.54%", "2014-03-31": "14.37%", "2013-12-31": "15.27%", "2013-09-30": "15.64%", "2013-06-30": "16.20%", "2013-03-31": "15.75%", "2012-12-31": "15.25%", "2012-09-30": "14.27%"}, "pre tax profit margin": {"2020-09-30": "6.09%", "2020-06-30": "6.48%", "2020-03-31": "4.87%", "2019-12-31": "4.59%", "2019-09-30": "5.52%", "2019-06-30": "4.27%", "2019-03-31": "5.91%", "2018-12-31": "6.16%", "2018-09-30": "6.06%", "2018-06-30": "6.39%", "2018-03-31": "6.52%", "2017-12-31": "6.27%", "2017-09-30": "6.33%", "2017-06-30": "5.78%", "2017-03-31": "5.63%", "2016-12-31": "5.96%", "2016-09-30": "4.75%", "2016-06-30": "4.85%", "2016-03-31": "2.68%", "2015-12-31": "2.14%", "2015-09-30": "2.50%", "2015-06-30": "1.94%", "2015-03-31": "2.28%", "2014-12-31": "1.47%", "2014-09-30": "1.35%", "2014-06-30": "1.20%", "2014-03-31": "2.60%", "2013-12-31": "2.31%", "2013-09-30": "1.83%", "2013-06-30": "1.76%", "2013-03-31": "0.77%", "2012-12-31": "0.83%", "2012-09-30": "0.08%"}, "net profit margin": {"2020-09-30": "4.77%", "2020-06-30": "5.06%", "2020-03-31": "3.86%", "2019-12-31": "3.73%", "2019-09-30": "4.55%", "2019-06-30": "3.89%", "2019-03-31": "5.03%", "2018-12-31": "5.22%", "2018-09-30": "6.30%", "2018-06-30": "6.15%", "2018-03-31": "6.24%", "2017-12-31": "6.13%", "2017-09-30": "4.79%", "2017-06-30": "4.49%", "2017-03-31": "4.50%", "2016-12-31": "4.44%", "2016-09-30": "3.64%", "2016-06-30": "3.41%", "2016-03-31": "1.73%", "2015-12-31": "1.46%", "2015-09-30": "1.76%", "2015-06-30": "1.34%", "2015-03-31": "1.88%", "2014-12-31": "1.37%", "2014-09-30": "1.25%", "2014-06-30": "1.22%", "2014-03-31": "1.76%", "2013-12-31": "1.55%", "2013-09-30": "1.23%", "2013-06-30": "1.16%", "2013-03-31": "0.49%", "2012-12-31": "0.51%", "2012-09-30": "0.06%"}, "pe ratio": {"current": "10.56", "2021-02-05": "13.80", "2020-09-30": "11.64", "2020-06-30": "10.05", "2020-03-31": "10.91", "2019-12-31": "17.59", "2019-09-30": "13.05", "2019-06-30": "22.87", "2019-03-31": "17.90", "2018-12-31": "15.23", "2018-09-30": "13.22", "2018-06-30": "13.20", "2018-03-31": "15.84", "2017-12-31": "17.57", "2017-09-30": "22.30", "2017-06-30": "24.36", "2017-03-31": "21.03", "2016-12-31": "21.75", "2016-09-30": "23.45", "2016-06-30": "23.55", "2016-03-31": "46.35", "2015-12-31": "58.35", "2015-09-30": "42.96", "2015-06-30": "58.91", "2015-03-31": "46.40", "2014-12-31": "55.35", "2014-09-30": "49.49", "2014-06-30": "52.65", "2014-03-31": "33.07", "2013-12-31": "39.00", "2013-09-30": "42.49"}, "price sales": {"2021-02-05": "0.66", "2020-09-30": "0.55", "2020-06-30": "0.51", "2020-03-31": "0.42", "2019-12-31": "0.66", "2019-09-30": "0.59", "2019-06-30": "0.89", "2019-03-31": "0.90", "2018-12-31": "0.80", "2018-09-30": "0.83", "2018-06-30": "0.81", "2018-03-31": "0.98", "2017-12-31": "1.07", "2017-09-30": "1.06", "2017-06-30": "1.09", "2017-03-31": "0.95", "2016-12-31": "0.96", "2016-09-30": "0.85", "2016-06-30": "0.80", "2016-03-31": "0.79", "2015-12-31": "0.84", "2015-09-30": "0.75", "2015-06-30": "0.79", "2015-03-31": "0.88", "2014-12-31": "0.76", "2014-09-30": "0.62", "2014-06-30": "0.64", "2014-03-31": "0.58", "2013-12-31": "0.60", "2013-09-30": "0.50"}, "price book": {"current": "3.63", "2021-02-05": "3.66", "2020-09-30": "3.09", "2020-06-30": "3.14", "2020-03-31": "2.71", "2019-12-31": "3.52", "2019-09-30": "3.21", "2019-06-30": "4.49", "2019-03-31": "4.61", "2018-12-31": "4.27", "2018-09-30": "4.43", "2018-06-30": "4.52", "2018-03-31": "5.52", "2017-12-31": "6.55", "2017-09-30": "7.31", "2017-06-30": "8.77", "2017-03-31": "8.96", "2016-12-31": "24.23", "2016-09-30": "24.21", "2016-06-30": "30.45", "2016-03-31": "66.16", "2015-12-31": "-55.14", "2015-09-30": "-55.47", "2015-06-30": "-44.51", "2015-03-31": "-50.24", "2014-12-31": "-35.39", "2014-09-30": "-26.13", "2014-06-30": "-23.32", "2014-03-31": "-18.44", "2013-12-31": "-15.11", "2013-09-30": "-11.80", "2013-06-30": "-10.12", "2013-03-31": "-6.84", "2012-12-31": "-5.81"}, "price fcf": {"2021-02-05": "", "2020-09-30": "$7.01", "2020-06-30": "$7.90", "2020-03-31": "$6.75", "2019-12-31": "$5.84", "2019-09-30": "$5.96", "2019-06-30": "$5.06", "2019-03-31": "$5.42", "2018-12-31": "$5.15", "2018-09-30": "$4.96", "2018-06-30": "$4.67", "2018-03-31": "$4.62", "2017-12-31": "$5.20", "2017-09-30": "$5.37", "2017-06-30": "$4.70", "2017-03-31": "$4.57", "2016-12-31": "$4.40", "2016-09-30": "$4.59", "2016-06-30": "$4.18", "2016-03-31": "$4.22", "2015-12-31": "$4.06", "2015-09-30": "$3.85", "2015-06-30": "$3.47", "2015-03-31": "$2.80", "2014-12-31": "$2.31", "2014-09-30": "$2.75", "2014-06-30": "$2.68", "2014-03-31": "$2.65", "2013-12-31": "$2.68", "2013-09-30": "$2.03"}, "net worth": {"value": "$7.67B"}, "current ratio": {"current": "1.75", "2020-09-30": "1.75", "2020-06-30": "1.93", "2020-03-31": "1.84", "2019-12-31": "1.77", "2019-09-30": "1.84", "2019-06-30": "1.89", "2019-03-31": "2.01", "2018-12-31": "1.87", "2018-09-30": "1.85", "2018-06-30": "2.01", "2018-03-31": "1.95", "2017-12-31": "1.72", "2017-09-30": "1.77", "2017-06-30": "1.82", "2017-03-31": "1.80", "2016-12-31": "1.78", "2016-09-30": "1.74", "2016-06-30": "1.63", "2016-03-31": "1.59", "2015-12-31": "1.62", "2015-09-30": "1.96", "2015-06-30": "1.91", "2015-03-31": "2.04", "2014-12-31": "1.89", "2014-09-30": "1.87", "2014-06-30": "1.77", "2014-03-31": "1.82", "2013-12-31": "1.89", "2013-09-30": "1.96", "2013-06-30": "1.82", "2013-03-31": "1.71", "2012-12-31": "1.68", "2012-09-30": "1.91", "2012-06-30": "0.00", "2012-03-31": "0.00", "2011-12-31": "0.00", "2011-09-30": "1.84", "2010-09-30": "1.99", "2009-09-30": "0.00"}, "quick ratio": {"2020-09-30": "1.17", "2020-06-30": "1.27", "2020-03-31": "1.22", "2019-12-31": "1.09", "2019-09-30": "1.19", "2019-06-30": "1.14", "2019-03-31": "1.19", "2018-12-31": "1.06", "2018-09-30": "1.13", "2018-06-30": "1.19", "2018-03-31": "1.13", "2017-12-31": "0.96", "2017-09-30": "1.10", "2017-06-30": "1.09", "2017-03-31": "1.08", "2016-12-31": "1.08", "2016-09-30": "1.10", "2016-06-30": "0.97", "2016-03-31": "0.94", "2015-12-31": "0.97", "2015-09-30": "1.22", "2015-06-30": "1.09", "2015-03-31": "1.20", "2014-12-31": "1.06", "2014-09-30": "1.08", "2014-06-30": "0.99", "2014-03-31": "1.07", "2013-12-31": "1.14", "2013-09-30": "1.11", "2013-06-30": "0.96", "2013-03-31": "0.87", "2012-12-31": "0.90", "2012-09-30": "1.08", "2012-06-30": "0.00", "2012-03-31": "0.00", "2011-12-31": "0.00", "2011-09-30": "0.99", "2010-09-30": "1.11", "2009-09-30": "0.00"}, "debt equity ratio": {"current": "4.86", "2020-09-30": "6.98", "2020-06-30": "7.95", "2020-03-31": "9.27", "2019-12-31": "8.53", "2019-09-30": "9.18", "2019-06-30": "4.70", "2019-03-31": "4.87", "2018-12-31": "5.17", "2018-09-30": "5.37", "2018-06-30": "5.75", "2018-03-31": "5.97", "2017-12-31": "6.17", "2017-09-30": "7.35", "2017-06-30": "9.08", "2017-03-31": "11.17", "2016-12-31": "29.53", "2016-09-30": "33.63", "2016-06-30": "49.36", "2016-03-31": "117.15", "2015-12-31": "-98.60", "2015-09-30": "-78.35", "2015-06-30": "-58.60", "2015-03-31": "-61.63", "2014-12-31": "-49.83", "2014-09-30": "-47.07", "2014-06-30": "-42.69", "2014-03-31": "-37.51", "2013-12-31": "-29.77", "2013-09-30": "-27.20", "2013-06-30": "-21.10", "2013-03-31": "-17.13", "2012-12-31": "-17.13", "2012-09-30": "-12.30", "2012-06-30": "0.00", "2012-03-31": "0.00", "2011-12-31": "0.00", "2011-09-30": "-12.57", "2010-09-30": "-42.11", "2009-09-30": "0.00"}, "return on equity": {"2020-09-30": "30.22%", "2020-06-30": "34.26%", "2020-03-31": "25.15%", "2019-12-31": "22.40%", "2019-09-30": "26.28%", "2019-06-30": "20.65%", "2019-03-31": "28.13%", "2018-12-31": "30.43%", "2018-09-30": "37.77%", "2018-06-30": "39.14%", "2018-03-31": "43.29%", "2017-12-31": "48.36%", "2017-09-30": "48.38%", "2017-06-30": "60.88%", "2017-03-31": "89.43%", "2016-12-31": "164.53%", "2016-09-30": "260.06%", "2016-06-30": "1075.32%", "2016-03-31": "-237.58%", "2015-12-31": "-97.16%", "2015-09-30": "-100.00%", "2015-06-30": "-68.19%", "2015-03-31": "-87.16%", "2014-12-31": "-55.53%", "2014-09-30": "-43.21%", "2014-06-30": "-35.98%", "2014-03-31": "-43.24%", "2013-12-31": "-30.90%", "2013-09-30": "-21.21%", "2013-06-30": "-16.23%", "2013-03-31": "-8.52%", "2012-12-31": "-12.55%", "2012-09-30": "-2.65%"}, "return on assets": {"2020-09-30": "3.32%", "2020-06-30": "3.53%", "2020-03-31": "2.80%", "2019-12-31": "2.83%", "2019-09-30": "3.74%", "2019-06-30": "3.43%", "2019-03-31": "4.48%", "2018-12-31": "4.65%", "2018-09-30": "5.56%", "2018-06-30": "5.40%", "2018-03-31": "5.44%", "2017-12-31": "5.32%", "2017-09-30": "4.11%", "2017-06-30": "3.81%", "2017-03-31": "3.76%", "2016-12-31": "3.68%", "2016-09-30": "3.05%", "2016-06-30": "2.92%", "2016-03-31": "1.53%", "2015-12-31": "1.34%", "2015-09-30": "1.68%", "2015-06-30": "1.30%", "2015-03-31": "1.80%", "2014-12-31": "1.30%", "2014-09-30": "1.16%", "2014-06-30": "1.11%", "2014-03-31": "1.61%", "2013-12-31": "1.42%", "2013-09-30": "1.12%", "2013-06-30": "1.06%", "2013-03-31": "0.60%", "2012-12-31": "0.95%", "2012-09-30": "0.24%"}, "return on investments": {"2020-09-30": "9.35%", "2020-06-30": "9.62%", "2020-03-31": "9.64%", "2019-12-31": "9.97%", "2019-09-30": "11.38%", "2019-06-30": "10.77%", "2019-03-31": "10.68%", "2018-12-31": "10.70%", "2018-09-30": "10.69%", "2018-06-30": "11.00%", "2018-03-31": "11.16%", "2017-12-31": "11.21%", "2017-09-30": "11.26%", "2017-06-30": "10.81%", "2017-03-31": "10.60%", "2016-12-31": "10.76%", "2016-09-30": "9.74%", "2016-06-30": "9.98%", "2016-03-31": "10.01%", "2015-12-31": "10.12%", "2015-09-30": "11.26%", "2015-06-30": "10.76%", "2015-03-31": "9.60%", "2014-12-31": "8.64%", "2014-09-30": "8.48%", "2014-06-30": "8.43%", "2014-03-31": "9.43%", "2013-12-31": "10.41%", "2013-09-30": "10.60%", "2013-06-30": "10.85%", "2013-03-31": "13.68%", "2012-12-31": "19.16%", "2012-09-30": "32.67%"}, "return on tangible equity": {"2020-09-30": "-9.47%", "2020-06-30": "-9.79%", "2020-03-31": "-7.92%", "2019-12-31": "-8.29%", "2019-09-30": "-11.35%", "2019-06-30": "-11.33%", "2019-03-31": "-14.56%", "2018-12-31": "-14.89%", "2018-09-30": "-17.45%", "2018-06-30": "-16.36%", "2018-03-31": "-15.67%", "2017-12-31": "-14.41%", "2017-09-30": "-10.46%", "2017-06-30": "-9.20%", "2017-03-31": "-8.66%", "2016-12-31": "-8.11%", "2016-09-30": "-6.55%", "2016-06-30": "-6.16%", "2016-03-31": "-3.18%", "2015-12-31": "-2.76%", "2015-09-30": "-3.47%", "2015-06-30": "-2.66%", "2015-03-31": "-3.71%", "2014-12-31": "-2.65%", "2014-09-30": "-2.35%", "2014-06-30": "-2.20%", "2014-03-31": "-3.08%", "2013-12-31": "-2.63%", "2013-09-30": "-2.01%", "2013-06-30": "-1.84%", "2013-03-31": "-1.03%", "2012-12-31": "-1.59%", "2012-09-30": "-0.39%"}, "dividend yield history": {"last payout": "$0.00", "last yield": "0.00%"}}