{"ticker": "BYND", "price": {"title": "Beyond Meat Historical Annual Stock Price Data", "value": 168.92, "historical": {"2020": {"Average Stock Price": "125.6923", "Year Open": "75.6400", "Year High": "194.9450", "Year Low": "54.0200", "Year Close": "125.0000", "Annual % Change": "65.34%"}, "2019": {"Average Stock Price": "124.5533", "Year Open": "65.7500", "Year High": "234.9000", "Year Low": "65.7500", "Year Close": "75.6000", "Annual % Change": "0.00%"}}}, "market cap": {"value": "$10.58B"}, "income statement": {"Revenue": {"2019-12-31": "297.89700", "2018-12-31": "87.93400", "2017-12-31": "32.58100", "2016-12-31": "16.18200"}, "Cost Of Goods Sold": {"2019-12-31": "198.14100", "2018-12-31": "70.36000", "2017-12-31": "34.77200", "2016-12-31": "22.49400"}, "Gross Profit": {"2019-12-31": "99.75600", "2018-12-31": "17.57400", "2017-12-31": "-2.19100", "2016-12-31": "-6.31200"}, "Research And Development Expenses": {"2019-12-31": "20.65000", "2018-12-31": "9.58700", "2017-12-31": "5.72200", "2016-12-31": "5.78200"}, "SG&A Expenses": {"2019-12-31": "74.72600", "2018-12-31": "34.46100", "2017-12-31": "17.14300", "2016-12-31": "12.67200"}, "Other Operating Income Or Expenses": {"2019-12-31": "", "2018-12-31": "", "2017-12-31": "", "2016-12-31": ""}, "Operating Expenses": {"2019-12-31": "298.38600", "2018-12-31": "115.92300", "2017-12-31": "61.14600", "2016-12-31": "40.94800"}, "Operating Income": {"2019-12-31": "-0.48900", "2018-12-31": "-27.98900", "2017-12-31": "-28.56500", "2016-12-31": "-24.76600"}, "Total Non-Operating Income/Expense": {"2019-12-31": "-11.94500", "2018-12-31": "-1.89600", "2017-12-31": "-1.81400", "2016-12-31": "-0.38000"}, "Pre-Tax Income": {"2019-12-31": "-12.43400", "2018-12-31": "-29.88500", "2017-12-31": "-30.37900", "2016-12-31": "-25.14600"}, "Income Taxes": {"2019-12-31": "0.00900", "2018-12-31": "0.00100", "2017-12-31": "0.00500", "2016-12-31": "0.00300"}, "Income After Taxes": {"2019-12-31": "-12.44300", "2018-12-31": "-29.88600", "2017-12-31": "-30.38400", "2016-12-31": "-25.14900"}, "Other Income": {"2019-12-31": "", "2018-12-31": "", "2017-12-31": "", "2016-12-31": ""}, "Income From Continuous Operations": {"2019-12-31": "-12.44300", "2018-12-31": "-29.88600", "2017-12-31": "-30.38400", "2016-12-31": "-25.14900"}, "Income From Discontinued Operations": {"2019-12-31": "", "2018-12-31": "", "2017-12-31": "", "2016-12-31": ""}, "Net Income": {"2019-12-31": "-12.44300", "2018-12-31": "-29.88600", "2017-12-31": "-30.38400", "2016-12-31": "-25.14900"}, "EBITDA": {"2019-12-31": "7.79800", "2018-12-31": "-22.95900", "2017-12-31": "-25.34700", "2016-12-31": "-22.59900"}, "EBIT": {"2019-12-31": "-0.48900", "2018-12-31": "-27.98900", "2017-12-31": "-28.56500", "2016-12-31": "-24.76600"}, "Basic Shares Outstanding": {"2019-12-31": "42.27500", "2018-12-31": "6.28700", "2017-12-31": "5.45800", "2016-12-31": "4.56700"}, "Shares Outstanding": {"2019-12-31": "42.27500", "2018-12-31": "6.28700", "2017-12-31": "5.45800", "2016-12-31": "4.56700"}, "Basic EPS": {"2019-12-31": "-0.29000", "2018-12-31": "-4.75000", "2017-12-31": "-5.57000", "2016-12-31": "-5.51000"}, "EPS - Earnings Per Share": {"2019-12-31": "-0.29000", "2018-12-31": "-4.75000", "2017-12-31": "-5.57000", "2016-12-31": "-5.51000"}}, "income statement, quarterly": {"Revenue": {"2020-09-30": "94.43600", "2020-06-30": "113.33800", "2020-03-31": "97.07400", "2019-12-31": "98.47900", "2019-09-30": "91.96100", "2019-06-30": "67.25100", "2019-03-31": "40.20600", "2018-12-31": "31.51400", "2018-09-30": "26.27700", "2018-06-30": "17.36700", "2018-03-31": "12.77600", "2017-12-31": "", "2016-12-31": ""}, "Cost Of Goods Sold": {"2020-09-30": "68.90800", "2020-06-30": "79.68700", "2020-03-31": "59.38300", "2019-12-31": "65.01800", "2019-09-30": "59.17800", "2019-06-30": "44.51000", "2019-03-31": "29.43500", "2018-12-31": "23.65100", "2018-09-30": "21.23500", "2018-06-30": "14.75500", "2018-03-31": "10.71900", "2017-12-31": "", "2016-12-31": ""}, "Gross Profit": {"2020-09-30": "25.52800", "2020-06-30": "33.65100", "2020-03-31": "37.69100", "2019-12-31": "33.46100", "2019-09-30": "32.78300", "2019-06-30": "22.74100", "2019-03-31": "10.77100", "2018-12-31": "7.86300", "2018-09-30": "5.04200", "2018-06-30": "2.61200", "2018-03-31": "2.05700", "2017-12-31": "", "2016-12-31": ""}, "Research And Development Expenses": {"2020-09-30": "8.27800", "2020-06-30": "6.01600", "2020-03-31": "6.19400", "2019-12-31": "5.98900", "2019-09-30": "5.95100", "2019-06-30": "4.21200", "2019-03-31": "4.49800", "2018-12-31": "3.32000", "2018-09-30": "2.16500", "2018-06-30": "2.49700", "2018-03-31": "1.60500", "2017-12-31": "", "2016-12-31": ""}, "SG&A Expenses": {"2020-09-30": "33.56000", "2020-06-30": "34.29200", "2020-03-31": "27.31500", "2019-12-31": "27.09000", "2019-09-30": "20.94400", "2019-06-30": "15.51500", "2019-03-31": "11.17700", "2018-12-31": "11.67300", "2018-09-30": "10.35300", "2018-06-30": "7.04300", "2018-03-31": "5.73700", "2017-12-31": "", "2016-12-31": ""}, "Other Operating Income Or Expenses": {"2020-09-30": "", "2020-06-30": "", "2020-03-31": "", "2019-12-31": "", "2019-09-30": "", "2019-06-30": "", "2019-03-31": "", "2018-12-31": "", "2018-09-30": "", "2018-06-30": "", "2018-03-31": "", "2017-12-31": "", "2016-12-31": ""}, "Operating Expenses": {"2020-09-30": "112.89200", "2020-06-30": "121.50400", "2020-03-31": "95.26500", "2019-12-31": "99.40600", "2019-09-30": "88.39200", "2019-06-30": "65.08400", "2019-03-31": "45.50400", "2018-12-31": "38.64400", "2018-09-30": "34.28100", "2018-06-30": "24.64300", "2018-03-31": "18.35500", "2017-12-31": "", "2016-12-31": ""}, "Operating Income": {"2020-09-30": "-18.45600", "2020-06-30": "-8.16600", "2020-03-31": "1.80900", "2019-12-31": "-0.92700", "2019-09-30": "3.56900", "2019-06-30": "2.16700", "2019-03-31": "-5.29800", "2018-12-31": "-7.13000", "2018-09-30": "-8.00400", "2018-06-30": "-7.27600", "2018-03-31": "-5.57900", "2017-12-31": "", "2016-12-31": ""}, "Total Non-Operating Income/Expense": {"2020-09-30": "-0.77400", "2020-06-30": "-2.02300", "2020-03-31": "0.00500", "2019-12-31": "0.46300", "2019-09-30": "0.53000", "2019-06-30": "-11.58700", "2019-03-31": "-1.35100", "2018-12-31": "-0.32100", "2018-09-30": "-1.33800", "2018-06-30": "-0.12000", "2018-03-31": "-0.11700", "2017-12-31": "", "2016-12-31": ""}, "Pre-Tax Income": {"2020-09-30": "-19.23000", "2020-06-30": "-10.18900", "2020-03-31": "1.81400", "2019-12-31": "-0.46400", "2019-09-30": "4.09900", "2019-06-30": "-9.42000", "2019-03-31": "-6.64900", "2018-12-31": "-7.45100", "2018-09-30": "-9.34200", "2018-06-30": "-7.39600", "2018-03-31": "-5.69600", "2017-12-31": "", "2016-12-31": ""}, "Income Taxes": {"2020-09-30": "0.05500", "2020-06-30": "0.01600", "2020-03-31": "-0.00100", "2019-12-31": "-0.01200", "2019-09-30": "", "2019-06-30": "0.02100", "2019-03-31": "", "2018-12-31": "0.00100", "2018-09-30": "", "2018-06-30": "", "2018-03-31": "", "2017-12-31": "", "2016-12-31": ""}, "Income After Taxes": {"2020-09-30": "-19.28500", "2020-06-30": "-10.20500", "2020-03-31": "1.81500", "2019-12-31": "-0.45200", "2019-09-30": "4.09900", "2019-06-30": "-9.44100", "2019-03-31": "-6.64900", "2018-12-31": "-7.45200", "2018-09-30": "-9.34200", "2018-06-30": "-7.39600", "2018-03-31": "-5.69600", "2017-12-31": "", "2016-12-31": ""}, "Other Income": {"2020-09-30": "", "2020-06-30": "", "2020-03-31": "", "2019-12-31": "", "2019-09-30": "", "2019-06-30": "", "2019-03-31": "", "2018-12-31": "0.00000", "2018-09-30": "", "2018-06-30": "", "2018-03-31": "", "2017-12-31": "", "2016-12-31": ""}, "Income From Continuous Operations": {"2020-09-30": "-19.28500", "2020-06-30": "-10.20500", "2020-03-31": "1.81500", "2019-12-31": "-0.45200", "2019-09-30": "4.09900", "2019-06-30": "-9.44100", "2019-03-31": "-6.64900", "2018-12-31": "-7.45200", "2018-09-30": "-9.34200", "2018-06-30": "-7.39600", "2018-03-31": "-5.69600", "2017-12-31": "", "2016-12-31": ""}, "Income From Discontinued Operations": {"2020-09-30": "", "2020-06-30": "", "2020-03-31": "", "2019-12-31": "", "2019-09-30": "", "2019-06-30": "", "2019-03-31": "", "2018-12-31": "0.00000", "2018-09-30": "", "2018-06-30": "", "2018-03-31": "", "2017-12-31": "", "2016-12-31": ""}, "Net Income": {"2020-09-30": "-19.28500", "2020-06-30": "-10.20500", "2020-03-31": "1.81500", "2019-12-31": "-0.45200", "2019-09-30": "4.09900", "2019-06-30": "-9.44100", "2019-03-31": "-6.64900", "2018-12-31": "-7.45200", "2018-09-30": "-9.34200", "2018-06-30": "-7.39600", "2018-03-31": "-5.69600", "2017-12-31": "", "2016-12-31": ""}, "EBITDA": {"2020-09-30": "-14.93300", "2020-06-30": "-4.85800", "2020-03-31": "4.44900", "2019-12-31": "1.25600", "2019-09-30": "5.63800", "2019-06-30": "4.23900", "2019-03-31": "-3.33500", "2018-12-31": "-5.19700", "2018-09-30": "-6.56200", "2018-06-30": "-6.36300", "2018-03-31": "-4.83700", "2017-12-31": "", "2016-12-31": ""}, "EBIT": {"2020-09-30": "-18.45600", "2020-06-30": "-8.16600", "2020-03-31": "1.80900", "2019-12-31": "-0.92700", "2019-09-30": "3.56900", "2019-06-30": "2.16700", "2019-03-31": "-5.29800", "2018-12-31": "-7.13000", "2018-09-30": "-8.00400", "2018-06-30": "-7.27600", "2018-03-31": "-5.57900", "2017-12-31": "", "2016-12-31": ""}, "Basic Shares Outstanding": {"2020-09-30": "62.48700", "2020-06-30": "62.09900", "2020-03-31": "61.68000", "2019-12-31": "42.27500", "2019-09-30": "60.41600", "2019-06-30": "39.08100", "2019-03-31": "6.97400", "2018-12-31": "6.28700", "2018-09-30": "6.44200", "2018-06-30": "6.07200", "2018-03-31": "5.79400", "2017-12-31": "", "2016-12-31": ""}, "Shares Outstanding": {"2020-09-30": "62.48700", "2020-06-30": "62.09900", "2020-03-31": "65.92800", "2019-12-31": "42.27500", "2019-09-30": "66.02600", "2019-06-30": "39.08100", "2019-03-31": "6.97400", "2018-12-31": "6.28700", "2018-09-30": "6.44200", "2018-06-30": "6.07200", "2018-03-31": "5.79400", "2017-12-31": "", "2016-12-31": ""}, "Basic EPS": {"2020-09-30": "-0.31000", "2020-06-30": "-0.16000", "2020-03-31": "0.03000", "2019-12-31": "0.83000", "2019-09-30": "0.07000", "2019-06-30": "-0.24000", "2019-03-31": "-0.95000", "2018-12-31": "-1.10000", "2018-09-30": "-1.45000", "2018-06-30": "-1.22000", "2018-03-31": "-0.98000", "2017-12-31": "", "2016-12-31": ""}, "EPS - Earnings Per Share": {"2020-09-30": "-0.31000", "2020-06-30": "-0.16000", "2020-03-31": "0.03000", "2019-12-31": "0.84000", "2019-09-30": "0.06000", "2019-06-30": "-0.24000", "2019-03-31": "-0.95000", "2018-12-31": "-1.10000", "2018-09-30": "-1.45000", "2018-06-30": "-1.22000", "2018-03-31": "-0.98000", "2017-12-31": "0.00000", "2016-12-31": "0.00000"}}, "balance sheet": {"Cash On Hand": {"2019-12-31": "275.98800", "2018-12-31": "54.27100", "2017-12-31": "39.03500", "2016-12-31": ""}, "Receivables": {"2019-12-31": "40.08000", "2018-12-31": "12.62600", "2017-12-31": "3.58100", "2016-12-31": ""}, "Inventory": {"2019-12-31": "81.59600", "2018-12-31": "30.25700", "2017-12-31": "8.14400", "2016-12-31": ""}, "Pre-Paid Expenses": {"2019-12-31": "5.93000", "2018-12-31": "5.67200", "2017-12-31": "1.20900", "2016-12-31": ""}, "Other Current Assets": {"2019-12-31": "", "2018-12-31": "", "2017-12-31": "", "2016-12-31": ""}, "Total Current Assets": {"2019-12-31": "403.59400", "2018-12-31": "102.82600", "2017-12-31": "51.96900", "2016-12-31": ""}, "Property, Plant, And Equipment": {"2019-12-31": "47.47400", "2018-12-31": "30.52700", "2017-12-31": "14.11800", "2016-12-31": ""}, "Long-Term Investments": {"2019-12-31": "", "2018-12-31": "", "2017-12-31": "", "2016-12-31": ""}, "Goodwill And Intangible Assets": {"2019-12-31": "", "2018-12-31": "", "2017-12-31": "", "2016-12-31": "0.00000"}, "Other Long-Term Assets": {"2019-12-31": "0.85500", "2018-12-31": "0.39600", "2017-12-31": "0.37600", "2016-12-31": ""}, "Total Long-Term Assets": {"2019-12-31": "48.32900", "2018-12-31": "30.92300", "2017-12-31": "14.49400", "2016-12-31": ""}, "Total Assets": {"2019-12-31": "451.92300", "2018-12-31": "133.74900", "2017-12-31": "66.46300", "2016-12-31": "0.00000"}, "Total Current Liabilities": {"2019-12-31": "47.69700", "2018-12-31": "25.16700", "2017-12-31": "12.15000", "2016-12-31": ""}, "Long Term Debt": {"2019-12-31": "20.13600", "2018-12-31": "30.79200", "2017-12-31": "2.03200", "2016-12-31": ""}, "Other Non-Current Liabilities": {"2019-12-31": "", "2018-12-31": "", "2017-12-31": "", "2016-12-31": ""}, "Total Long Term Liabilities": {"2019-12-31": "20.13600", "2018-12-31": "30.79200", "2017-12-31": "2.03200", "2016-12-31": ""}, "Total Liabilities": {"2019-12-31": "67.83300", "2018-12-31": "55.95900", "2017-12-31": "162.37600", "2016-12-31": "0.00000"}, "Common Stock Net": {"2019-12-31": "0.00600", "2018-12-31": "0.00100", "2017-12-31": "0.00100", "2016-12-31": "0.00000"}, "Retained Earnings (Accumulated Deficit)": {"2019-12-31": "-142.11500", "2018-12-31": "-129.67200", "2017-12-31": "-99.78600", "2016-12-31": ""}, "Comprehensive Income": {"2019-12-31": "", "2018-12-31": "", "2017-12-31": "", "2016-12-31": ""}, "Other Share Holders Equity": {"2019-12-31": "", "2018-12-31": "", "2017-12-31": "-0.95100", "2016-12-31": "0.00000"}, "Share Holder Equity": {"2019-12-31": "384.09000", "2018-12-31": "77.79000", "2017-12-31": "-95.91300", "2016-12-31": "0.00000"}, "Total Liabilities And Share Holders Equity": {"2019-12-31": "451.92300", "2018-12-31": "133.74900", "2017-12-31": "66.46300", "2016-12-31": "0.00000"}}, "balance sheet, quarterly": {"Cash On Hand": {"2020-09-30": "214.61500", "2020-06-30": "222.33400", "2020-03-31": "246.41000", "2019-12-31": "275.98800", "2019-09-30": "312.45100", "2019-06-30": "276.98700", "2019-03-31": "35.40900", "2018-12-31": "54.27100", "2018-09-30": "", "2018-06-30": "", "2018-03-31": "", "2017-12-31": "39.03500", "2016-12-31": ""}, "Receivables": {"2020-09-30": "29.76000", "2020-06-30": "45.98600", "2020-03-31": "36.33300", "2019-12-31": "40.08000", "2019-09-30": "34.48200", "2019-06-30": "34.38800", "2019-03-31": "16.19400", "2018-12-31": "12.62600", "2018-09-30": "", "2018-06-30": "", "2018-03-31": "", "2017-12-31": "3.58100", "2016-12-31": ""}, "Inventory": {"2020-09-30": "132.35900", "2020-06-30": "143.03300", "2020-03-31": "120.70200", "2019-12-31": "81.59600", "2019-09-30": "60.27000", "2019-06-30": "42.69500", "2019-03-31": "34.28100", "2018-12-31": "30.25700", "2018-09-30": "", "2018-06-30": "", "2018-03-31": "", "2017-12-31": "8.14400", "2016-12-31": ""}, "Pre-Paid Expenses": {"2020-09-30": "14.19500", "2020-06-30": "17.99000", "2020-03-31": "12.49800", "2019-12-31": "5.93000", "2019-09-30": "11.74200", "2019-06-30": "7.72600", "2019-03-31": "6.52500", "2018-12-31": "5.67200", "2018-09-30": "", "2018-06-30": "", "2018-03-31": "", "2017-12-31": "", "2016-12-31": ""}, "Other Current Assets": {"2020-09-30": "", "2020-06-30": "", "2020-03-31": "", "2019-12-31": "", "2019-09-30": "", "2019-06-30": "", "2019-03-31": "", "2018-12-31": "", "2018-09-30": "", "2018-06-30": "", "2018-03-31": "", "2017-12-31": "1.20900", "2016-12-31": ""}, "Total Current Assets": {"2020-09-30": "390.92900", "2020-06-30": "429.34300", "2020-03-31": "415.94300", "2019-12-31": "403.59400", "2019-09-30": "418.94500", "2019-06-30": "361.79600", "2019-03-31": "92.40900", "2018-12-31": "102.82600", "2018-09-30": "", "2018-06-30": "", "2018-03-31": "", "2017-12-31": "51.96900", "2016-12-31": ""}, "Property, Plant, And Equipment": {"2020-09-30": "77.00200", "2020-06-30": "70.28600", "2020-03-31": "61.75800", "2019-12-31": "47.47400", "2019-09-30": "35.05000", "2019-06-30": "34.47300", "2019-03-31": "31.86100", "2018-12-31": "30.52700", "2018-09-30": "", "2018-06-30": "", "2018-03-31": "", "2017-12-31": "21.89600", "2016-12-31": ""}, "Long-Term Investments": {"2020-09-30": "", "2020-06-30": "", "2020-03-31": "", "2019-12-31": "", "2019-09-30": "", "2019-06-30": "", "2019-03-31": "", "2018-12-31": "", "2018-09-30": "", "2018-06-30": "", "2018-03-31": "", "2017-12-31": "", "2016-12-31": ""}, "Goodwill And Intangible Assets": {"2020-09-30": "", "2020-06-30": "", "2020-03-31": "", "2019-12-31": "", "2019-09-30": "", "2019-06-30": "", "2019-03-31": "", "2018-12-31": "", "2018-09-30": "0.00000", "2018-06-30": "0.00000", "2018-03-31": "0.00000", "2017-12-31": "0.00000", "2016-12-31": "0.00000"}, "Other Long-Term Assets": {"2020-09-30": "4.97000", "2020-06-30": "4.55200", "2020-03-31": "1.50100", "2019-12-31": "0.85500", "2019-09-30": "0.84600", "2019-06-30": "0.79200", "2019-03-31": "0.88700", "2018-12-31": "0.39600", "2018-09-30": "", "2018-06-30": "", "2018-03-31": "", "2017-12-31": "0.37600", "2016-12-31": ""}, "Total Long-Term Assets": {"2020-09-30": "95.70800", "2020-06-30": "88.63100", "2020-03-31": "75.69000", "2019-12-31": "48.32900", "2019-09-30": "35.89600", "2019-06-30": "35.26500", "2019-03-31": "32.74800", "2018-12-31": "30.92300", "2018-09-30": "", "2018-06-30": "", "2018-03-31": "", "2017-12-31": "22.27200", "2016-12-31": ""}, "Total Assets": {"2020-09-30": "486.63700", "2020-06-30": "517.97400", "2020-03-31": "491.63300", "2019-12-31": "451.92300", "2019-09-30": "454.84100", "2019-06-30": "397.06100", "2019-03-31": "125.15700", "2018-12-31": "133.74900", "2018-09-30": "0.00000", "2018-06-30": "0.00000", "2018-03-31": "0.00000", "2017-12-31": "66.46300", "2016-12-31": "0.00000"}, "Total Current Liabilities": {"2020-09-30": "45.65700", "2020-06-30": "66.27500", "2020-03-31": "71.98300", "2019-12-31": "47.69700", "2019-09-30": "56.19200", "2019-06-30": "40.40300", "2019-03-31": "21.94200", "2018-12-31": "25.16700", "2018-09-30": "", "2018-06-30": "", "2018-03-31": "", "2017-12-31": "12.15000", "2016-12-31": ""}, "Long Term Debt": {"2020-09-30": "50.16700", "2020-06-30": "50.18500", "2020-03-31": "16.73400", "2019-12-31": "20.13600", "2019-09-30": "21.82100", "2019-06-30": "24.87300", "2019-03-31": "30.85300", "2018-12-31": "30.79200", "2018-09-30": "", "2018-06-30": "", "2018-03-31": "", "2017-12-31": "2.03200", "2016-12-31": ""}, "Other Non-Current Liabilities": {"2020-09-30": "", "2020-06-30": "", "2020-03-31": "", "2019-12-31": "", "2019-09-30": "", "2019-06-30": "", "2019-03-31": "", "2018-12-31": "", "2018-09-30": "", "2018-06-30": "", "2018-03-31": "", "2017-12-31": "", "2016-12-31": ""}, "Total Long Term Liabilities": {"2020-09-30": "61.58000", "2020-06-30": "61.78900", "2020-03-31": "27.66900", "2019-12-31": "20.13600", "2019-09-30": "21.82100", "2019-06-30": "24.87300", "2019-03-31": "30.85300", "2018-12-31": "30.79200", "2018-09-30": "", "2018-06-30": "", "2018-03-31": "", "2017-12-31": "2.03200", "2016-12-31": ""}, "Total Liabilities": {"2020-09-30": "107.23700", "2020-06-30": "128.06400", "2020-03-31": "99.65200", "2019-12-31": "67.83300", "2019-09-30": "78.01300", "2019-06-30": "65.27600", "2019-03-31": "52.79500", "2018-12-31": "55.95900", "2018-09-30": "0.00000", "2018-06-30": "0.00000", "2018-03-31": "0.00000", "2017-12-31": "162.37600", "2016-12-31": "0.00000"}, "Common Stock Net": {"2020-09-30": "0.00600", "2020-06-30": "0.00600", "2020-03-31": "0.00600", "2019-12-31": "0.00600", "2019-09-30": "0.00600", "2019-06-30": "0.00600", "2019-03-31": "0.00100", "2018-12-31": "0.00100", "2018-09-30": "0.00000", "2018-06-30": "0.00000", "2018-03-31": "0.00000", "2017-12-31": "0.00100", "2016-12-31": "0.00000"}, "Retained Earnings (Accumulated Deficit)": {"2020-09-30": "-169.79000", "2020-06-30": "-150.50500", "2020-03-31": "-140.30000", "2019-12-31": "-142.11500", "2019-09-30": "-141.66300", "2019-06-30": "-145.76200", "2019-03-31": "-136.32100", "2018-12-31": "-129.67200", "2018-09-30": "", "2018-06-30": "", "2018-03-31": "", "2017-12-31": "-99.78600", "2016-12-31": ""}, "Comprehensive Income": {"2020-09-30": "0.47800", "2020-06-30": "-0.16700", "2020-03-31": "", "2019-12-31": "", "2019-09-30": "", "2019-06-30": "", "2019-03-31": "", "2018-12-31": "", "2018-09-30": "", "2018-06-30": "", "2018-03-31": "", "2017-12-31": "", "2016-12-31": ""}, "Other Share Holders Equity": {"2020-09-30": "", "2020-06-30": "", "2020-03-31": "", "2019-12-31": "", "2019-09-30": "", "2019-06-30": "", "2019-03-31": "", "2018-12-31": "", "2018-09-30": "0.00000", "2018-06-30": "0.00000", "2018-03-31": "0.00000", "2017-12-31": "-0.95100", "2016-12-31": "0.00000"}, "Share Holder Equity": {"2020-09-30": "379.40000", "2020-06-30": "389.91000", "2020-03-31": "391.98100", "2019-12-31": "384.09000", "2019-09-30": "376.82800", "2019-06-30": "331.78500", "2019-03-31": "72.36200", "2018-12-31": "77.79000", "2018-09-30": "0.00000", "2018-06-30": "0.00000", "2018-03-31": "0.00000", "2017-12-31": "-95.91300", "2016-12-31": "0.00000"}, "Total Liabilities And Share Holders Equity": {"2020-09-30": "486.63700", "2020-06-30": "517.97400", "2020-03-31": "491.63300", "2019-12-31": "451.92300", "2019-09-30": "454.84100", "2019-06-30": "397.06100", "2019-03-31": "125.15700", "2018-12-31": "133.74900", "2018-09-30": "0.00000", "2018-06-30": "0.00000", "2018-03-31": "0.00000", "2017-12-31": "66.46300", "2016-12-31": "0.00000"}}, "cash flow statement": {"Net Income/Loss": {"2019-12-31": "-12.44300", "2018-12-31": "-29.88600", "2017-12-31": "-30.38400", "2016-12-31": "-25.14900"}, "Total Depreciation And Amortization - Cash Flow": {"2019-12-31": "8.28700", "2018-12-31": "5.03000", "2017-12-31": "3.21800", "2016-12-31": "2.16700"}, "Other Non-Cash Items": {"2019-12-31": "25.40300", "2018-12-31": "3.43700", "2017-12-31": "4.47500", "2016-12-31": "0.94600"}, "Total Non-Cash Items": {"2019-12-31": "33.69000", "2018-12-31": "8.46700", "2017-12-31": "7.69300", "2016-12-31": "3.11300"}, "Change In Accounts Receivable": {"2019-12-31": "-27.45400", "2018-12-31": "-9.04500", "2017-12-31": "-2.70200", "2016-12-31": "1.07100"}, "Change In Inventories": {"2019-12-31": "-51.33900", "2018-12-31": "-22.11300", "2017-12-31": "-1.95900", "2016-12-31": "-3.71000"}, "Change In Accounts Payable": {"2019-12-31": "10.14900", "2018-12-31": "10.45500", "2017-12-31": "2.36100", "2016-12-31": "0.54800"}, "Change In Assets/Liabilities": {"2019-12-31": "-2.34100", "2018-12-31": "0.60300", "2017-12-31": "-0.74600", "2016-12-31": "-0.26700"}, "Total Change In Assets/Liabilities": {"2019-12-31": "-68.24200", "2018-12-31": "-16.30200", "2017-12-31": "-2.58200", "2016-12-31": "-1.45900"}, "Cash Flow From Operating Activities": {"2019-12-31": "-46.99500", "2018-12-31": "-37.72100", "2017-12-31": "-25.27300", "2016-12-31": "-23.49500"}, "Net Change In Property, Plant, And Equipment": {"2019-12-31": "-25.91800", "2018-12-31": "-23.18300", "2017-12-31": "-7.90800", "2016-12-31": "-4.95500"}, "Net Change In Intangible Assets": {"2019-12-31": "", "2018-12-31": "", "2017-12-31": "", "2016-12-31": ""}, "Net Acquisitions/Divestitures": {"2019-12-31": "", "2018-12-31": "", "2017-12-31": "", "2016-12-31": ""}, "Net Change In Short-term Investments": {"2019-12-31": "", "2018-12-31": "", "2017-12-31": "", "2016-12-31": ""}, "Net Change In Long-Term Investments": {"2019-12-31": "-0.54500", "2018-12-31": "-0.05900", "2017-12-31": "-0.20700", "2016-12-31": "-0.08300"}, "Net Change In Investments - Total": {"2019-12-31": "-0.54500", "2018-12-31": "-0.05900", "2017-12-31": "-0.20700", "2016-12-31": "-0.08300"}, "Investing Activities - Other": {"2019-12-31": "0.29900", "2018-12-31": "", "2017-12-31": "", "2016-12-31": ""}, "Cash Flow From Investing Activities": {"2019-12-31": "-26.16400", "2018-12-31": "-23.24200", "2017-12-31": "-8.11500", "2016-12-31": "-5.03800"}, "Net Long-Term Debt": {"2019-12-31": "-0.05500", "2018-12-31": "6.89700", "2017-12-31": "12.27900", "2016-12-31": "3.88300"}, "Net Current Debt": {"2019-12-31": "", "2018-12-31": "19.00000", "2017-12-31": "-0.50000", "2016-12-31": "1.50000"}, "Debt Issuance/Retirement Net - Total": {"2019-12-31": "-0.05500", "2018-12-31": "25.89700", "2017-12-31": "11.77900", "2016-12-31": "5.38300"}, "Net Common Equity Issued/Repurchased": {"2019-12-31": "294.93100", "2018-12-31": "0.85700", "2017-12-31": "0.37900", "2016-12-31": "0.68400"}, "Net Total Equity Issued/Repurchased": {"2019-12-31": "294.93100", "2018-12-31": "52.20300", "2017-12-31": "43.64600", "2016-12-31": "26.53100"}, "Total Common And Preferred Stock Dividends Paid": {"2019-12-31": "", "2018-12-31": "", "2017-12-31": "", "2016-12-31": ""}, "Financial Activities - Other": {"2019-12-31": "", "2018-12-31": "-1.90100", "2017-12-31": "", "2016-12-31": ""}, "Cash Flow From Financial Activities": {"2019-12-31": "294.87600", "2018-12-31": "76.19900", "2017-12-31": "55.42500", "2016-12-31": "31.91400"}, "Net Cash Flow": {"2019-12-31": "221.71700", "2018-12-31": "15.23600", "2017-12-31": "22.03700", "2016-12-31": "3.38100"}, "Stock-Based Compensation": {"2019-12-31": "12.80700", "2018-12-31": "2.24100", "2017-12-31": "0.66500", "2016-12-31": "0.73500"}, "Common Stock Dividends Paid": {"2019-12-31": "", "2018-12-31": "", "2017-12-31": "", "2016-12-31": ""}}, "cash flow statement, quarterly": {"Net Income/Loss": {"2020-09-30": -19.285, "2020-06-30": -10.205, "2020-03-31": "1.81500", "2019-12-31": -0.452, "2019-09-30": 4.099, "2019-06-30": -9.441, "2019-03-31": "-6.64900", "2018-12-31": -7.452, "2018-09-30": -9.342, "2018-06-30": -7.396, "2018-03-31": "-5.69600", "2017-12-31": -5.235, "2016-12-31": -25.149}, "Total Depreciation And Amortization - Cash Flow": {"2020-09-30": 3.523, "2020-06-30": 3.308, "2020-03-31": "2.64000", "2019-12-31": 2.183, "2019-09-30": 2.069, "2019-06-30": 2.072, "2019-03-31": "1.96300", "2018-12-31": 1.933, "2018-09-30": 1.442, "2018-06-30": 0.913, "2018-03-31": "0.74200", "2017-12-31": 1.051, "2016-12-31": 2.167}, "Other Non-Cash Items": {"2020-09-30": 7.257, "2020-06-30": 10.055, "2020-03-31": "6.39400", "2019-12-31": 7.093, "2019-09-30": 3.129, "2019-06-30": 13.567, "2019-03-31": "1.61400", "2018-12-31": 1.018, "2018-09-30": 1.45, "2018-06-30": 0.58, "2018-03-31": "0.38900", "2017-12-31": 0, "2016-12-31": 0}, "Total Non-Cash Items": {"2020-09-30": 10.78, "2020-06-30": 13.363, "2020-03-31": "9.03400", "2019-12-31": 9.276, "2019-09-30": 5.198, "2019-06-30": 15.639, "2019-03-31": "3.57700", "2018-12-31": -0.486, "2018-09-30": 2.892, "2018-06-30": 1.493, "2018-03-31": "1.13100", "2017-12-31": 1.051, "2016-12-31": 2.167}, "Change In Accounts Receivable": {"2020-09-30": 16.272, "2020-06-30": -9.653, "2020-03-31": "3.74600", "2019-12-31": -5.598, "2019-09-30": -0.094, "2019-06-30": -18.194, "2019-03-31": "-3.56800", "2018-12-31": -0.546, "2018-09-30": -5.711, "2018-06-30": -1.797, "2018-03-31": "-0.99100", "2017-12-31": 0, "2016-12-31": 0}, "Change In Inventories": {"2020-09-30": 11.174, "2020-06-30": -22.331, "2020-03-31": "-39.10600", "2019-12-31": -21.326, "2019-09-30": -17.575, "2019-06-30": -8.413, "2019-03-31": "-4.02500", "2018-12-31": -12.486, "2018-09-30": -3.449, "2018-06-30": -5.034, "2018-03-31": "-1.14400", "2017-12-31": 0, "2016-12-31": 0}, "Change In Accounts Payable": {"2020-09-30": -19.122, "2020-06-30": 4.913, "2020-03-31": "16.65100", "2019-12-31": -10.057, "2019-09-30": 10.407, "2019-06-30": 14.148, "2019-03-31": "-4.34900", "2018-12-31": 2.785, "2018-09-30": 1.047, "2018-06-30": 4.778, "2018-03-31": "1.84500", "2017-12-31": 0, "2016-12-31": 0}, "Change In Assets/Liabilities": {"2020-09-30": 2.352, "2020-06-30": -6.646, "2020-03-31": "-6.73400", "2019-12-31": -0.474, "2019-09-30": 0.252, "2019-06-30": -2.245, "2019-03-31": "0.12600", "2018-12-31": 1.179, "2018-09-30": -0.461, "2018-06-30": -0.215, "2018-03-31": "0.10000", "2017-12-31": 0, "2016-12-31": 0}, "Total Change In Assets/Liabilities": {"2020-09-30": 10.103, "2020-06-30": -30.291, "2020-03-31": "-28.05100", "2019-12-31": -37.48, "2019-09-30": -5.27, "2019-06-30": -15.284, "2019-03-31": "-10.20800", "2018-12-31": -8.843, "2018-09-30": -5.26, "2018-06-30": -1.876, "2018-03-31": "-0.32300", "2017-12-31": -1.123, "2016-12-31": -1.459}, "Cash Flow From Operating Activities": {"2020-09-30": 1.598, "2020-06-30": -27.133, "2020-03-31": "-17.20200", "2019-12-31": -28.656, "2019-09-30": 4.027, "2019-06-30": -9.086, "2019-03-31": "-13.28000", "2018-12-31": -13.344, "2018-09-30": -11.71, "2018-06-30": -7.779, "2018-03-31": "-4.88800", "2017-12-31": -1.778, "2016-12-31": -23.495}, "Net Change In Property, Plant, And Equipment": {"2020-09-30": -12.017, "2020-06-30": -14.957, "2020-03-31": "-13.36200", "2019-12-31": -9.307, "2019-09-30": -6.22, "2019-06-30": -5.899, "2019-03-31": "-4.49200", "2018-12-31": -5.037, "2018-09-30": -8.173, "2018-06-30": -6.254, "2018-03-31": "-3.71900", "2017-12-31": -2.953, "2016-12-31": -4.955}, "Net Change In Intangible Assets": {"2020-09-30": 0, "2020-06-30": 0, "2020-03-31": "", "2019-12-31": 0, "2019-09-30": 0, "2019-06-30": 0, "2019-03-31": "", "2018-12-31": 0, "2018-09-30": 0, "2018-06-30": 0, "2018-03-31": "", "2017-12-31": 0, "2016-12-31": 0}, "Net Acquisitions/Divestitures": {"2020-09-30": 0, "2020-06-30": 0, "2020-03-31": "", "2019-12-31": 0, "2019-09-30": 0, "2019-06-30": 0, "2019-03-31": "", "2018-12-31": 0, "2018-09-30": 0, "2018-06-30": 0, "2018-03-31": "", "2017-12-31": 0, "2016-12-31": 0}, "Net Change In Short-term Investments": {"2020-09-30": 0, "2020-06-30": 0, "2020-03-31": "", "2019-12-31": 0, "2019-09-30": 0, "2019-06-30": 0, "2019-03-31": "", "2018-12-31": 0, "2018-09-30": 0, "2018-06-30": 0, "2018-03-31": "", "2017-12-31": 0, "2016-12-31": 0}, "Net Change In Long-Term Investments": {"2020-09-30": 0, "2020-06-30": -0.009, "2020-03-31": "", "2019-12-31": -0.003, "2019-09-30": -0.055, "2019-06-30": 0.014, "2019-03-31": "-0.50100", "2018-12-31": 0, "2018-09-30": 0.001, "2018-06-30": -0.047, "2018-03-31": "-0.01300", "2017-12-31": 0, "2016-12-31": 0}, "Net Change In Investments - Total": {"2020-09-30": 0, "2020-06-30": -0.009, "2020-03-31": "", "2019-12-31": -0.003, "2019-09-30": -0.055, "2019-06-30": 0.014, "2019-03-31": "-0.50100", "2018-12-31": 0, "2018-09-30": 0.001, "2018-06-30": -0.047, "2018-03-31": "-0.01300", "2017-12-31": -0.124, "2016-12-31": -0.083}, "Investing Activities - Other": {"2020-09-30": 0.599, "2020-06-30": 0, "2020-03-31": "", "2019-12-31": 0.299, "2019-09-30": 0, "2019-06-30": 0, "2019-03-31": "", "2018-12-31": 0, "2018-09-30": 0, "2018-06-30": 0, "2018-03-31": "", "2017-12-31": 0, "2016-12-31": 0}, "Cash Flow From Investing Activities": {"2020-09-30": -11.418, "2020-06-30": -14.966, "2020-03-31": "-13.36200", "2019-12-31": -9.011, "2019-09-30": -6.275, "2019-06-30": -5.885, "2019-03-31": "-4.99300", "2018-12-31": -5.037, "2018-09-30": -8.172, "2018-06-30": -6.301, "2018-03-31": "-3.73200", "2017-12-31": -3.077, "2016-12-31": -5.038}, "Net Long-Term Debt": {"2020-09-30": -0.018, "2020-06-30": 38.982, "2020-03-31": "-0.01600", "2019-12-31": -0.024, "2019-09-30": -0.01, "2019-06-30": -0.012, "2019-03-31": "-0.00900", "2018-12-31": -0.01, "2018-09-30": 10.974, "2018-06-30": -1.508, "2018-03-31": "-2.55900", "2017-12-31": 0, "2016-12-31": 0}, "Net Current Debt": {"2020-09-30": 0, "2020-06-30": -20, "2020-03-31": "", "2019-12-31": 0, "2019-09-30": 0, "2019-06-30": 0, "2019-03-31": "", "2018-12-31": 0, "2018-09-30": 10, "2018-06-30": 9.125, "2018-03-31": "-0.12500", "2017-12-31": -2, "2016-12-31": 1.5}, "Debt Issuance/Retirement Net - Total": {"2020-09-30": -0.018, "2020-06-30": 18.982, "2020-03-31": "-0.01600", "2019-12-31": -0.024, "2019-09-30": -0.01, "2019-06-30": -0.012, "2019-03-31": "-0.00900", "2018-12-31": -19.01, "2018-09-30": 20.974, "2018-06-30": 7.617, "2018-03-31": "-2.68400", "2017-12-31": 8.396, "2016-12-31": 3.883}, "Net Common Equity Issued/Repurchased": {"2020-09-30": 2.667, "2020-06-30": 2.81, "2020-03-31": "1.01400", "2019-12-31": 1.228, "2019-09-30": 37.722, "2019-06-30": 255.615, "2019-03-31": "0.36600", "2018-12-31": 0.243, "2018-09-30": -0.257, "2018-06-30": 0.784, "2018-03-31": "0.08700", "2017-12-31": 0, "2016-12-31": 0}, "Net Total Equity Issued/Repurchased": {"2020-09-30": 2.667, "2020-06-30": 2.81, "2020-03-31": "1.01400", "2019-12-31": 1.228, "2019-09-30": 37.722, "2019-06-30": 255.615, "2019-03-31": "0.36600", "2018-12-31": 25.242, "2018-09-30": 24.74, "2018-06-30": 0.905, "2018-03-31": "1.31600", "2017-12-31": 17.115, "2016-12-31": 26.531}, "Total Common And Preferred Stock Dividends Paid": {"2020-09-30": 0, "2020-06-30": 0, "2020-03-31": "", "2019-12-31": 0, "2019-09-30": 0, "2019-06-30": 0, "2019-03-31": "", "2018-12-31": 0, "2018-09-30": 0, "2018-06-30": 0, "2018-03-31": "", "2017-12-31": 0, "2016-12-31": 0}, "Financial Activities - Other": {"2020-09-30": -0.546, "2020-06-30": -3.602, "2020-03-31": "-0.01200", "2019-12-31": 0, "2019-09-30": 0, "2019-06-30": 0.946, "2019-03-31": "-0.94600", "2018-12-31": -2.36, "2018-09-30": 0.459, "2018-06-30": 0, "2018-03-31": "", "2017-12-31": 0, "2016-12-31": 0}, "Cash Flow From Financial Activities": {"2020-09-30": 2.103, "2020-06-30": 18.19, "2020-03-31": "0.98600", "2019-12-31": 1.204, "2019-09-30": 37.712, "2019-06-30": 256.549, "2019-03-31": "-0.58900", "2018-12-31": 22.872, "2018-09-30": 46.173, "2018-06-30": 8.522, "2018-03-31": "-1.36800", "2017-12-31": 23.511, "2016-12-31": 31.914}, "Net Cash Flow": {"2020-09-30": -7.719, "2020-06-30": -24.076, "2020-03-31": "-29.57800", "2019-12-31": -36.463, "2019-09-30": 35.464, "2019-06-30": 241.578, "2019-03-31": "-18.86200", "2018-12-31": 4.491, "2018-09-30": 26.291, "2018-06-30": -5.558, "2018-03-31": "-9.98800", "2017-12-31": 18.656, "2016-12-31": 3.381}, "Stock-Based Compensation": {"2020-09-30": 6.842, "2020-06-30": 7.586, "2020-03-31": "5.94900", "2019-12-31": 7, "2019-09-30": 3.129, "2019-06-30": 1.823, "2019-03-31": "0.85500", "2018-12-31": 1.151, "2018-09-30": 0.38, "2018-06-30": 0.45, "2018-03-31": "0.26000", "2017-12-31": 0, "2016-12-31": 0}, "Common Stock Dividends Paid": {"2020-09-30": 0, "2020-06-30": 0, "2020-03-31": "", "2019-12-31": 0, "2019-09-30": 0, "2019-06-30": 0, "2019-03-31": "", "2018-12-31": 0, "2018-09-30": 0, "2018-06-30": 0, "2018-03-31": "", "2017-12-31": 0, "2016-12-31": 0}}, "financial ratios": {"Current Ratio": {"2019-12-31": "8.46160", "2018-12-31": "4.08570", "2017-12-31": "4.27730", "2016-12-31": ""}, "Long-term Debt / Capital": {"2019-12-31": "0.04980", "2018-12-31": "0.28360", "2017-12-31": "-0.02160", "2016-12-31": ""}, "Debt/Equity Ratio": {"2019-12-31": "0.08130", "2018-12-31": "0.39640", "2017-12-31": "-0.05370", "2016-12-31": ""}, "Gross Margin": {"2019-12-31": "33.48670", "2018-12-31": "19.98540", "2017-12-31": "-6.72480", "2016-12-31": "-39.00630"}, "Operating Margin": {"2019-12-31": "-0.16410", "2018-12-31": "-31.82960", "2017-12-31": "-87.67380", "2016-12-31": "-153.04660"}, "EBIT Margin": {"2019-12-31": "-0.16410", "2018-12-31": "-31.82960", "2017-12-31": "-87.67380", "2016-12-31": "-153.04660"}, "EBITDA Margin": {"2019-12-31": "2.61770", "2018-12-31": "-26.10940", "2017-12-31": "-77.79690", "2016-12-31": "-139.65520"}, "Pre-Tax Profit Margin": {"2019-12-31": "-4.17390", "2018-12-31": "-33.98570", "2017-12-31": "-93.24150", "2016-12-31": "-155.39490"}, "Net Profit Margin": {"2019-12-31": "-4.17690", "2018-12-31": "-33.98690", "2017-12-31": "-93.25680", "2016-12-31": "-155.41340"}, "Asset Turnover": {"2019-12-31": "0.65920", "2018-12-31": "0.65750", "2017-12-31": "0.49020", "2016-12-31": ""}, "Inventory Turnover Ratio": {"2019-12-31": "2.42830", "2018-12-31": "2.32540", "2017-12-31": "4.26960", "2016-12-31": ""}, "Receiveable Turnover": {"2019-12-31": "7.43260", "2018-12-31": "6.96450", "2017-12-31": "9.09830", "2016-12-31": ""}, "Days Sales In Receivables": {"2019-12-31": "49.10830", "2018-12-31": "52.40850", "2017-12-31": "40.11740", "2016-12-31": ""}, "ROE - Return On Equity": {"2019-12-31": "-3.23960", "2018-12-31": "24.54700", "2017-12-31": "31.67870", "2016-12-31": ""}, "Return On Tangible Equity": {"2019-12-31": "-3.23960", "2018-12-31": "-38.41880", "2017-12-31": "31.67870", "2016-12-31": ""}, "ROA - Return On Assets": {"2019-12-31": "-2.75330", "2018-12-31": "-22.34480", "2017-12-31": "-45.71570", "2016-12-31": ""}, "ROI - Return On Investment": {"2019-12-31": "-3.07820", "2018-12-31": "-27.52390", "2017-12-31": "32.36440", "2016-12-31": ""}, "Book Value Per Share": {"2019-12-31": "6.23770", "2018-12-31": "11.19120", "2017-12-31": "-16.75340", "2016-12-31": ""}, "Operating Cash Flow Per Share": {"2019-12-31": 4.8881, "2018-12-31": -1.3693, "2017-12-31": 0.514, "2016-12-31": -5.1445}, "Free Cash Flow Per Share": {"2019-12-31": 7.9626, "2018-12-31": -3.608, "2017-12-31": 0.1502, "2016-12-31": -6.2295}}, "financial ratios, quarterly": {"Current Ratio": {"2020-09-30": "8.56230", "2020-06-30": "6.47820", "2020-03-31": "5.77840", "2019-12-31": "8.46160", "2019-09-30": "7.45560", "2019-06-30": "8.95470", "2019-03-31": "4.21150", "2018-12-31": "4.08570", "2018-09-30": "", "2018-06-30": "", "2018-03-31": "", "2017-12-31": "", "2016-12-31": ""}, "Long-term Debt / Capital": {"2020-09-30": "0.11680", "2020-06-30": "0.11400", "2020-03-31": "0.04090", "2019-12-31": "0.04980", "2019-09-30": "0.05470", "2019-06-30": "0.06970", "2019-03-31": "0.29890", "2018-12-31": "0.28360", "2018-09-30": "", "2018-06-30": "", "2018-03-31": "", "2017-12-31": "", "2016-12-31": ""}, "Debt/Equity Ratio": {"2020-09-30": "0.13240", "2020-06-30": "0.12890", "2020-03-31": "0.07880", "2019-12-31": "0.08130", "2019-09-30": "0.08210", "2019-06-30": "0.09320", "2019-03-31": "0.42690", "2018-12-31": "0.39640", "2018-09-30": "", "2018-06-30": "", "2018-03-31": "", "2017-12-31": "", "2016-12-31": ""}, "Gross Margin": {"2020-09-30": "27.03210", "2020-06-30": "29.69080", "2020-03-31": "38.82710", "2019-12-31": "33.97780", "2019-09-30": "35.64880", "2019-06-30": "33.81510", "2019-03-31": "26.78950", "2018-12-31": "24.95080", "2018-09-30": "19.18790", "2018-06-30": "15.04000", "2018-03-31": "16.10050", "2017-12-31": "", "2016-12-31": ""}, "Operating Margin": {"2020-09-30": "-19.54340", "2020-06-30": "-7.20500", "2020-03-31": "1.86350", "2019-12-31": "-0.94130", "2019-09-30": "3.88100", "2019-06-30": "3.22230", "2019-03-31": "-13.17710", "2018-12-31": "-22.62490", "2018-09-30": "-30.46010", "2018-06-30": "-41.89560", "2018-03-31": "-43.66780", "2017-12-31": "", "2016-12-31": ""}, "EBIT Margin": {"2020-09-30": "-19.54340", "2020-06-30": "-7.20500", "2020-03-31": "1.86350", "2019-12-31": "-0.94130", "2019-09-30": "3.88100", "2019-06-30": "3.22230", "2019-03-31": "-13.17710", "2018-12-31": "-22.62490", "2018-09-30": "-30.46010", "2018-06-30": "-41.89560", "2018-03-31": "-43.66780", "2017-12-31": "", "2016-12-31": ""}, "EBITDA Margin": {"2020-09-30": "", "2020-06-30": "", "2020-03-31": "", "2019-12-31": "", "2019-09-30": "", "2019-06-30": "", "2019-03-31": "", "2018-12-31": "", "2018-09-30": "", "2018-06-30": "", "2018-03-31": "", "2017-12-31": "", "2016-12-31": ""}, "Pre-Tax Profit Margin": {"2020-09-30": "-20.36300", "2020-06-30": "-8.98990", "2020-03-31": "1.86870", "2019-12-31": "-0.47120", "2019-09-30": "4.45730", "2019-06-30": "-14.00720", "2019-03-31": "-16.53730", "2018-12-31": "-23.64350", "2018-09-30": "-35.55200", "2018-06-30": "-42.58650", "2018-03-31": "-44.58360", "2017-12-31": "", "2016-12-31": ""}, "Net Profit Margin": {"2020-09-30": "-20.42120", "2020-06-30": "-9.00400", "2020-03-31": "1.86970", "2019-12-31": "-0.45900", "2019-09-30": "4.45730", "2019-06-30": "-14.03850", "2019-03-31": "-16.53730", "2018-12-31": "-23.64660", "2018-09-30": "-35.55200", "2018-06-30": "-42.58650", "2018-03-31": "-44.58360", "2017-12-31": "", "2016-12-31": ""}, "Asset Turnover": {"2020-09-30": "0.19410", "2020-06-30": "0.21880", "2020-03-31": "0.19750", "2019-12-31": "0.21790", "2019-09-30": "0.20220", "2019-06-30": "0.16940", "2019-03-31": "0.32120", "2018-12-31": "0.23560", "2018-09-30": "", "2018-06-30": "", "2018-03-31": "", "2017-12-31": "", "2016-12-31": ""}, "Inventory Turnover Ratio": {"2020-09-30": "0.52060", "2020-06-30": "0.55710", "2020-03-31": "0.49200", "2019-12-31": "0.79680", "2019-09-30": "0.98190", "2019-06-30": "1.04250", "2019-03-31": "0.85860", "2018-12-31": "0.78170", "2018-09-30": "", "2018-06-30": "", "2018-03-31": "", "2017-12-31": "", "2016-12-31": ""}, "Receiveable Turnover": {"2020-09-30": "3.17330", "2020-06-30": "2.46460", "2020-03-31": "2.67180", "2019-12-31": "2.45710", "2019-09-30": "2.66690", "2019-06-30": "1.95570", "2019-03-31": "2.48280", "2018-12-31": "2.49600", "2018-09-30": "", "2018-06-30": "", "2018-03-31": "", "2017-12-31": "", "2016-12-31": ""}, "Days Sales In Receivables": {"2020-09-30": "28.36210", "2020-06-30": "36.51680", "2020-03-31": "33.68530", "2019-12-31": "36.62910", "2019-09-30": "33.74670", "2019-06-30": "46.02040", "2019-03-31": "36.24980", "2018-12-31": "36.05830", "2018-09-30": "", "2018-06-30": "", "2018-03-31": "", "2017-12-31": "", "2016-12-31": ""}, "ROE - Return On Equity": {"2020-09-30": "-5.08300", "2020-06-30": "-2.61730", "2020-03-31": "0.46300", "2019-12-31": "-0.11770", "2019-09-30": "1.08780", "2019-06-30": "-2.84550", "2019-03-31": "5.22810", "2018-12-31": "6.12070", "2018-09-30": "", "2018-06-30": "", "2018-03-31": "", "2017-12-31": "", "2016-12-31": ""}, "Return On Tangible Equity": {"2020-09-30": "-5.08300", "2020-06-30": "-2.61730", "2020-03-31": "0.46300", "2019-12-31": "-0.11770", "2019-09-30": "1.08780", "2019-06-30": "-2.84550", "2019-03-31": "-9.18850", "2018-12-31": "-9.57960", "2018-09-30": "", "2018-06-30": "", "2018-03-31": "", "2017-12-31": "", "2016-12-31": ""}, "ROA - Return On Assets": {"2020-09-30": "-3.96290", "2020-06-30": "-1.97020", "2020-03-31": "0.36920", "2019-12-31": "-0.10000", "2019-09-30": "0.90120", "2019-06-30": "-2.37770", "2019-03-31": "-5.31250", "2018-12-31": "-5.57160", "2018-09-30": "", "2018-06-30": "", "2018-03-31": "", "2017-12-31": "", "2016-12-31": ""}, "ROI - Return On Investment": {"2020-09-30": "-4.48940", "2020-06-30": "-2.31880", "2020-03-31": "0.44410", "2019-12-31": "-0.11180", "2019-09-30": "1.02820", "2019-06-30": "-2.64710", "2019-03-31": "-6.44190", "2018-12-31": "-6.86300", "2018-09-30": "", "2018-06-30": "", "2018-03-31": "", "2017-12-31": "", "2016-12-31": ""}, "Book Value Per Share": {"2020-09-30": "6.05820", "2020-06-30": "6.24600", "2020-03-31": "6.33690", "2019-12-31": "6.23770", "2019-09-30": "6.22180", "2019-06-30": "5.51430", "2019-03-31": "10.16180", "2018-12-31": "11.19120", "2018-09-30": "", "2018-06-30": "", "2018-03-31": "", "2017-12-31": "", "2016-12-31": ""}, "Operating Cash Flow Per Share": {"2020-09-30": 0.03, "2020-06-30": -0.453, "2020-03-31": "-0.26090", "2019-12-31": -0.8339, "2019-09-30": 0.2945, "2019-06-30": 1.3319, "2019-03-31": "-1.90420", "2018-12-31": -2.2157, "2018-09-30": -1.698, "2018-06-30": -1.2425, "2018-03-31": "-0.84360", "2017-12-31": 0, "2016-12-31": 0}, "Free Cash Flow Per Share": {"2020-09-30": -0.1594, "2020-06-30": -0.7064, "2020-03-31": "-0.46360", "2019-12-31": -1.1954, "2019-09-30": 0.3089, "2019-06-30": 1.7101, "2019-03-31": "-2.54830", "2018-12-31": -3.0864, "2018-09-30": -2.8723, "2018-06-30": -2.2431, "2018-03-31": "-1.48550", "2017-12-31": 0, "2016-12-31": 0}}, "revenue": {"Beyond Meat Annual Revenue (Millions of US $)": {"2019": "$298", "2018": "$88", "2017": "$33", "2016": "$16"}, "Beyond Meat Quarterly Revenue (Millions of US $)": {"2020-09-30": "$94", "2020-06-30": "$113", "2020-03-31": "$97", "2019-12-31": "$98", "2019-09-30": "$92", "2019-06-30": "$67", "2019-03-31": "$40", "2018-12-31": "$32", "2018-09-30": "$26", "2018-06-30": "$17", "2018-03-31": "$13", "2017-12-31": "", "2016-12-31": ""}}, "gross-profit": {"Beyond Meat Annual Gross Profit (Millions of US $)": {"2019": "$100", "2018": "$18", "2017": "$-2", "2016": "$-6"}, "Beyond Meat Quarterly Gross Profit (Millions of US $)": {"2020-09-30": "$26", "2020-06-30": "$34", "2020-03-31": "$38", "2019-12-31": "$33", "2019-09-30": "$33", "2019-06-30": "$23", "2019-03-31": "$11", "2018-12-31": "$8", "2018-09-30": "$5", "2018-06-30": "$3", "2018-03-31": "$2", "2017-12-31": "", "2016-12-31": ""}}, "operating-income": {"Beyond Meat Annual Operating Income (Millions of US $)": {"2019": "$-0", "2018": "$-28", "2017": "$-29", "2016": "$-25"}, "Beyond Meat Quarterly Operating Income (Millions of US $)": {"2020-09-30": "$-18", "2020-06-30": "$-8", "2020-03-31": "$2", "2019-12-31": "$-1", "2019-09-30": "$4", "2019-06-30": "$2", "2019-03-31": "$-5", "2018-12-31": "$-7", "2018-09-30": "$-8", "2018-06-30": "$-7", "2018-03-31": "$-6", "2017-12-31": "", "2016-12-31": ""}}, "ebitda": {"Beyond Meat Annual EBITDA (Millions of US $)": {"2019": "$8", "2018": "$-23", "2017": "$-25", "2016": "$-23"}, "Beyond Meat Quarterly EBITDA (Millions of US $)": {"2020-09-30": "$-15", "2020-06-30": "$-5", "2020-03-31": "$4", "2019-12-31": "$1", "2019-09-30": "$6", "2019-06-30": "$4", "2019-03-31": "$-3", "2018-12-31": "$-5", "2018-09-30": "$-7", "2018-06-30": "$-6", "2018-03-31": "$-5", "2017-12-31": "", "2016-12-31": ""}}, "net-income": {"Beyond Meat Annual Net Income (Millions of US $)": {"2019": "$-12", "2018": "$-30", "2017": "$-30", "2016": "$-25"}, "Beyond Meat Quarterly Net Income (Millions of US $)": {"2020-09-30": "$-19", "2020-06-30": "$-10", "2020-03-31": "$2", "2019-12-31": "$-0", "2019-09-30": "$4", "2019-06-30": "$-9", "2019-03-31": "$-7", "2018-12-31": "$-7", "2018-09-30": "$-9", "2018-06-30": "$-7", "2018-03-31": "$-6", "2017-12-31": "", "2016-12-31": ""}}, "eps-earnings-per-share-diluted": {"Beyond Meat Annual EPS": {"2019": "$-0.29", "2018": "$-4.75", "2017": "$-5.57", "2016": "$-5.51"}, "Beyond Meat Quarterly EPS": {"2020-09-30": "$-0.31", "2020-06-30": "$-0.16", "2020-03-31": "$0.03", "2019-12-31": "$0.84", "2019-09-30": "$0.06", "2019-06-30": "$-0.24", "2019-03-31": "$-0.95", "2018-12-31": "$-1.10", "2018-09-30": "$-1.45", "2018-06-30": "$-1.22", "2018-03-31": "$-0.98", "2017-12-31": "$0.00", "2016-12-31": "$0.00"}}, "shares-outstanding": {"Beyond Meat Annual Shares Outstanding (Millions of Shares)": {"2019": "42", "2018": "6", "2017": "5", "2016": "5"}, "Beyond Meat Quarterly Shares Outstanding (Millions of Shares)": {"2020-09-30": "62", "2020-06-30": "62", "2020-03-31": "66", "2019-12-31": "42", "2019-09-30": "66", "2019-06-30": "39", "2019-03-31": "7", "2018-12-31": "6", "2018-09-30": "6", "2018-06-30": "6", "2018-03-31": "6", "2017-12-31": "", "2016-12-31": ""}}, "total-assets": {"Beyond Meat Annual Total Assets (Millions of US $)": {"2019": "$452", "2018": "$134", "2017": "$66", "2016": "$0"}, "Beyond Meat Quarterly Total Assets (Millions of US $)": {"2020-09-30": "$487", "2020-06-30": "$518", "2020-03-31": "$492", "2019-12-31": "$452", "2019-09-30": "$455", "2019-06-30": "$397", "2019-03-31": "$125", "2018-12-31": "$134", "2018-09-30": "$0", "2018-06-30": "$0", "2018-03-31": "$0", "2017-12-31": "$66", "2016-12-31": "$0"}}, "cash-on-hand": {"Beyond Meat Annual Cash on Hand (Millions of US $)": {"2019": "$276", "2018": "$54", "2017": "$39", "2016": "$"}, "Beyond Meat Quarterly Cash on Hand (Millions of US $)": {"2020-09-30": "$215", "2020-06-30": "$222", "2020-03-31": "$246", "2019-12-31": "$276", "2019-09-30": "$312", "2019-06-30": "$277", "2019-03-31": "$35", "2018-12-31": "$54", "2018-09-30": "", "2018-06-30": "", "2018-03-31": "", "2017-12-31": "$39", "2016-12-31": ""}}, "long-term-debt": {"Beyond Meat Annual Long Term Debt (Millions of US $)": {"2019": "$20", "2018": "$31", "2017": "$2", "2016": "$"}, "Beyond Meat Quarterly Long Term Debt (Millions of US $)": {"2020-09-30": "$50", "2020-06-30": "$50", "2020-03-31": "$17", "2019-12-31": "$20", "2019-09-30": "$22", "2019-06-30": "$25", "2019-03-31": "$31", "2018-12-31": "$31", "2018-09-30": "", "2018-06-30": "", "2018-03-31": "", "2017-12-31": "$2", "2016-12-31": ""}}, "total-liabilities": {"Beyond Meat Annual Total Liabilities (Millions of US $)": {"2019": "$68", "2018": "$56", "2017": "$162", "2016": "$0"}, "Beyond Meat Quarterly Total Liabilities (Millions of US $)": {"2020-09-30": "$107", "2020-06-30": "$128", "2020-03-31": "$100", "2019-12-31": "$68", "2019-09-30": "$78", "2019-06-30": "$65", "2019-03-31": "$53", "2018-12-31": "$56", "2018-09-30": "$0", "2018-06-30": "$0", "2018-03-31": "$0", "2017-12-31": "$162", "2016-12-31": "$0"}}, "total-share-holder-equity": {"Beyond Meat Annual Share Holder Equity (Millions of US $)": {"2019": "$384", "2018": "$78", "2017": "$-96", "2016": "$0"}, "Beyond Meat Quarterly Share Holder Equity (Millions of US $)": {"2020-09-30": "$379", "2020-06-30": "$390", "2020-03-31": "$392", "2019-12-31": "$384", "2019-09-30": "$377", "2019-06-30": "$332", "2019-03-31": "$72", "2018-12-31": "$78", "2018-09-30": "$0", "2018-06-30": "$0", "2018-03-31": "$0", "2017-12-31": "$-96", "2016-12-31": "$0"}}, "profit-margins": {"current": "-6.97%"}, "gross margin": {"2020-09-30": "32.59%", "2020-06-30": "34.50%", "2020-03-31": "35.88%", "2019-12-31": "33.67%", "2019-09-30": "32.47%", "2019-06-30": "28.48%", "2019-03-31": "23.48%", "2018-12-31": "20.45%"}, "operating margin": {"2020-09-30": "-6.22%", "2020-06-30": "-0.75%", "2020-03-31": "1.98%", "2019-12-31": "0.00%", "2019-09-30": "-2.60%", "2019-06-30": "-10.91%", "2019-03-31": "-23.48%", "2018-12-31": "-31.82%"}, "ebitda margin": {"2020-09-30": "-3.73%", "2020-06-30": "1.50%", "2020-03-31": "4.24%", "2019-12-31": "2.69%", "2019-09-30": "0.87%", "2019-06-30": "-6.67%", "2019-03-31": "-18.26%", "2018-12-31": "-26.14%"}, "pre tax profit margin": {"2020-09-30": "-6.72%", "2020-06-30": "-1.00%", "2020-03-31": "-0.85%", "2019-12-31": "-4.04%", "2019-09-30": "-8.23%", "2019-06-30": "-19.39%", "2019-03-31": "-26.09%", "2018-12-31": "-32.95%"}, "net profit margin": {"2020-09-30": "-6.72%", "2020-06-30": "-1.00%", "2020-03-31": "-0.85%", "2019-12-31": "-4.04%", "2019-09-30": "-8.23%", "2019-06-30": "-19.39%", "2019-03-31": "-26.09%", "2018-12-31": "-32.95%"}, "pe ratio": {"current": "0.00", "2021-02-05": "0.00", "2020-09-30": "0.00", "2020-06-30": "0.00", "2020-03-31": "0.00"}, "price sales": {"2021-02-05": "23.66", "2020-09-30": "23.26", "2020-06-30": "19.09", "2020-03-31": "9.63"}, "price book": {"current": "27.80", "2021-02-05": "27.88", "2020-09-30": "27.41", "2020-06-30": "21.45", "2020-03-31": "10.51", "2019-12-31": "12.12", "2019-09-30": "23.89", "2019-06-30": "29.14"}, "price fcf": {"2021-02-05": "", "2020-09-30": "$-2.52", "2020-06-30": "$-2.06", "2020-03-31": "$-2.19"}, "net worth": {"value": "$10.58B"}, "current ratio": {"current": "8.56", "2020-09-30": "8.56", "2020-06-30": "6.48", "2020-03-31": "5.78", "2019-12-31": "8.46", "2019-09-30": "7.46", "2019-06-30": "8.96", "2019-03-31": "4.21", "2018-12-31": "4.09", "2018-09-30": "0.00", "2018-06-30": "0.00", "2018-03-31": "0.00", "2017-12-31": "4.28", "2016-12-31": "0.00"}, "quick ratio": {"2020-09-30": "5.66", "2020-06-30": "4.32", "2020-03-31": "4.10", "2019-12-31": "6.75", "2019-09-30": "6.38", "2019-06-30": "7.90", "2019-03-31": "2.65", "2018-12-31": "2.88", "2018-09-30": "0.00", "2018-06-30": "0.00", "2018-03-31": "0.00", "2017-12-31": "3.61", "2016-12-31": "0.00"}, "debt equity ratio": {"current": "0.13", "2020-09-30": "0.28", "2020-06-30": "0.33", "2020-03-31": "0.25", "2019-12-31": "0.18", "2019-09-30": "0.21", "2019-06-30": "0.20", "2019-03-31": "0.73", "2018-12-31": "0.72", "2018-09-30": "0.00", "2018-06-30": "0.00", "2018-03-31": "0.00", "2017-12-31": "-1.69", "2016-12-31": "0.00"}, "return on equity": {"2020-09-30": "-6.99%", "2020-06-30": "-1.04%", "2020-03-31": "-0.81%", "2019-12-31": "-4.12%", "2019-09-30": "-8.85%", "2019-06-30": "-26.56%", "2019-03-31": "-80.00%", "2018-12-31": "-148.72%"}, "return on assets": {"2020-09-30": "-5.54%", "2020-06-30": "-0.83%", "2020-03-31": "-0.67%", "2019-12-31": "-3.36%", "2019-09-30": "-6.84%", "2019-06-30": "-19.51%", "2019-03-31": "-46.33%", "2018-12-31": "-86.57%"}, "return on investments": {"2020-09-30": "-5.94%", "2020-06-30": "-0.73%", "2020-03-31": "1.78%", "2019-12-31": "0.00%", "2019-09-30": "-2.48%", "2019-06-30": "-12.65%", "2019-03-31": "-50.94%", "2018-12-31": "-102.75%"}, "return on tangible equity": {"2020-09-30": "-6.99%", "2020-06-30": "-1.04%", "2020-03-31": "-0.81%", "2019-12-31": "-4.12%", "2019-09-30": "-8.85%", "2019-06-30": "-26.56%", "2019-03-31": "-80.00%", "2018-12-31": "-148.72%"}, "dividend yield history": {"last payout": "$0.00", "last yield": "0.00%"}}