{"ticker": "BF.B", "price": {"title": "Brown-Forman Historical Annual Stock Price Data", "value": 76.45, "historical": {"2021": {"Average Stock Price": "74.8532", "Year Open": "78.0300", "Year High": "78.4300", "Year Low": "71.6700", "Year Close": "76.4500", "Annual % Change": "-3.75%"}, "2020": {"Average Stock Price": "69.2764", "Year Open": "67.0600", "Year High": "81.8200", "Year Low": "46.4800", "Year Close": "79.4300", "Annual % Change": "17.50%"}, "2019": {"Average Stock Price": "56.4192", "Year Open": "46.0700", "Year High": "68.8100", "Year Low": "45.3500", "Year Close": "67.6000", "Annual % Change": "42.08%"}, "2018": {"Average Stock Price": "52.1190", "Year Open": "54.1600", "Year High": "59.2200", "Year Low": "45.6000", "Year Close": "47.5800", "Annual % Change": "-13.39%"}, "2017": {"Average Stock Price": "41.1887", "Year Open": "36.0640", "Year High": "55.0240", "Year Low": "35.1680", "Year Close": "54.9360", "Annual % Change": "52.87%"}, "2016": {"Average Stock Price": "38.1623", "Year Open": "38.8840", "Year High": "41.3560", "Year Low": "35.4880", "Year Close": "35.9360", "Annual % Change": "-9.51%"}, "2015": {"Average Stock Price": "39.1399", "Year Open": "35.3000", "Year High": "44.3240", "Year Low": "34.7880", "Year Close": "39.7120", "Annual % Change": "13.02%"}, "2014": {"Average Stock Price": "35.5842", "Year Open": "29.8600", "Year High": "38.8200", "Year Low": "29.6320", "Year Close": "35.1360", "Annual % Change": "16.24%"}, "2013": {"Average Stock Price": "28.0070", "Year Open": "25.5680", "Year High": "30.5240", "Year Low": "24.6840", "Year Close": "30.2280", "Annual % Change": "19.48%"}, "2012": {"Average Stock Price": "24.1404", "Year Open": "21.4960", "Year High": "28.0720", "Year Low": "20.7067", "Year Close": "25.3000", "Annual % Change": "17.84%"}, "2011": {"Average Stock Price": "19.0632", "Year Open": "18.4773", "Year High": "21.8267", "Year Low": "16.5973", "Year Close": "21.4693", "Annual % Change": "15.64%"}, "2010": {"Average Stock Price": "15.8911", "Year Open": "14.3467", "Year High": "18.8293", "Year Low": "13.1973", "Year Close": "18.5653", "Annual % Change": "29.96%"}, "2009": {"Average Stock Price": "12.2757", "Year Open": "14.0800", "Year High": "14.4560", "Year Low": "9.8667", "Year Close": "14.2853", "Annual % Change": "4.04%"}, "2008": {"Average Stock Price": "14.5163", "Year Open": "15.3067", "Year High": "16.7403", "Year Low": "10.9947", "Year Close": "13.7307", "Annual % Change": "-13.15%"}, "2007": {"Average Stock Price": "14.7765", "Year Open": "14.1525", "Year High": "16.1237", "Year Low": "13.5552", "Year Close": "15.8101", "Annual % Change": "11.88%"}, "2006": {"Average Stock Price": "15.5632", "Year Open": "15.2107", "Year High": "17.4741", "Year Low": "13.9584", "Year Close": "14.1312", "Annual % Change": "-4.44%"}, "2005": {"Average Stock Price": "12.3508", "Year Open": "10.2507", "Year High": "15.3109", "Year Low": "10.0160", "Year Close": "14.7883", "Annual % Change": "42.40%"}, "2004": {"Average Stock Price": "10.0768", "Year Open": "9.9307", "Year High": "10.6560", "Year Low": "9.2800", "Year Close": "10.3851", "Annual % Change": "4.18%"}, "2003": {"Average Stock Price": "8.4000", "Year Open": "7.1253", "Year High": "10.0491", "Year Low": "6.4459", "Year Close": "9.9680", "Annual % Change": "42.98%"}, "2002": {"Average Stock Price": "7.4943", "Year Open": "6.6880", "Year High": "8.5387", "Year Low": "6.3264", "Year Close": "6.9717", "Annual % Change": "4.41%"}, "2001": {"Average Stock Price": "6.7640", "Year Open": "6.9600", "Year High": "7.4859", "Year Low": "6.2613", "Year Close": "6.6773", "Annual % Change": "-5.86%"}, "2000": {"Average Stock Price": "5.9730", "Year Open": "6.1472", "Year High": "7.3067", "Year Low": "4.5269", "Year Close": "7.0933", "Annual % Change": "16.16%"}, "1999": {"Average Stock Price": "6.8682", "Year Open": "7.9467", "Year High": "8.2400", "Year Low": "5.9797", "Year Close": "6.1067", "Annual % Change": "-24.36%"}, "1998": {"Average Stock Price": "6.5603", "Year Open": "5.8667", "Year High": "8.1333", "Year Low": "5.5200", "Year Close": "8.0736", "Annual % Change": "37.00%"}, "1997": {"Average Stock Price": "5.2290", "Year Open": "4.9067", "Year High": "5.8933", "Year Low": "4.5728", "Year Close": "5.8933", "Annual % Change": "20.76%"}, "1996": {"Average Stock Price": "4.2534", "Year Open": "4.0128", "Year High": "5.0272", "Year Low": "3.8133", "Year Close": "4.8800", "Annual % Change": "25.34%"}, "1995": {"Average Stock Price": "3.7162", "Year Open": "3.3600", "Year High": "4.2272", "Year Low": "3.1605", "Year Close": "3.8933", "Annual % Change": "19.67%"}, "1994": {"Average Stock Price": "3.0727", "Year Open": "3.1200", "Year High": "3.3600", "Year Low": "2.8128", "Year Close": "3.2533", "Annual % Change": "4.87%"}, "1993": {"Average Stock Price": "2.8888", "Year Open": "2.9287", "Year High": "3.1556", "Year Low": "2.6044", "Year Close": "3.1022", "Annual % Change": "5.76%"}, "1992": {"Average Stock Price": "2.8935", "Year Open": "2.9689", "Year High": "3.1378", "Year Low": "2.5732", "Year Close": "2.9333", "Annual % Change": "0.30%"}, "1991": {"Average Stock Price": "2.6919", "Year Open": "2.4224", "Year High": "2.9824", "Year Low": "2.3068", "Year Close": "2.9244", "Annual % Change": "18.12%"}, "1990": {"Average Stock Price": "2.4459", "Year Open": "3.1378", "Year High": "3.2267", "Year Low": "2.0267", "Year Close": "2.4757", "Annual % Change": "-20.98%"}, "1989": {"Average Stock Price": "2.4935", "Year Open": "2.0224", "Year High": "3.1332", "Year Low": "2.0089", "Year Close": "3.1332", "Annual % Change": "52.94%"}, "1988": {"Average Stock Price": "1.6533", "Year Open": "1.2757", "Year High": "2.0487", "Year Low": "1.2132", "Year Close": "2.0487", "Annual % Change": "63.46%"}, "1987": {"Average Stock Price": "1.4166", "Year Open": "0.9659", "Year High": "1.9424", "Year Low": "0.9600", "Year Close": "1.2533", "Annual % Change": "30.93%"}, "1986": {"Average Stock Price": "0.8543", "Year Open": "0.7436", "Year High": "1.0164", "Year Low": "0.7111", "Year Close": "0.9572", "Annual % Change": "30.27%"}, "1985": {"Average Stock Price": "0.5818", "Year Open": "0.4888", "Year High": "0.7585", "Year Low": "0.4888", "Year Close": "0.7348", "Annual % Change": "50.33%"}}}, "market cap": {"value": "$36.65B"}, "income statement": {"Revenue": {"2020-04-30": "3363.00000", "2019-04-30": "3324.00000", "2018-04-30": "3248.00000", "2017-04-30": "2994.00000", "2016-04-30": "3089.00000", "2015-04-30": "3134.00000", "2014-04-30": "2991.00000", "2013-04-30": "2849.00000", "2012-04-30": "2723.00000", "2011-04-30": "2586.00000", "2010-04-30": "2469.00000", "2009-04-30": "2481.00000", "2008-04-30": "2582.00000", "2007-04-30": "2218.00000", "2006-04-30": "1944.00000", "2005-04-30": "1778.00000"}, "Cost Of Goods Sold": {"2020-04-30": "1236.00000", "2019-04-30": "1158.00000", "2018-04-30": "1046.00000", "2017-04-30": "973.00000", "2016-04-30": "945.00000", "2015-04-30": "951.00000", "2014-04-30": "913.00000", "2013-04-30": "894.00000", "2012-04-30": "928.00000", "2011-04-30": "862.00000", "2010-04-30": "858.00000", "2009-04-30": "904.00000", "2008-04-30": "887.00000", "2007-04-30": "737.00000", "2006-04-30": "636.00000", "2005-04-30": "622.00000"}, "Gross Profit": {"2020-04-30": "2127.00000", "2019-04-30": "2166.00000", "2018-04-30": "2202.00000", "2017-04-30": "2021.00000", "2016-04-30": "2144.00000", "2015-04-30": "2183.00000", "2014-04-30": "2078.00000", "2013-04-30": "1955.00000", "2012-04-30": "1795.00000", "2011-04-30": "1724.00000", "2010-04-30": "1611.00000", "2009-04-30": "1577.00000", "2008-04-30": "1695.00000", "2007-04-30": "1481.00000", "2006-04-30": "1308.00000", "2005-04-30": "1156.00000"}, "Research And Development Expenses": {"2020-04-30": "", "2019-04-30": "", "2018-04-30": "", "2017-04-30": "", "2016-04-30": "", "2015-04-30": "", "2014-04-30": "", "2013-04-30": "", "2012-04-30": "", "2011-04-30": "", "2010-04-30": "", "2009-04-30": "", "2008-04-30": "", "2007-04-30": "", "2006-04-30": "", "2005-04-30": ""}, "SG&A Expenses": {"2020-04-30": "1025.00000", "2019-04-30": "1037.00000", "2018-04-30": "1170.00000", "2017-04-30": "1029.00000", "2016-04-30": "688.00000", "2015-04-30": "1134.00000", "2014-04-30": "1122.00000", "2013-04-30": "1058.00000", "2012-04-30": "1005.00000", "2011-04-30": "940.00000", "2010-04-30": "889.00000", "2009-04-30": "931.00000", "2008-04-30": "1007.00000", "2007-04-30": "896.00000", "2006-04-30": "792.00000", "2005-04-30": "713.00000"}, "Other Operating Income Or Expenses": {"2020-04-30": "-11.00000", "2019-04-30": "15.00000", "2018-04-30": "16.00000", "2017-04-30": "18.00000", "2016-04-30": "494.00000", "2015-04-30": "-22.00000", "2014-04-30": "15.00000", "2013-04-30": "1.00000", "2012-04-30": "1.00000", "2011-04-30": "76.00000", "2010-04-30": "-7.00000", "2009-04-30": "20.00000", "2008-04-30": "2.00000", "2007-04-30": "19.00000", "2006-04-30": "47.00000", "2005-04-30": "2.00000"}, "Operating Expenses": {"2020-04-30": "2272.00000", "2019-04-30": "2180.00000", "2018-04-30": "2200.00000", "2017-04-30": "1984.00000", "2016-04-30": "1556.00000", "2015-04-30": "2107.00000", "2014-04-30": "2020.00000", "2013-04-30": "1951.00000", "2012-04-30": "1935.00000", "2011-04-30": "1731.00000", "2010-04-30": "1759.00000", "2009-04-30": "1820.00000", "2008-04-30": "1897.00000", "2007-04-30": "1616.00000", "2006-04-30": "1381.00000", "2005-04-30": "1333.00000"}, "Operating Income": {"2020-04-30": "1091.00000", "2019-04-30": "1144.00000", "2018-04-30": "1048.00000", "2017-04-30": "1010.00000", "2016-04-30": "1533.00000", "2015-04-30": "1027.00000", "2014-04-30": "971.00000", "2013-04-30": "898.00000", "2012-04-30": "788.00000", "2011-04-30": "855.00000", "2010-04-30": "710.00000", "2009-04-30": "661.00000", "2008-04-30": "685.00000", "2007-04-30": "602.00000", "2006-04-30": "563.00000", "2005-04-30": "445.00000"}, "Total Non-Operating Income/Expense": {"2020-04-30": "-82.00000", "2019-04-30": "-102.00000", "2018-04-30": "-71.00000", "2017-04-30": "-77.00000", "2016-04-30": "-44.00000", "2015-04-30": "-25.00000", "2014-04-30": "-24.00000", "2013-04-30": "-33.00000", "2012-04-30": "-28.00000", "2011-04-30": "-26.00000", "2010-04-30": "-28.00000", "2009-04-30": "-31.00000", "2008-04-30": "-41.00000", "2007-04-30": "-16.00000", "2006-04-30": "-4.00000", "2005-04-30": "59.00000"}, "Pre-Tax Income": {"2020-04-30": "1009.00000", "2019-04-30": "1042.00000", "2018-04-30": "977.00000", "2017-04-30": "933.00000", "2016-04-30": "1489.00000", "2015-04-30": "1002.00000", "2014-04-30": "947.00000", "2013-04-30": "865.00000", "2012-04-30": "760.00000", "2011-04-30": "829.00000", "2010-04-30": "682.00000", "2009-04-30": "630.00000", "2008-04-30": "644.00000", "2007-04-30": "586.00000", "2006-04-30": "559.00000", "2005-04-30": "504.00000"}, "Income Taxes": {"2020-04-30": "182.00000", "2019-04-30": "207.00000", "2018-04-30": "260.00000", "2017-04-30": "264.00000", "2016-04-30": "422.00000", "2015-04-30": "318.00000", "2014-04-30": "288.00000", "2013-04-30": "274.00000", "2012-04-30": "247.00000", "2011-04-30": "257.00000", "2010-04-30": "233.00000", "2009-04-30": "195.00000", "2008-04-30": "204.00000", "2007-04-30": "186.00000", "2006-04-30": "164.00000", "2005-04-30": "165.00000"}, "Income After Taxes": {"2020-04-30": "827.00000", "2019-04-30": "835.00000", "2018-04-30": "717.00000", "2017-04-30": "669.00000", "2016-04-30": "1067.00000", "2015-04-30": "684.00000", "2014-04-30": "659.00000", "2013-04-30": "591.00000", "2012-04-30": "513.00000", "2011-04-30": "572.00000", "2010-04-30": "449.00000", "2009-04-30": "435.00000", "2008-04-30": "440.00000", "2007-04-30": "400.00000", "2006-04-30": "395.00000", "2005-04-30": "339.00000"}, "Other Income": {"2020-04-30": "", "2019-04-30": "", "2018-04-30": "", "2017-04-30": "", "2016-04-30": "", "2015-04-30": "", "2014-04-30": "", "2013-04-30": "", "2012-04-30": "", "2011-04-30": "", "2010-04-30": "", "2009-04-30": "", "2008-04-30": "", "2007-04-30": "", "2006-04-30": "", "2005-04-30": ""}, "Income From Continuous Operations": {"2020-04-30": "827.00000", "2019-04-30": "835.00000", "2018-04-30": "717.00000", "2017-04-30": "669.00000", "2016-04-30": "1067.00000", "2015-04-30": "684.00000", "2014-04-30": "659.00000", "2013-04-30": "591.00000", "2012-04-30": "513.00000", "2011-04-30": "572.00000", "2010-04-30": "449.00000", "2009-04-30": "435.00000", "2008-04-30": "440.00000", "2007-04-30": "400.00000", "2006-04-30": "395.00000", "2005-04-30": "339.00000"}, "Income From Discontinued Operations": {"2020-04-30": "", "2019-04-30": "", "2018-04-30": "", "2017-04-30": "", "2016-04-30": "", "2015-04-30": "", "2014-04-30": "", "2013-04-30": "", "2012-04-30": "", "2011-04-30": "", "2010-04-30": "", "2009-04-30": "", "2008-04-30": "", "2007-04-30": "-11.00000", "2006-04-30": "-75.00000", "2005-04-30": "-31.00000"}, "Net Income": {"2020-04-30": "827.00000", "2019-04-30": "835.00000", "2018-04-30": "717.00000", "2017-04-30": "669.00000", "2016-04-30": "1067.00000", "2015-04-30": "684.00000", "2014-04-30": "659.00000", "2013-04-30": "591.00000", "2012-04-30": "513.00000", "2011-04-30": "571.00000", "2010-04-30": "449.00000", "2009-04-30": "435.00000", "2008-04-30": "440.00000", "2007-04-30": "389.00000", "2006-04-30": "320.00000", "2005-04-30": "308.00000"}, "EBITDA": {"2020-04-30": "1165.00000", "2019-04-30": "1216.00000", "2018-04-30": "1112.00000", "2017-04-30": "1068.00000", "2016-04-30": "1589.00000", "2015-04-30": "1078.00000", "2014-04-30": "1021.00000", "2013-04-30": "949.00000", "2012-04-30": "837.00000", "2011-04-30": "911.00000", "2010-04-30": "769.00000", "2009-04-30": "716.00000", "2008-04-30": "737.00000", "2007-04-30": "646.00000", "2006-04-30": "605.00000", "2005-04-30": "488.00000"}, "EBIT": {"2020-04-30": "1091.00000", "2019-04-30": "1144.00000", "2018-04-30": "1048.00000", "2017-04-30": "1010.00000", "2016-04-30": "1533.00000", "2015-04-30": "1027.00000", "2014-04-30": "971.00000", "2013-04-30": "898.00000", "2012-04-30": "788.00000", "2011-04-30": "855.00000", "2010-04-30": "710.00000", "2009-04-30": "661.00000", "2008-04-30": "685.00000", "2007-04-30": "602.00000", "2006-04-30": "563.00000", "2005-04-30": "445.00000"}, "Basic Shares Outstanding": {"2020-04-30": "477.76500", "2019-04-30": "478.95600", "2018-04-30": "480.31900", "2017-04-30": "484.63500", "2016-04-30": "507.44100", "2015-04-30": "528.98130", "2014-04-30": "533.63500", "2013-04-30": "533.42250", "2012-04-30": "536.32250", "2011-04-30": "546.01250", "2010-04-30": "554.37750", "2009-04-30": "564.19500", "2008-04-30": "574.05370", "2007-04-30": "575.94750", "2006-04-30": "572.31560", "2005-04-30": "570.68440"}, "Shares Outstanding": {"2020-04-30": "480.40900", "2019-04-30": "482.06700", "2018-04-30": "484.24800", "2017-04-30": "488.07700", "2016-04-30": "510.70000", "2015-04-30": "532.70620", "2014-04-30": "537.70500", "2013-04-30": "537.46500", "2012-04-30": "540.20750", "2011-04-30": "549.42500", "2010-04-30": "557.15630", "2009-04-30": "567.67130", "2008-04-30": "579.02250", "2007-04-30": "582.19130", "2006-04-30": "578.62030", "2005-04-30": "574.25160"}, "Basic EPS": {"2020-04-30": "1.73000", "2019-04-30": "1.74000", "2018-04-30": "1.49000", "2017-04-30": "1.38000", "2016-04-30": "2.10000", "2015-04-30": "1.29600", "2014-04-30": "1.23200", "2013-04-30": "1.10800", "2012-04-30": "0.95600", "2011-04-30": "1.04400", "2010-04-30": "0.80800", "2009-04-30": "0.76800", "2008-04-30": "0.76530", "2007-04-30": "0.67730", "2006-04-30": "0.55890", "2005-04-30": "0.54020"}, "EPS - Earnings Per Share": {"2020-04-30": "1.72000", "2019-04-30": "1.73000", "2018-04-30": "1.48000", "2017-04-30": "1.37000", "2016-04-30": "2.09000", "2015-04-30": "1.28000", "2014-04-30": "1.22400", "2013-04-30": "1.10000", "2012-04-30": "0.94800", "2011-04-30": "1.04000", "2010-04-30": "0.80530", "2009-04-30": "0.76530", "2008-04-30": "0.76000", "2007-04-30": "0.66930", "2006-04-30": "0.55470", "2005-04-30": "0.53700"}}, "income statement, quarterly": {"Revenue": {"2020-10-31": "985.00000", "2020-07-31": "753.00000", "2020-04-30": "709.00000", "2020-01-31": "899.00000", "2019-10-31": "989.00000", "2019-07-31": "766.00000", "2019-04-30": "744.00000", "2019-01-31": "904.00000", "2018-10-31": "910.00000", "2018-07-31": "766.00000", "2018-04-30": "733.00000", "2018-01-31": "878.00000", "2017-10-31": "914.00000", "2017-07-31": "723.00000", "2017-04-30": "695.00000", "2017-01-31": "808.00000", "2016-10-31": "830.00000", "2016-07-31": "661.00000", "2016-04-30": "727.00000", "2016-01-31": "809.00000", "2015-10-31": "854.00000", "2015-07-31": "699.00000", "2015-04-30": "739.00000", "2015-01-31": "813.00000", "2014-10-31": "877.00000", "2014-07-31": "705.00000", "2014-04-30": "690.00000", "2014-01-31": "782.00000", "2013-10-31": "833.00000", "2013-07-31": "686.00000", "2013-04-30": "659.00000", "2013-01-31": "747.00000", "2012-10-31": "777.00000", "2012-07-31": "666.00000", "2012-04-30": "602.50010", "2012-01-31": "701.60000", "2011-10-31": "781.10000", "2011-07-31": "637.80000", "2011-04-30": "610.20000", "2011-01-31": "708.00000", "2010-10-31": "698.40000", "2010-07-31": "569.40000", "2010-04-30": "562.00010", "2010-01-31": "637.40000", "2009-10-31": "698.80000", "2009-07-31": "570.80000", "2009-04-30": "536.90000", "2009-01-31": "592.40000", "2008-10-31": "737.90000", "2008-07-31": "613.80000", "2008-04-30": "606.90000", "2008-01-31": "672.40000", "2007-10-31": "715.60000", "2007-07-31": "587.10000", "2007-04-30": "548.80000", "2007-01-31": "582.10000", "2006-10-31": "582.10000", "2006-07-31": "505.00000", "2006-04-30": "448.99990", "2006-01-31": "494.80000", "2005-10-31": "550.40000", "2005-07-31": "449.80000", "2005-04-30": "381.80000", "2005-01-31": "479.30000"}, "Cost Of Goods Sold": {"2020-10-31": "404.00000", "2020-07-31": "288.00000", "2020-04-30": "256.00000", "2020-01-31": "342.00000", "2019-10-31": "370.00000", "2019-07-31": "268.00000", "2019-04-30": "262.00000", "2019-01-31": "333.00000", "2018-10-31": "320.00000", "2018-07-31": "243.00000", "2018-04-30": "221.00000", "2018-01-31": "291.00000", "2017-10-31": "304.00000", "2017-07-31": "230.00000", "2017-04-30": "215.00000", "2017-01-31": "272.00000", "2016-10-31": "278.00000", "2016-07-31": "208.00000", "2016-04-30": "215.00000", "2016-01-31": "254.00000", "2015-10-31": "268.00000", "2015-07-31": "208.00000", "2015-04-30": "213.00000", "2015-01-31": "260.00000", "2014-10-31": "268.00000", "2014-07-31": "210.00000", "2014-04-30": "197.00000", "2014-01-31": "250.00000", "2013-10-31": "257.00000", "2013-07-31": "209.00000", "2013-04-30": "200.00000", "2013-01-31": "240.00000", "2012-10-31": "252.00000", "2012-07-31": "202.00000", "2012-04-30": "180.60000", "2012-01-31": "250.70000", "2011-10-31": "279.20000", "2011-07-31": "217.50000", "2011-04-30": "187.30000", "2011-01-31": "244.50000", "2010-10-31": "239.60000", "2010-07-31": "190.60000", "2010-04-30": "185.00000", "2010-01-31": "226.50000", "2009-10-31": "255.80000", "2009-07-31": "190.70000", "2009-04-30": "178.00000", "2009-01-31": "221.80000", "2008-10-31": "271.20000", "2008-07-31": "233.00000", "2008-04-30": "205.50000", "2008-01-31": "239.80000", "2007-10-31": "245.60000", "2007-07-31": "196.10000", "2007-04-30": "186.60000", "2007-01-31": "194.80000", "2006-10-31": "199.50000", "2006-07-31": "156.10000", "2006-04-30": "132.20000", "2006-01-31": "164.00000", "2005-10-31": "193.00000", "2005-07-31": "146.80000", "2005-04-30": "114.70000", "2005-01-31": "174.30000"}, "Gross Profit": {"2020-10-31": "581.00000", "2020-07-31": "465.00000", "2020-04-30": "453.00000", "2020-01-31": "557.00000", "2019-10-31": "619.00000", "2019-07-31": "498.00000", "2019-04-30": "482.00000", "2019-01-31": "571.00000", "2018-10-31": "590.00000", "2018-07-31": "523.00000", "2018-04-30": "512.00000", "2018-01-31": "587.00000", "2017-10-31": "610.00000", "2017-07-31": "493.00000", "2017-04-30": "480.00000", "2017-01-31": "536.00000", "2016-10-31": "552.00000", "2016-07-31": "453.00000", "2016-04-30": "512.00000", "2016-01-31": "555.00000", "2015-10-31": "586.00000", "2015-07-31": "491.00000", "2015-04-30": "526.00000", "2015-01-31": "553.00000", "2014-10-31": "609.00000", "2014-07-31": "495.00000", "2014-04-30": "493.00000", "2014-01-31": "532.00000", "2013-10-31": "576.00000", "2013-07-31": "477.00000", "2013-04-30": "459.00000", "2013-01-31": "507.00000", "2012-10-31": "525.00000", "2012-07-31": "464.00000", "2012-04-30": "421.90010", "2012-01-31": "450.90000", "2011-10-31": "501.90000", "2011-07-31": "420.30000", "2011-04-30": "422.89990", "2011-01-31": "463.50000", "2010-10-31": "458.80000", "2010-07-31": "378.80000", "2010-04-30": "377.00000", "2010-01-31": "410.90000", "2009-10-31": "443.00000", "2009-07-31": "380.10000", "2009-04-30": "358.90000", "2009-01-31": "370.60000", "2008-10-31": "466.70000", "2008-07-31": "380.80000", "2008-04-30": "401.40000", "2008-01-31": "432.60000", "2007-10-31": "470.00000", "2007-07-31": "391.00000", "2007-04-30": "362.20000", "2007-01-31": "387.30000", "2006-10-31": "382.60000", "2006-07-31": "348.90000", "2006-04-30": "316.79990", "2006-01-31": "330.80000", "2005-10-31": "357.40000", "2005-07-31": "303.00000", "2005-04-30": "267.10000", "2005-01-31": "305.00000"}, "Research And Development Expenses": {"2020-10-31": "", "2020-07-31": "", "2020-04-30": "", "2020-01-31": "", "2019-10-31": "", "2019-07-31": "", "2019-04-30": "", "2019-01-31": "", "2018-10-31": "", "2018-07-31": "", "2018-04-30": "", "2018-01-31": "", "2017-10-31": "", "2017-07-31": "", "2017-04-30": "", "2017-01-31": "", "2016-10-31": "", "2016-07-31": "", "2016-04-30": "", "2016-01-31": "", "2015-10-31": "", "2015-07-31": "", "2015-04-30": "", "2015-01-31": "", "2014-10-31": "", "2014-07-31": "", "2014-04-30": "", "2014-01-31": "", "2013-10-31": "", "2013-07-31": "", "2013-04-30": "", "2013-01-31": "", "2012-10-31": "", "2012-07-31": "", "2012-04-30": "", "2012-01-31": "", "2011-10-31": "", "2011-07-31": "", "2011-04-30": "", "2011-01-31": "", "2010-10-31": "", "2010-07-31": "", "2010-04-30": "", "2010-01-31": "", "2009-10-31": "", "2009-07-31": "", "2009-04-30": "", "2009-01-31": "", "2008-10-31": "", "2008-07-31": "", "2008-04-30": "", "2008-01-31": "", "2007-10-31": "", "2007-07-31": "", "2007-04-30": "", "2007-01-31": "", "2006-10-31": "", "2006-07-31": "", "2006-04-30": "", "2006-01-31": "", "2005-10-31": "", "2005-07-31": "", "2005-04-30": "", "2005-01-31": ""}, "SG&A Expenses": {"2020-10-31": "155.00000", "2020-07-31": "210.00000", "2020-04-30": "354.00000", "2020-01-31": "257.00000", "2019-10-31": "158.00000", "2019-07-31": "256.00000", "2019-04-30": "256.00000", "2019-01-31": "252.00000", "2018-10-31": "263.00000", "2018-07-31": "266.00000", "2018-04-30": "366.00000", "2018-01-31": "285.00000", "2017-10-31": "271.00000", "2017-07-31": "248.00000", "2017-04-30": "352.00000", "2017-01-31": "162.00000", "2016-10-31": "270.00000", "2016-07-31": "245.00000", "2016-04-30": "-136.00000", "2016-01-31": "274.00000", "2015-10-31": "286.00000", "2015-07-31": "264.00000", "2015-04-30": "289.00000", "2015-01-31": "275.00000", "2014-10-31": "301.00000", "2014-07-31": "269.00000", "2014-04-30": "313.00000", "2014-01-31": "277.00000", "2013-10-31": "273.00000", "2013-07-31": "259.00000", "2013-04-30": "279.00000", "2013-01-31": "273.00000", "2012-10-31": "266.00000", "2012-07-31": "240.00000", "2012-04-30": "274.90000", "2012-01-31": "246.80000", "2011-10-31": "253.50000", "2011-07-31": "229.80000", "2011-04-30": "266.30000", "2011-01-31": "239.10000", "2010-10-31": "226.40000", "2010-07-31": "208.20000", "2010-04-30": "255.10000", "2010-01-31": "223.50000", "2009-10-31": "217.20000", "2009-07-31": "193.20000", "2009-04-30": "239.70000", "2009-01-31": "200.10000", "2008-10-31": "249.90000", "2008-07-31": "241.30000", "2008-04-30": "259.70000", "2008-01-31": "250.90000", "2007-10-31": "259.30000", "2007-07-31": "237.10000", "2007-04-30": "250.90000", "2007-01-31": "223.40000", "2006-10-31": "213.10000", "2006-07-31": "208.60000", "2006-04-30": "213.80000", "2006-01-31": "198.00000", "2005-10-31": "197.60000", "2005-07-31": "182.60000", "2005-04-30": "182.00000", "2005-01-31": "186.10000"}, "Other Operating Income Or Expenses": {"2020-10-31": "-1.00000", "2020-07-31": "132.00000", "2020-04-30": "-24.00000", "2020-01-31": "4.00000", "2019-10-31": "3.00000", "2019-07-31": "6.00000", "2019-04-30": "2.00000", "2019-01-31": "1.00000", "2018-10-31": "5.00000", "2018-07-31": "7.00000", "2018-04-30": "1.00000", "2018-01-31": "4.00000", "2017-10-31": "10.00000", "2017-07-31": "1.00000", "2017-04-30": "3.00000", "2017-01-31": "1.00000", "2016-10-31": "9.00000", "2016-07-31": "5.00000", "2016-04-30": "495.00000", "2016-01-31": "-3.00000", "2015-10-31": "2.00000", "2015-07-31": "", "2015-04-30": "-6.00000", "2015-01-31": "-6.00000", "2014-10-31": "-5.00000", "2014-07-31": "-5.00000", "2014-04-30": "8.00000", "2014-01-31": "", "2013-10-31": "8.00000", "2013-07-31": "-1.00000", "2013-04-30": "-3.00000", "2013-01-31": "3.00000", "2012-10-31": "3.00000", "2012-07-31": "-2.00000", "2012-04-30": "2.20000", "2012-01-31": "2.90000", "2011-10-31": "-0.80000", "2011-07-31": "-3.30000", "2011-04-30": "66.30000", "2011-01-31": "2.40000", "2010-10-31": "3.90000", "2010-07-31": "3.40000", "2010-04-30": "-2.30000", "2010-01-31": "-12.20000", "2009-10-31": "1.10000", "2009-07-31": "6.40000", "2009-04-30": "3.40000", "2009-01-31": "8.00000", "2008-10-31": "6.20000", "2008-07-31": "2.40000", "2008-04-30": "-5.20000", "2008-01-31": "1.20000", "2007-10-31": "3.20000", "2007-07-31": "2.80000", "2007-04-30": "-1.10000", "2007-01-31": "4.90000", "2006-10-31": "13.20000", "2006-07-31": "2.00000", "2006-04-30": "0.40000", "2006-01-31": "32.50000", "2005-10-31": "0.40000", "2005-07-31": "13.70000", "2005-04-30": "2.70000", "2005-01-31": "-1.50000"}, "Operating Expenses": {"2020-10-31": "655.00000", "2020-07-31": "366.00000", "2020-04-30": "522.00000", "2020-01-31": "595.00000", "2019-10-31": "637.00000", "2019-07-31": "518.00000", "2019-04-30": "516.00000", "2019-01-31": "584.00000", "2018-10-31": "578.00000", "2018-07-31": "502.00000", "2018-04-30": "586.00000", "2018-01-31": "572.00000", "2017-10-31": "565.00000", "2017-07-31": "477.00000", "2017-04-30": "462.00000", "2017-01-31": "535.00000", "2016-10-31": "539.00000", "2016-07-31": "448.00000", "2016-04-30": "1.00000", "2016-01-31": "531.00000", "2015-10-31": "552.00000", "2015-07-31": "472.00000", "2015-04-30": "508.00000", "2015-01-31": "541.00000", "2014-10-31": "574.00000", "2014-07-31": "484.00000", "2014-04-30": "502.00000", "2014-01-31": "527.00000", "2013-10-31": "522.00000", "2013-07-31": "469.00000", "2013-04-30": "482.00000", "2013-01-31": "510.00000", "2012-10-31": "515.00000", "2012-07-31": "444.00000", "2012-04-30": "452.90000", "2012-01-31": "495.40000", "2011-10-31": "534.80000", "2011-07-31": "451.90000", "2011-04-30": "388.40000", "2011-01-31": "482.50000", "2010-10-31": "463.40000", "2010-07-31": "396.70000", "2010-04-30": "443.50010", "2010-01-31": "463.50000", "2009-10-31": "473.20000", "2009-07-31": "378.80000", "2009-04-30": "415.40000", "2009-01-31": "415.20000", "2008-10-31": "516.20000", "2008-07-31": "473.20000", "2008-04-30": "471.49990", "2008-01-31": "490.80000", "2007-10-31": "503.00000", "2007-07-31": "431.70000", "2007-04-30": "440.59990", "2007-01-31": "413.30000", "2006-10-31": "399.40000", "2006-07-31": "362.70000", "2006-04-30": "345.60000", "2006-01-31": "329.50000", "2005-10-31": "390.20000", "2005-07-31": "315.70000", "2005-04-30": "294.00000", "2005-01-31": "361.90000"}, "Operating Income": {"2020-10-31": "330.00000", "2020-07-31": "387.00000", "2020-04-30": "187.00000", "2020-01-31": "304.00000", "2019-10-31": "352.00000", "2019-07-31": "248.00000", "2019-04-30": "228.00000", "2019-01-31": "320.00000", "2018-10-31": "332.00000", "2018-07-31": "264.00000", "2018-04-30": "147.00000", "2018-01-31": "306.00000", "2017-10-31": "349.00000", "2017-07-31": "246.00000", "2017-04-30": "233.00000", "2017-01-31": "273.00000", "2016-10-31": "291.00000", "2016-07-31": "213.00000", "2016-04-30": "726.00000", "2016-01-31": "278.00000", "2015-10-31": "302.00000", "2015-07-31": "227.00000", "2015-04-30": "231.00000", "2015-01-31": "272.00000", "2014-10-31": "303.00000", "2014-07-31": "221.00000", "2014-04-30": "188.00000", "2014-01-31": "255.00000", "2013-10-31": "311.00000", "2013-07-31": "217.00000", "2013-04-30": "177.00000", "2013-01-31": "237.00000", "2012-10-31": "262.00000", "2012-07-31": "222.00000", "2012-04-30": "149.60010", "2012-01-31": "206.20000", "2011-10-31": "246.30000", "2011-07-31": "185.90000", "2011-04-30": "221.80000", "2011-01-31": "225.50000", "2010-10-31": "235.00000", "2010-07-31": "172.70000", "2010-04-30": "118.50000", "2010-01-31": "173.90000", "2009-10-31": "225.60000", "2009-07-31": "192.00000", "2009-04-30": "121.50000", "2009-01-31": "177.20000", "2008-10-31": "221.70000", "2008-07-31": "140.59990", "2008-04-30": "135.40010", "2008-01-31": "181.60000", "2007-10-31": "212.60000", "2007-07-31": "155.40000", "2007-04-30": "108.20010", "2007-01-31": "168.80000", "2006-10-31": "182.70000", "2006-07-31": "142.30000", "2006-04-30": "103.40000", "2006-01-31": "165.30000", "2005-10-31": "160.20000", "2005-07-31": "134.10000", "2005-04-30": "87.80000", "2005-01-31": "117.40000"}, "Total Non-Operating Income/Expense": {"2020-10-31": "-21.00000", "2020-07-31": "-21.00000", "2020-04-30": "-21.00000", "2020-01-31": "-20.00000", "2019-10-31": "-21.00000", "2019-07-31": "-20.00000", "2019-04-30": "-22.00000", "2019-01-31": "-36.00000", "2018-10-31": "-22.00000", "2018-07-31": "-22.00000", "2018-04-30": "-19.00000", "2018-01-31": "-17.00000", "2017-10-31": "-18.00000", "2017-07-31": "-17.00000", "2017-04-30": "-35.00000", "2017-01-31": "-15.00000", "2016-10-31": "-15.00000", "2016-07-31": "-12.00000", "2016-04-30": "-11.00000", "2016-01-31": "-12.00000", "2015-10-31": "-12.00000", "2015-07-31": "-9.00000", "2015-04-30": "-5.00000", "2015-01-31": "-6.00000", "2014-10-31": "-7.00000", "2014-07-31": "-7.00000", "2014-04-30": "-6.00000", "2014-01-31": "-6.00000", "2013-10-31": "-6.00000", "2013-07-31": "-6.00000", "2013-04-30": "-16.00000", "2013-01-31": "-8.00000", "2012-10-31": "-4.00000", "2012-07-31": "-5.00000", "2012-04-30": "-6.50000", "2012-01-31": "-7.30000", "2011-10-31": "-7.10000", "2011-07-31": "-7.10000", "2011-04-30": "-6.80000", "2011-01-31": "-6.90000", "2010-10-31": "-6.10000", "2010-07-31": "-6.20000", "2010-04-30": "-6.40000", "2010-01-31": "-7.10000", "2009-10-31": "-7.40000", "2009-07-31": "-7.10000", "2009-04-30": "-7.50000", "2009-01-31": "-8.10000", "2008-10-31": "-7.90000", "2008-07-31": "-7.50000", "2008-04-30": "-8.60000", "2008-01-31": "-9.10000", "2007-10-31": "-12.20000", "2007-07-31": "-11.10000", "2007-04-30": "-10.50000", "2007-01-31": "-2.50000", "2006-10-31": "-1.90000", "2006-07-31": "-1.10000", "2006-04-30": "-0.40000", "2006-01-31": "0.30000", "2005-10-31": "-1.30000", "2005-07-31": "-2.60000", "2005-04-30": "-2.90000", "2005-01-31": "71.50000"}, "Pre-Tax Income": {"2020-10-31": "309.00000", "2020-07-31": "366.00000", "2020-04-30": "166.00000", "2020-01-31": "284.00000", "2019-10-31": "331.00000", "2019-07-31": "228.00000", "2019-04-30": "206.00000", "2019-01-31": "284.00000", "2018-10-31": "310.00000", "2018-07-31": "242.00000", "2018-04-30": "128.00000", "2018-01-31": "289.00000", "2017-10-31": "331.00000", "2017-07-31": "229.00000", "2017-04-30": "198.00000", "2017-01-31": "258.00000", "2016-10-31": "276.00000", "2016-07-31": "201.00000", "2016-04-30": "715.00000", "2016-01-31": "266.00000", "2015-10-31": "290.00000", "2015-07-31": "218.00000", "2015-04-30": "226.00000", "2015-01-31": "266.00000", "2014-10-31": "296.00000", "2014-07-31": "214.00000", "2014-04-30": "182.00000", "2014-01-31": "249.00000", "2013-10-31": "305.00000", "2013-07-31": "211.00000", "2013-04-30": "161.00000", "2013-01-31": "229.00000", "2012-10-31": "258.00000", "2012-07-31": "217.00000", "2012-04-30": "143.10000", "2012-01-31": "198.90000", "2011-10-31": "239.20000", "2011-07-31": "178.80000", "2011-04-30": "215.00000", "2011-01-31": "218.60000", "2010-10-31": "228.90000", "2010-07-31": "166.50000", "2010-04-30": "112.10000", "2010-01-31": "166.80000", "2009-10-31": "218.20000", "2009-07-31": "184.90000", "2009-04-30": "114.00000", "2009-01-31": "169.10000", "2008-10-31": "213.80000", "2008-07-31": "133.10000", "2008-04-30": "126.80000", "2008-01-31": "172.50000", "2007-10-31": "200.40000", "2007-07-31": "144.30000", "2007-04-30": "97.70000", "2007-01-31": "166.30000", "2006-10-31": "180.80000", "2006-07-31": "141.20000", "2006-04-30": "103.00000", "2006-01-31": "165.60000", "2005-10-31": "158.90000", "2005-07-31": "131.50000", "2005-04-30": "84.90000", "2005-01-31": "188.90000"}, "Income Taxes": {"2020-10-31": "69.00000", "2020-07-31": "42.00000", "2020-04-30": "38.00000", "2020-01-31": "53.00000", "2019-10-31": "49.00000", "2019-07-31": "42.00000", "2019-04-30": "47.00000", "2019-01-31": "57.00000", "2018-10-31": "61.00000", "2018-07-31": "42.00000", "2018-04-30": "18.00000", "2018-01-31": "99.00000", "2017-10-31": "92.00000", "2017-07-31": "51.00000", "2017-04-30": "52.00000", "2017-01-31": "76.00000", "2016-10-31": "79.00000", "2016-07-31": "57.00000", "2016-04-30": "194.00000", "2016-01-31": "76.00000", "2015-10-31": "90.00000", "2015-07-31": "62.00000", "2015-04-30": "86.00000", "2015-01-31": "80.00000", "2014-10-31": "88.00000", "2014-07-31": "64.00000", "2014-04-30": "49.00000", "2014-01-31": "72.00000", "2013-10-31": "99.00000", "2013-07-31": "68.00000", "2013-04-30": "47.00000", "2013-01-31": "72.00000", "2012-10-31": "85.00000", "2012-07-31": "70.00000", "2012-04-30": "38.90000", "2012-01-31": "65.80000", "2011-10-31": "81.60000", "2011-07-31": "60.70000", "2011-04-30": "49.10000", "2011-01-31": "77.90000", "2010-10-31": "74.90000", "2010-07-31": "55.10000", "2010-04-30": "39.70000", "2010-01-31": "58.90000", "2009-10-31": "70.90000", "2009-07-31": "63.50000", "2009-04-30": "33.80000", "2009-01-31": "45.70000", "2008-10-31": "70.60000", "2008-07-31": "44.90000", "2008-04-30": "27.60000", "2008-01-31": "56.60000", "2007-10-31": "70.90000", "2007-07-31": "48.90000", "2007-04-30": "28.60000", "2007-01-31": "54.70000", "2006-10-31": "56.10000", "2006-07-31": "46.60000", "2006-04-30": "27.40000", "2006-01-31": "45.50000", "2005-10-31": "47.10000", "2005-07-31": "44.00000", "2005-04-30": "23.50000", "2005-01-31": "64.50000"}, "Income After Taxes": {"2020-10-31": "240.00000", "2020-07-31": "324.00000", "2020-04-30": "128.00000", "2020-01-31": "231.00000", "2019-10-31": "282.00000", "2019-07-31": "186.00000", "2019-04-30": "159.00000", "2019-01-31": "227.00000", "2018-10-31": "249.00000", "2018-07-31": "200.00000", "2018-04-30": "110.00000", "2018-01-31": "190.00000", "2017-10-31": "239.00000", "2017-07-31": "178.00000", "2017-04-30": "146.00000", "2017-01-31": "182.00000", "2016-10-31": "197.00000", "2016-07-31": "144.00000", "2016-04-30": "521.00000", "2016-01-31": "190.00000", "2015-10-31": "200.00000", "2015-07-31": "156.00000", "2015-04-30": "140.00000", "2015-01-31": "186.00000", "2014-10-31": "208.00000", "2014-07-31": "150.00000", "2014-04-30": "133.00000", "2014-01-31": "177.00000", "2013-10-31": "206.00000", "2013-07-31": "143.00000", "2013-04-30": "114.00000", "2013-01-31": "157.00000", "2012-10-31": "173.00000", "2012-07-31": "147.00000", "2012-04-30": "104.20000", "2012-01-31": "133.10000", "2011-10-31": "157.60000", "2011-07-31": "118.10000", "2011-04-30": "165.90000", "2011-01-31": "140.70000", "2010-10-31": "154.00000", "2010-07-31": "111.40000", "2010-04-30": "72.40000", "2010-01-31": "107.90000", "2009-10-31": "147.30000", "2009-07-31": "121.40000", "2009-04-30": "80.20000", "2009-01-31": "123.40000", "2008-10-31": "143.20000", "2008-07-31": "88.20000", "2008-04-30": "99.20000", "2008-01-31": "115.90000", "2007-10-31": "129.50000", "2007-07-31": "95.40000", "2007-04-30": "69.10000", "2007-01-31": "111.60000", "2006-10-31": "124.70000", "2006-07-31": "94.60000", "2006-04-30": "75.60000", "2006-01-31": "120.10000", "2005-10-31": "111.80000", "2005-07-31": "87.50000", "2005-04-30": "61.40000", "2005-01-31": "124.40000"}, "Other Income": {"2020-10-31": "", "2020-07-31": "", "2020-04-30": "", "2020-01-31": "", "2019-10-31": "", "2019-07-31": "", "2019-04-30": "", "2019-01-31": "", "2018-10-31": "", "2018-07-31": "", "2018-04-30": "", "2018-01-31": "", "2017-10-31": "", "2017-07-31": "", "2017-04-30": "", "2017-01-31": "", "2016-10-31": "", "2016-07-31": "", "2016-04-30": "", "2016-01-31": "", "2015-10-31": "", "2015-07-31": "", "2015-04-30": "", "2015-01-31": "", "2014-10-31": "", "2014-07-31": "", "2014-04-30": "", "2014-01-31": "", "2013-10-31": "", "2013-07-31": "", "2013-04-30": "", "2013-01-31": "", "2012-10-31": "", "2012-07-31": "", "2012-04-30": "", "2012-01-31": "", "2011-10-31": "", "2011-07-31": "", "2011-04-30": "", "2011-01-31": "", "2010-10-31": "", "2010-07-31": "", "2010-04-30": "", "2010-01-31": "", "2009-10-31": "", "2009-07-31": "", "2009-04-30": "", "2009-01-31": "", "2008-10-31": "", "2008-07-31": "", "2008-04-30": "", "2008-01-31": "", "2007-10-31": "", "2007-07-31": "", "2007-04-30": "", "2007-01-31": "", "2006-10-31": "", "2006-07-31": "", "2006-04-30": "", "2006-01-31": "", "2005-10-31": "", "2005-07-31": "", "2005-04-30": "", "2005-01-31": ""}, "Income From Continuous Operations": {"2020-10-31": "240.00000", "2020-07-31": "324.00000", "2020-04-30": "128.00000", "2020-01-31": "231.00000", "2019-10-31": "282.00000", "2019-07-31": "186.00000", "2019-04-30": "159.00000", "2019-01-31": "227.00000", "2018-10-31": "249.00000", "2018-07-31": "200.00000", "2018-04-30": "110.00000", "2018-01-31": "190.00000", "2017-10-31": "239.00000", "2017-07-31": "178.00000", "2017-04-30": "146.00000", "2017-01-31": "182.00000", "2016-10-31": "197.00000", "2016-07-31": "144.00000", "2016-04-30": "521.00000", "2016-01-31": "190.00000", "2015-10-31": "200.00000", "2015-07-31": "156.00000", "2015-04-30": "140.00000", "2015-01-31": "186.00000", "2014-10-31": "208.00000", "2014-07-31": "150.00000", "2014-04-30": "133.00000", "2014-01-31": "177.00000", "2013-10-31": "206.00000", "2013-07-31": "143.00000", "2013-04-30": "114.00000", "2013-01-31": "157.00000", "2012-10-31": "173.00000", "2012-07-31": "147.00000", "2012-04-30": "104.20000", "2012-01-31": "133.10000", "2011-10-31": "157.60000", "2011-07-31": "118.10000", "2011-04-30": "165.90000", "2011-01-31": "140.70000", "2010-10-31": "154.00000", "2010-07-31": "111.40000", "2010-04-30": "72.40000", "2010-01-31": "107.90000", "2009-10-31": "147.30000", "2009-07-31": "121.40000", "2009-04-30": "80.20000", "2009-01-31": "123.40000", "2008-10-31": "143.20000", "2008-07-31": "88.20000", "2008-04-30": "99.20000", "2008-01-31": "115.90000", "2007-10-31": "129.50000", "2007-07-31": "95.40000", "2007-04-30": "69.10000", "2007-01-31": "111.60000", "2006-10-31": "124.70000", "2006-07-31": "94.60000", "2006-04-30": "75.60000", "2006-01-31": "120.10000", "2005-10-31": "111.80000", "2005-07-31": "87.50000", "2005-04-30": "61.40000", "2005-01-31": "124.40000"}, "Income From Discontinued Operations": {"2020-10-31": "", "2020-07-31": "", "2020-04-30": "", "2020-01-31": "", "2019-10-31": "", "2019-07-31": "", "2019-04-30": "", "2019-01-31": "", "2018-10-31": "", "2018-07-31": "", "2018-04-30": "", "2018-01-31": "", "2017-10-31": "", "2017-07-31": "", "2017-04-30": "", "2017-01-31": "", "2016-10-31": "", "2016-07-31": "", "2016-04-30": "", "2016-01-31": "", "2015-10-31": "", "2015-07-31": "", "2015-04-30": "", "2015-01-31": "", "2014-10-31": "", "2014-07-31": "", "2014-04-30": "", "2014-01-31": "", "2013-10-31": "", "2013-07-31": "", "2013-04-30": "", "2013-01-31": "", "2012-10-31": "", "2012-07-31": "", "2012-04-30": "", "2012-01-31": "", "2011-10-31": "", "2011-07-31": "", "2011-04-30": "", "2011-01-31": "", "2010-10-31": "", "2010-07-31": "", "2010-04-30": "", "2010-01-31": "", "2009-10-31": "", "2009-07-31": "", "2009-04-30": "", "2009-01-31": "", "2008-10-31": "", "2008-07-31": "", "2008-04-30": "", "2008-01-31": "0.10000", "2007-10-31": "-0.10000", "2007-07-31": "-0.10000", "2007-04-30": "-2.70000", "2007-01-31": "-6.50000", "2006-10-31": "-0.90000", "2006-07-31": "-0.90000", "2006-04-30": "2.30000", "2006-01-31": "0.40000", "2005-10-31": "-3.00000", "2005-07-31": "-74.70000", "2005-04-30": "-1.00000", "2005-01-31": "-29.40000"}, "Net Income": {"2020-10-31": "240.00000", "2020-07-31": "324.00000", "2020-04-30": "128.00000", "2020-01-31": "231.00000", "2019-10-31": "282.00000", "2019-07-31": "186.00000", "2019-04-30": "159.00000", "2019-01-31": "227.00000", "2018-10-31": "249.00000", "2018-07-31": "200.00000", "2018-04-30": "110.00000", "2018-01-31": "190.00000", "2017-10-31": "239.00000", "2017-07-31": "178.00000", "2017-04-30": "146.00000", "2017-01-31": "182.00000", "2016-10-31": "197.00000", "2016-07-31": "144.00000", "2016-04-30": "521.00000", "2016-01-31": "190.00000", "2015-10-31": "200.00000", "2015-07-31": "156.00000", "2015-04-30": "140.00000", "2015-01-31": "186.00000", "2014-10-31": "208.00000", "2014-07-31": "150.00000", "2014-04-30": "133.00000", "2014-01-31": "177.00000", "2013-10-31": "206.00000", "2013-07-31": "143.00000", "2013-04-30": "114.00000", "2013-01-31": "157.00000", "2012-10-31": "173.00000", "2012-07-31": "147.00000", "2012-04-30": "104.30000", "2012-01-31": "133.10000", "2011-10-31": "157.50000", "2011-07-31": "118.10000", "2011-04-30": "164.90000", "2011-01-31": "140.70000", "2010-10-31": "154.00000", "2010-07-31": "111.40000", "2010-04-30": "72.40000", "2010-01-31": "107.90000", "2009-10-31": "147.30000", "2009-07-31": "121.40000", "2009-04-30": "80.20000", "2009-01-31": "123.40000", "2008-10-31": "143.20000", "2008-07-31": "88.20000", "2008-04-30": "99.30000", "2008-01-31": "116.00000", "2007-10-31": "129.40000", "2007-07-31": "95.30000", "2007-04-30": "66.40000", "2007-01-31": "105.10000", "2006-10-31": "123.80000", "2006-07-31": "93.70000", "2006-04-30": "77.90000", "2006-01-31": "120.50000", "2005-10-31": "108.80000", "2005-07-31": "12.80000", "2005-04-30": "60.40000", "2005-01-31": "95.00000"}, "EBITDA": {"2020-10-31": "350.00000", "2020-07-31": "406.00000", "2020-04-30": "206.00000", "2020-01-31": "323.00000", "2019-10-31": "370.00000", "2019-07-31": "266.00000", "2019-04-30": "248.00000", "2019-01-31": "336.00000", "2018-10-31": "350.00000", "2018-07-31": "282.00000", "2018-04-30": "163.00000", "2018-01-31": "323.00000", "2017-10-31": "365.00000", "2017-07-31": "261.00000", "2017-04-30": "249.00000", "2017-01-31": "287.00000", "2016-10-31": "304.00000", "2016-07-31": "228.00000", "2016-04-30": "742.00000", "2016-01-31": "291.00000", "2015-10-31": "316.00000", "2015-07-31": "240.00000", "2015-04-30": "244.00000", "2015-01-31": "285.00000", "2014-10-31": "315.00000", "2014-07-31": "234.00000", "2014-04-30": "202.00000", "2014-01-31": "267.00000", "2013-10-31": "323.00000", "2013-07-31": "229.00000", "2013-04-30": "192.00000", "2013-01-31": "249.00000", "2012-10-31": "274.00000", "2012-07-31": "234.00000", "2012-04-30": "160.90010", "2012-01-31": "218.09990", "2011-10-31": "259.10000", "2011-07-31": "198.90000", "2011-04-30": "234.90000", "2011-01-31": "239.70000", "2010-10-31": "249.20000", "2010-07-31": "187.20000", "2010-04-30": "133.70000", "2010-01-31": "189.10000", "2009-10-31": "239.80000", "2009-07-31": "206.40000", "2009-04-30": "136.40000", "2009-01-31": "190.70000", "2008-10-31": "235.00000", "2008-07-31": "153.89990", "2008-04-30": "149.00010", "2008-01-31": "194.30000", "2007-10-31": "225.50000", "2007-07-31": "168.20000", "2007-04-30": "120.40010", "2007-01-31": "180.50000", "2006-10-31": "192.80000", "2006-07-31": "152.30000", "2006-04-30": "114.00000", "2006-01-31": "175.00000", "2005-10-31": "171.10000", "2005-07-31": "144.90000", "2005-04-30": "98.00000", "2005-01-31": "121.30000"}, "EBIT": {"2020-10-31": "330.00000", "2020-07-31": "387.00000", "2020-04-30": "187.00000", "2020-01-31": "304.00000", "2019-10-31": "352.00000", "2019-07-31": "248.00000", "2019-04-30": "228.00000", "2019-01-31": "320.00000", "2018-10-31": "332.00000", "2018-07-31": "264.00000", "2018-04-30": "147.00000", "2018-01-31": "306.00000", "2017-10-31": "349.00000", "2017-07-31": "246.00000", "2017-04-30": "233.00000", "2017-01-31": "273.00000", "2016-10-31": "291.00000", "2016-07-31": "213.00000", "2016-04-30": "726.00000", "2016-01-31": "278.00000", "2015-10-31": "302.00000", "2015-07-31": "227.00000", "2015-04-30": "231.00000", "2015-01-31": "272.00000", "2014-10-31": "303.00000", "2014-07-31": "221.00000", "2014-04-30": "188.00000", "2014-01-31": "255.00000", "2013-10-31": "311.00000", "2013-07-31": "217.00000", "2013-04-30": "177.00000", "2013-01-31": "237.00000", "2012-10-31": "262.00000", "2012-07-31": "222.00000", "2012-04-30": "149.60010", "2012-01-31": "206.20000", "2011-10-31": "246.30000", "2011-07-31": "185.90000", "2011-04-30": "221.80000", "2011-01-31": "225.50000", "2010-10-31": "235.00000", "2010-07-31": "172.70000", "2010-04-30": "118.50000", "2010-01-31": "173.90000", "2009-10-31": "225.60000", "2009-07-31": "192.00000", "2009-04-30": "121.50000", "2009-01-31": "177.20000", "2008-10-31": "221.70000", "2008-07-31": "140.59990", "2008-04-30": "135.40000", "2008-01-31": "181.60000", "2007-10-31": "212.60000", "2007-07-31": "155.40000", "2007-04-30": "108.20010", "2007-01-31": "168.80000", "2006-10-31": "182.70000", "2006-07-31": "142.30000", "2006-04-30": "103.40000", "2006-01-31": "165.30000", "2005-10-31": "160.20000", "2005-07-31": "134.10000", "2005-04-30": "87.80010", "2005-01-31": "117.40000"}, "Basic Shares Outstanding": {"2020-10-31": "478.50600", "2020-07-31": "478.32700", "2020-04-30": "477.76500", "2020-01-31": "477.89800", "2019-10-31": "477.68000", "2019-07-31": "477.36900", "2019-04-30": "478.95600", "2019-01-31": "477.30100", "2018-10-31": "480.43600", "2018-07-31": "480.96400", "2018-04-30": "480.31900", "2018-01-31": "480.36100", "2017-10-31": "480.15000", "2017-07-31": "480.04800", "2017-04-30": "484.63500", "2017-01-31": "480.65000", "2016-10-31": "486.31250", "2016-07-31": "491.27250", "2016-04-30": "507.44100", "2016-01-31": "502.95620", "2015-10-31": "510.13750", "2015-07-31": "518.15750", "2015-04-30": "528.98130", "2015-01-31": "527.81500", "2014-10-31": "530.21750", "2014-07-31": "533.61000", "2014-04-30": "533.63500", "2014-01-31": "532.87750", "2013-10-31": "533.96750", "2013-07-31": "534.27250", "2013-04-30": "533.42250", "2013-01-31": "533.64750", "2012-10-31": "533.19000", "2012-07-31": "532.92000", "2012-04-30": "536.32250", "2012-01-31": "532.22750", "2011-10-31": "537.03250", "2011-07-31": "543.10500", "2011-04-30": "546.01250", "2011-01-31": "543.97880", "2010-10-31": "546.18380", "2010-07-31": "549.63750", "2010-04-30": "554.37750", "2010-01-31": "550.34250", "2009-10-31": "554.97000", "2009-07-31": "561.01500", "2009-04-30": "564.19500", "2009-01-31": "564.54000", "2008-10-31": "564.97880", "2008-07-31": "564.76500", "2008-04-30": "574.05370", "2008-01-31": "575.79380", "2007-10-31": "578.01750", "2007-07-31": "577.57970", "2007-04-30": "575.94750", "2007-01-31": "576.39370", "2006-10-31": "575.96720", "2006-07-31": "574.74840", "2006-04-30": "572.31560", "2006-01-31": "572.41880", "2005-10-31": "571.95000", "2005-07-31": "571.61720", "2005-04-30": "570.68440", "2005-01-31": "570.72660"}, "Shares Outstanding": {"2020-10-31": "480.74800", "2020-07-31": "480.42900", "2020-04-30": "480.40900", "2020-01-31": "480.75700", "2019-10-31": "480.48100", "2019-07-31": "480.08800", "2019-04-30": "482.06700", "2019-01-31": "480.09900", "2018-10-31": "483.59100", "2018-07-31": "484.44100", "2018-04-30": "484.24800", "2018-01-31": "484.24400", "2017-10-31": "483.28400", "2017-07-31": "482.98400", "2017-04-30": "488.07700", "2017-01-31": "483.95800", "2016-10-31": "489.81000", "2016-07-31": "495.01130", "2016-04-30": "510.70000", "2016-01-31": "505.97630", "2015-10-31": "513.57620", "2015-07-31": "521.59500", "2015-04-30": "532.70620", "2015-01-31": "531.51500", "2014-10-31": "533.92250", "2014-07-31": "537.54750", "2014-04-30": "537.70500", "2014-01-31": "536.98000", "2013-10-31": "538.01000", "2013-07-31": "538.30000", "2013-04-30": "537.46500", "2013-01-31": "537.62750", "2012-10-31": "537.22750", "2012-07-31": "536.99500", "2012-04-30": "540.20750", "2012-01-31": "536.24750", "2011-10-31": "540.69000", "2011-07-31": "547.00250", "2011-04-30": "549.42500", "2011-01-31": "547.65000", "2010-10-31": "549.39000", "2010-07-31": "552.69370", "2010-04-30": "557.15630", "2010-01-31": "553.28250", "2009-10-31": "557.60250", "2009-07-31": "563.51620", "2009-04-30": "567.67130", "2009-01-31": "567.51750", "2008-10-31": "568.84120", "2008-07-31": "569.26500", "2008-04-30": "579.02250", "2008-01-31": "581.13000", "2007-10-31": "583.75500", "2007-07-31": "583.28440", "2007-04-30": "582.19130", "2007-01-31": "582.32810", "2006-10-31": "582.61410", "2006-07-31": "581.55940", "2006-04-30": "578.62030", "2006-01-31": "579.17810", "2005-10-31": "577.69680", "2005-07-31": "577.31720", "2005-04-30": "574.25160", "2005-01-31": "574.13440"}, "Basic EPS": {"2020-10-31": "0.50000", "2020-07-31": "0.68000", "2020-04-30": "0.27000", "2020-01-31": "0.48000", "2019-10-31": "0.59000", "2019-07-31": "0.39000", "2019-04-30": "0.33000", "2019-01-31": "0.47000", "2018-10-31": "0.52000", "2018-07-31": "0.42000", "2018-04-30": "0.23000", "2018-01-31": "0.39000", "2017-10-31": "0.50000", "2017-07-31": "0.37000", "2017-04-30": "0.29600", "2017-01-31": "0.38000", "2016-10-31": "0.40800", "2016-07-31": "0.29600", "2016-04-30": "1.02800", "2016-01-31": "0.37600", "2015-10-31": "0.39200", "2015-07-31": "0.30400", "2015-04-30": "0.27200", "2015-01-31": "0.35200", "2014-10-31": "0.39200", "2014-07-31": "0.28000", "2014-04-30": "0.24400", "2014-01-31": "0.33200", "2013-10-31": "0.38800", "2013-07-31": "0.26800", "2013-04-30": "0.21200", "2013-01-31": "0.29600", "2012-10-31": "0.32400", "2012-07-31": "0.27600", "2012-04-30": "0.19600", "2012-01-31": "0.25200", "2011-10-31": "0.29200", "2011-07-31": "0.21600", "2011-04-30": "0.30000", "2011-01-31": "0.25870", "2010-10-31": "0.28270", "2010-07-31": "0.20270", "2010-04-30": "0.13330", "2010-01-31": "0.19470", "2009-10-31": "0.26400", "2009-07-31": "0.21600", "2009-04-30": "0.13870", "2009-01-31": "0.21870", "2008-10-31": "0.25330", "2008-07-31": "0.15730", "2008-04-30": "0.17440", "2008-01-31": "0.20270", "2007-10-31": "0.22400", "2007-07-31": "0.16430", "2007-04-30": "0.11630", "2007-01-31": "0.18350", "2006-10-31": "0.21550", "2006-07-31": "0.16210", "2006-04-30": "0.13720", "2006-01-31": "0.21060", "2005-10-31": "0.18990", "2005-07-31": "0.02130", "2005-04-30": "0.10710", "2005-01-31": "0.16640"}, "EPS - Earnings Per Share": {"2020-10-31": "0.50000", "2020-07-31": "0.67000", "2020-04-30": "0.26000", "2020-01-31": "0.48000", "2019-10-31": "0.59000", "2019-07-31": "0.39000", "2019-04-30": "0.33000", "2019-01-31": "0.47000", "2018-10-31": "0.52000", "2018-07-31": "0.41000", "2018-04-30": "0.23000", "2018-01-31": "0.39000", "2017-10-31": "0.49000", "2017-07-31": "0.37000", "2017-04-30": "0.30200", "2017-01-31": "0.38000", "2016-10-31": "0.40000", "2016-07-31": "0.28800", "2016-04-30": "1.02600", "2016-01-31": "0.37600", "2015-10-31": "0.39200", "2015-07-31": "0.29600", "2015-04-30": "0.26400", "2015-01-31": "0.34800", "2014-10-31": "0.38800", "2014-07-31": "0.28000", "2014-04-30": "0.24800", "2014-01-31": "0.32800", "2013-10-31": "0.38400", "2013-07-31": "0.26400", "2013-04-30": "0.21200", "2013-01-31": "0.29200", "2012-10-31": "0.32000", "2012-07-31": "0.27600", "2012-04-30": "0.19200", "2012-01-31": "0.24800", "2011-10-31": "0.29200", "2011-07-31": "0.21600", "2011-04-30": "0.30130", "2011-01-31": "0.25600", "2010-10-31": "0.28000", "2010-07-31": "0.20270", "2010-04-30": "0.13070", "2010-01-31": "0.19470", "2009-10-31": "0.26400", "2009-07-31": "0.21600", "2009-04-30": "0.14400", "2009-01-31": "0.21600", "2008-10-31": "0.25070", "2008-07-31": "0.15470", "2008-04-30": "0.17440", "2008-01-31": "0.20000", "2007-10-31": "0.22130", "2007-07-31": "0.16430", "2007-04-30": "0.11250", "2007-01-31": "0.18130", "2006-10-31": "0.21330", "2006-07-31": "0.16210", "2006-04-30": "0.13760", "2006-01-31": "0.20800", "2005-10-31": "0.18770", "2005-07-31": "0.02130", "2005-04-30": "0.10390", "2005-01-31": "0.16640"}}, "balance sheet": {"Cash On Hand": {"2020-04-30": "675.00000", "2019-04-30": "307.00000", "2018-04-30": "239.00000", "2017-04-30": "182.00000", "2016-04-30": "263.00000", "2015-04-30": "370.00000", "2014-04-30": "437.00000", "2013-04-30": "204.00000", "2012-04-30": "338.00000", "2011-04-30": "567.00000", "2010-04-30": "232.00000", "2009-04-30": "340.00000", "2008-04-30": "119.00000", "2007-04-30": "369.00000", "2006-04-30": "635.00000", "2005-04-30": "295.00000"}, "Receivables": {"2020-04-30": "570.00000", "2019-04-30": "609.00000", "2018-04-30": "639.00000", "2017-04-30": "557.00000", "2016-04-30": "559.00000", "2015-04-30": "583.00000", "2014-04-30": "569.00000", "2013-04-30": "548.00000", "2012-04-30": "475.00000", "2011-04-30": "496.00000", "2010-04-30": "418.00000", "2009-04-30": "367.00000", "2008-04-30": "453.00000", "2007-04-30": "404.00000", "2006-04-30": "323.00000", "2005-04-30": "296.00000"}, "Inventory": {"2020-04-30": "1685.00000", "2019-04-30": "1520.00000", "2018-04-30": "1379.00000", "2017-04-30": "1270.00000", "2016-04-30": "1054.00000", "2015-04-30": "953.00000", "2014-04-30": "882.00000", "2013-04-30": "827.00000", "2012-04-30": "712.00000", "2011-04-30": "647.00000", "2010-04-30": "651.00000", "2009-04-30": "652.00000", "2008-04-30": "685.00000", "2007-04-30": "694.00000", "2006-04-30": "511.00000", "2005-04-30": "470.00000"}, "Pre-Paid Expenses": {"2020-04-30": "", "2019-04-30": "", "2018-04-30": "", "2017-04-30": "", "2016-04-30": "", "2015-04-30": "", "2014-04-30": "", "2013-04-30": "", "2012-04-30": "", "2011-04-30": "", "2010-04-30": "", "2009-04-30": "", "2008-04-30": "", "2007-04-30": "", "2006-04-30": "", "2005-04-30": ""}, "Other Current Assets": {"2020-04-30": "335.00000", "2019-04-30": "283.00000", "2018-04-30": "298.00000", "2017-04-30": "342.00000", "2016-04-30": "357.00000", "2015-04-30": "332.00000", "2014-04-30": "256.00000", "2013-04-30": "213.00000", "2012-04-30": "188.00000", "2011-04-30": "218.00000", "2010-04-30": "184.00000", "2009-04-30": "215.00000", "2008-04-30": "97.00000", "2007-04-30": "92.00000", "2006-04-30": "60.00000", "2005-04-30": "184.00000"}, "Total Current Assets": {"2020-04-30": "3265.00000", "2019-04-30": "2719.00000", "2018-04-30": "2555.00000", "2017-04-30": "2351.00000", "2016-04-30": "2233.00000", "2015-04-30": "2254.00000", "2014-04-30": "2177.00000", "2013-04-30": "1821.00000", "2012-04-30": "1749.00000", "2011-04-30": "1976.00000", "2010-04-30": "1527.00000", "2009-04-30": "1574.00000", "2008-04-30": "1456.00000", "2007-04-30": "1635.00000", "2006-04-30": "1609.00000", "2005-04-30": "1315.00000"}, "Property, Plant, And Equipment": {"2020-04-30": "848.00000", "2019-04-30": "816.00000", "2018-04-30": "780.00000", "2017-04-30": "713.00000", "2016-04-30": "629.00000", "2015-04-30": "586.00000", "2014-04-30": "526.00000", "2013-04-30": "450.00000", "2012-04-30": "399.00000", "2011-04-30": "393.00000", "2010-04-30": "468.00000", "2009-04-30": "483.00000", "2008-04-30": "501.00000", "2007-04-30": "506.00000", "2006-04-30": "425.00000", "2005-04-30": "418.00000"}, "Long-Term Investments": {"2020-04-30": "", "2019-04-30": "", "2018-04-30": "", "2017-04-30": "", "2016-04-30": "", "2015-04-30": "", "2014-04-30": "", "2013-04-30": "", "2012-04-30": "", "2011-04-30": "", "2010-04-30": "", "2009-04-30": "", "2008-04-30": "", "2007-04-30": "", "2006-04-30": "", "2005-04-30": ""}, "Goodwill And Intangible Assets": {"2020-04-30": "1391.00000", "2019-04-30": "1398.00000", "2018-04-30": "1433.00000", "2017-04-30": "1394.00000", "2016-04-30": "1185.00000", "2015-04-30": "1218.00000", "2014-04-30": "1297.00000", "2013-04-30": "1285.00000", "2012-04-30": "1285.00000", "2011-04-30": "1295.00000", "2010-04-30": "1335.00000", "2009-04-30": "1361.00000", "2008-04-30": "1387.00000", "2007-04-30": "1354.00000", "2006-04-30": "517.00000", "2005-04-30": "527.00000"}, "Other Long-Term Assets": {"2020-04-30": "247.00000", "2019-04-30": "190.00000", "2018-04-30": "192.00000", "2017-04-30": "151.00000", "2016-04-30": "119.00000", "2015-04-30": "112.00000", "2014-04-30": "85.00000", "2013-04-30": "56.00000", "2012-04-30": "38.00000", "2011-04-30": "36.00000", "2010-04-30": "42.00000", "2009-04-30": "46.00000", "2008-04-30": "61.00000", "2007-04-30": "33.00000", "2006-04-30": "31.00000", "2005-04-30": "259.00000"}, "Total Long-Term Assets": {"2020-04-30": "2501.00000", "2019-04-30": "2420.00000", "2018-04-30": "2421.00000", "2017-04-30": "2274.00000", "2016-04-30": "1950.00000", "2015-04-30": "1934.00000", "2014-04-30": "1926.00000", "2013-04-30": "1805.00000", "2012-04-30": "1728.00000", "2011-04-30": "1736.00000", "2010-04-30": "1856.00000", "2009-04-30": "1901.00000", "2008-04-30": "1949.00000", "2007-04-30": "1916.00000", "2006-04-30": "1119.00000", "2005-04-30": "1334.00000"}, "Total Assets": {"2020-04-30": "5766.00000", "2019-04-30": "5139.00000", "2018-04-30": "4976.00000", "2017-04-30": "4625.00000", "2016-04-30": "4183.00000", "2015-04-30": "4188.00000", "2014-04-30": "4103.00000", "2013-04-30": "3626.00000", "2012-04-30": "3477.00000", "2011-04-30": "3712.00000", "2010-04-30": "3383.00000", "2009-04-30": "3475.00000", "2008-04-30": "3405.00000", "2007-04-30": "3551.00000", "2006-04-30": "2728.00000", "2005-04-30": "2649.00000"}, "Total Current Liabilities": {"2020-04-30": "880.00000", "2019-04-30": "703.00000", "2018-04-30": "821.00000", "2017-04-30": "970.00000", "2016-04-30": "791.00000", "2015-04-30": "958.00000", "2014-04-30": "561.00000", "2013-04-30": "473.00000", "2012-04-30": "404.00000", "2011-04-30": "707.00000", "2010-04-30": "546.00000", "2009-04-30": "836.00000", "2008-04-30": "984.00000", "2007-04-30": "1347.00000", "2006-04-30": "569.00000", "2005-04-30": "638.00000"}, "Long Term Debt": {"2020-04-30": "2269.00000", "2019-04-30": "2290.00000", "2018-04-30": "2341.00000", "2017-04-30": "1689.00000", "2016-04-30": "1230.00000", "2015-04-30": "743.00000", "2014-04-30": "997.00000", "2013-04-30": "997.00000", "2012-04-30": "503.00000", "2011-04-30": "504.00000", "2010-04-30": "508.00000", "2009-04-30": "509.00000", "2008-04-30": "417.00000", "2007-04-30": "422.00000", "2006-04-30": "351.00000", "2005-04-30": "351.00000"}, "Other Non-Current Liabilities": {"2020-04-30": "168.00000", "2019-04-30": "157.00000", "2018-04-30": "222.00000", "2017-04-30": "130.00000", "2016-04-30": "146.00000", "2015-04-30": "164.00000", "2014-04-30": "167.00000", "2013-04-30": "68.00000", "2012-04-30": "65.00000", "2011-04-30": "88.00000", "2010-04-30": "69.00000", "2009-04-30": "59.00000", "2008-04-30": "69.00000", "2007-04-30": "30.00000", "2006-04-30": "34.00000", "2005-04-30": "114.00000"}, "Total Long Term Liabilities": {"2020-04-30": "2911.00000", "2019-04-30": "2789.00000", "2018-04-30": "2839.00000", "2017-04-30": "2285.00000", "2016-04-30": "1830.00000", "2015-04-30": "1325.00000", "2014-04-30": "1510.00000", "2013-04-30": "1525.00000", "2012-04-30": "1004.00000", "2011-04-30": "945.00000", "2010-04-30": "942.00000", "2009-04-30": "823.00000", "2008-04-30": "696.00000", "2007-04-30": "631.00000", "2006-04-30": "596.00000", "2005-04-30": "701.00000"}, "Total Liabilities": {"2020-04-30": "3791.00000", "2019-04-30": "3492.00000", "2018-04-30": "3660.00000", "2017-04-30": "3255.00000", "2016-04-30": "2621.00000", "2015-04-30": "2283.00000", "2014-04-30": "2071.00000", "2013-04-30": "1998.00000", "2012-04-30": "1408.00000", "2011-04-30": "1652.00000", "2010-04-30": "1488.00000", "2009-04-30": "1659.00000", "2008-04-30": "1680.00000", "2007-04-30": "1978.00000", "2006-04-30": "1165.00000", "2005-04-30": "1339.00000"}, "Common Stock Net": {"2020-04-30": "72.00000", "2019-04-30": "72.00000", "2018-04-30": "72.00000", "2017-04-30": "68.00000", "2016-04-30": "34.00000", "2015-04-30": "34.00000", "2014-04-30": "34.00000", "2013-04-30": "34.00000", "2012-04-30": "24.00000", "2011-04-30": "24.00000", "2010-04-30": "24.00000", "2009-04-30": "24.00000", "2008-04-30": "19.00000", "2007-04-30": "19.00000", "2006-04-30": "19.00000", "2005-04-30": "19.00000"}, "Retained Earnings (Accumulated Deficit)": {"2020-04-30": "2708.00000", "2019-04-30": "2238.00000", "2018-04-30": "1730.00000", "2017-04-30": "4470.00000", "2016-04-30": "4065.00000", "2015-04-30": "3300.00000", "2014-04-30": "2894.00000", "2013-04-30": "2500.00000", "2012-04-30": "3031.00000", "2011-04-30": "2710.00000", "2010-04-30": "2464.00000", "2009-04-30": "2189.00000", "2008-04-30": "1931.00000", "2007-04-30": "1649.00000", "2006-04-30": "1607.00000", "2005-04-30": "1415.00000"}, "Comprehensive Income": {"2020-04-30": "-547.00000", "2019-04-30": "-363.00000", "2018-04-30": "-378.00000", "2017-04-30": "-390.00000", "2016-04-30": "-350.00000", "2015-04-30": "-300.00000", "2014-04-30": "-188.00000", "2013-04-30": "-211.00000", "2012-04-30": "-223.00000", "2011-04-30": "-179.00000", "2010-04-30": "-187.00000", "2009-04-30": "-123.00000", "2008-04-30": "-94.00000", "2007-04-30": "-103.00000", "2006-04-30": "-6.00000", "2005-04-30": "-38.00000"}, "Other Share Holders Equity": {"2020-04-30": "", "2019-04-30": "", "2018-04-30": "", "2017-04-30": "", "2016-04-30": "", "2015-04-30": "", "2014-04-30": "", "2013-04-30": "", "2012-04-30": "-7.00000", "2011-04-30": "48.00000", "2010-04-30": "11.00000", "2009-04-30": "-10.00000", "2008-04-30": "99.00000", "2007-04-30": "46.00000", "2006-04-30": "24.00000", "2005-04-30": "27.00000"}, "Share Holder Equity": {"2020-04-30": "1975.00000", "2019-04-30": "1647.00000", "2018-04-30": "1316.00000", "2017-04-30": "1370.00000", "2016-04-30": "1562.00000", "2015-04-30": "1905.00000", "2014-04-30": "2032.00000", "2013-04-30": "1628.00000", "2012-04-30": "2069.00000", "2011-04-30": "2060.00000", "2010-04-30": "1895.00000", "2009-04-30": "1816.00000", "2008-04-30": "1725.00000", "2007-04-30": "1573.00000", "2006-04-30": "1563.00000", "2005-04-30": "1310.00000"}, "Total Liabilities And Share Holders Equity": {"2020-04-30": "5766.00000", "2019-04-30": "5139.00000", "2018-04-30": "4976.00000", "2017-04-30": "4625.00000", "2016-04-30": "4183.00000", "2015-04-30": "4188.00000", "2014-04-30": "4103.00000", "2013-04-30": "3626.00000", "2012-04-30": "3477.00000", "2011-04-30": "3712.00000", "2010-04-30": "3383.00000", "2009-04-30": "3475.00000", "2008-04-30": "3405.00000", "2007-04-30": "3551.00000", "2006-04-30": "2728.00000", "2005-04-30": "2649.00000"}}, "balance sheet, quarterly": {"Cash On Hand": {"2020-10-31": "964.00000", "2020-07-31": "908.00000", "2020-04-30": "675.00000", "2020-01-31": "276.00000", "2019-10-31": "235.00000", "2019-07-31": "307.00000", "2019-04-30": "307.00000", "2019-01-31": "260.00000", "2018-10-31": "193.00000", "2018-07-31": "211.00000", "2018-04-30": "239.00000", "2018-01-31": "287.00000", "2017-10-31": "212.00000", "2017-07-31": "238.00000", "2017-04-30": "182.00000", "2017-01-31": "197.00000", "2016-10-31": "211.00000", "2016-07-31": "459.00000", "2016-04-30": "263.00000", "2016-01-31": "317.00000", "2015-10-31": "195.00000", "2015-07-31": "494.00000", "2015-04-30": "370.00000", "2015-01-31": "250.00000", "2014-10-31": "235.00000", "2014-07-31": "460.00000", "2014-04-30": "437.00000", "2014-01-31": "287.00000", "2013-10-31": "192.00000", "2013-07-31": "217.00000", "2013-04-30": "204.00000", "2013-01-31": "386.80000", "2012-10-31": "368.50000", "2012-07-31": "361.50000", "2012-04-30": "338.00000", "2012-01-31": "494.90000", "2011-10-31": "380.10000", "2011-07-31": "552.50000", "2011-04-30": "567.00000", "2011-01-31": "278.60000", "2010-10-31": "155.70000", "2010-07-31": "260.80000", "2010-04-30": "232.00000", "2010-01-31": "241.70000", "2009-10-31": "289.30000", "2009-07-31": "286.50000", "2009-04-30": "340.00000", "2009-01-31": "334.70000", "2008-10-31": "326.80000", "2008-07-31": "160.20000", "2008-04-30": "119.00000", "2008-01-31": "136.60000", "2007-10-31": "192.70000", "2007-07-31": "179.80000", "2007-04-30": "369.00000", "2007-01-31": "403.70000", "2006-10-31": "412.80000", "2006-07-31": "406.20000", "2006-04-30": "635.00000", "2006-01-31": "595.90000", "2005-10-31": "451.90000", "2005-07-31": "265.30000", "2005-04-30": "295.00000", "2005-01-31": "289.50000"}, "Receivables": {"2020-10-31": "879.00000", "2020-07-31": "721.00000", "2020-04-30": "570.00000", "2020-01-31": "732.00000", "2019-10-31": "823.00000", "2019-07-31": "626.00000", "2019-04-30": "609.00000", "2019-01-31": "737.00000", "2018-10-31": "768.00000", "2018-07-31": "658.00000", "2018-04-30": "639.00000", "2018-01-31": "725.00000", "2017-10-31": "753.00000", "2017-07-31": "576.00000", "2017-04-30": "557.00000", "2017-01-31": "611.00000", "2016-10-31": "660.00000", "2016-07-31": "501.00000", "2016-04-30": "559.00000", "2016-01-31": "630.00000", "2015-10-31": "727.00000", "2015-07-31": "505.00000", "2015-04-30": "583.00000", "2015-01-31": "631.00000", "2014-10-31": "761.00000", "2014-07-31": "547.00000", "2014-04-30": "569.00000", "2014-01-31": "679.00000", "2013-10-31": "729.00000", "2013-07-31": "542.00000", "2013-04-30": "548.00000", "2013-01-31": "633.80000", "2012-10-31": "681.50000", "2012-07-31": "524.90000", "2012-04-30": "475.00000", "2012-01-31": "568.70000", "2011-10-31": "641.90000", "2011-07-31": "523.30000", "2011-04-30": "496.00000", "2011-01-31": "530.30000", "2010-10-31": "544.00000", "2010-07-31": "411.60000", "2010-04-30": "418.00000", "2010-01-31": "454.00000", "2009-10-31": "519.10000", "2009-07-31": "392.60000", "2009-04-30": "367.00000", "2009-01-31": "413.50000", "2008-10-31": "534.40000", "2008-07-31": "428.80000", "2008-04-30": "453.00000", "2008-01-31": "473.10000", "2007-10-31": "535.10000", "2007-07-31": "393.80000", "2007-04-30": "404.00000", "2007-01-31": "485.20000", "2006-10-31": "441.70000", "2006-07-31": "331.20000", "2006-04-30": "323.00000", "2006-01-31": "312.60000", "2005-10-31": "405.00000", "2005-07-31": "321.00000", "2005-04-30": "296.00000", "2005-01-31": "357.10000"}, "Inventory": {"2020-10-31": "1715.00000", "2020-07-31": "1741.00000", "2020-04-30": "1685.00000", "2020-01-31": "1668.00000", "2019-10-31": "1654.00000", "2019-07-31": "1609.00000", "2019-04-30": "1520.00000", "2019-01-31": "1471.00000", "2018-10-31": "1477.00000", "2018-07-31": "1449.00000", "2018-04-30": "1379.00000", "2018-01-31": "1343.00000", "2017-10-31": "1359.00000", "2017-07-31": "1337.00000", "2017-04-30": "1270.00000", "2017-01-31": "1238.00000", "2016-10-31": "1286.00000", "2016-07-31": "1262.00000", "2016-04-30": "1054.00000", "2016-01-31": "1031.00000", "2015-10-31": "1067.00000", "2015-07-31": "1035.00000", "2015-04-30": "953.00000", "2015-01-31": "920.00000", "2014-10-31": "971.00000", "2014-07-31": "949.00000", "2014-04-30": "882.00000", "2014-01-31": "873.00000", "2013-10-31": "901.00000", "2013-07-31": "874.00000", "2013-04-30": "827.00000", "2013-01-31": "801.90000", "2012-10-31": "797.50000", "2012-07-31": "764.40000", "2012-04-30": "712.00000", "2012-01-31": "684.20000", "2011-10-31": "694.50000", "2011-07-31": "685.50000", "2011-04-30": "647.00000", "2011-01-31": "677.00000", "2010-10-31": "698.90000", "2010-07-31": "671.90000", "2010-04-30": "651.00000", "2010-01-31": "658.30000", "2009-10-31": "690.20000", "2009-07-31": "685.40000", "2009-04-30": "652.00000", "2009-01-31": "643.20000", "2008-10-31": "683.00000", "2008-07-31": "709.00000", "2008-04-30": "685.00000", "2008-01-31": "682.50000", "2007-10-31": "733.60000", "2007-07-31": "724.80000", "2007-04-30": "694.00000", "2007-01-31": "700.60000", "2006-10-31": "593.70000", "2006-07-31": "546.60000", "2006-04-30": "511.00000", "2006-01-31": "519.80000", "2005-10-31": "522.50000", "2005-07-31": "488.00000", "2005-04-30": "470.00000", "2005-01-31": "573.70000"}, "Pre-Paid Expenses": {"2020-10-31": "", "2020-07-31": "", "2020-04-30": "", "2020-01-31": "", "2019-10-31": "", "2019-07-31": "", "2019-04-30": "", "2019-01-31": "", "2018-10-31": "", "2018-07-31": "", "2018-04-30": "", "2018-01-31": "", "2017-10-31": "", "2017-07-31": "", "2017-04-30": "", "2017-01-31": "", "2016-10-31": "", "2016-07-31": "", "2016-04-30": "", "2016-01-31": "", "2015-10-31": "", "2015-07-31": "", "2015-04-30": "", "2015-01-31": "", "2014-10-31": "", "2014-07-31": "", "2014-04-30": "", "2014-01-31": "", "2013-10-31": "", "2013-07-31": "", "2013-04-30": "", "2013-01-31": "", "2012-10-31": "", "2012-07-31": "", "2012-04-30": "", "2012-01-31": "", "2011-10-31": "", "2011-07-31": "", "2011-04-30": "", "2011-01-31": "", "2010-10-31": "", "2010-07-31": "", "2010-04-30": "", "2010-01-31": "", "2009-10-31": "", "2009-07-31": "", "2009-04-30": "", "2009-01-31": "", "2008-10-31": "", "2008-07-31": "", "2008-04-30": "", "2008-01-31": "", "2007-10-31": "", "2007-07-31": "", "2007-04-30": "", "2007-01-31": "", "2006-10-31": "", "2006-07-31": "", "2006-04-30": "", "2006-01-31": "", "2005-10-31": "", "2005-07-31": "", "2005-04-30": "", "2005-01-31": ""}, "Other Current Assets": {"2020-10-31": "257.00000", "2020-07-31": "276.00000", "2020-04-30": "335.00000", "2020-01-31": "318.00000", "2019-10-31": "327.00000", "2019-07-31": "295.00000", "2019-04-30": "283.00000", "2019-01-31": "287.00000", "2018-10-31": "305.00000", "2018-07-31": "305.00000", "2018-04-30": "298.00000", "2018-01-31": "286.00000", "2017-10-31": "337.00000", "2017-07-31": "352.00000", "2017-04-30": "342.00000", "2017-01-31": "331.00000", "2016-10-31": "373.00000", "2016-07-31": "339.00000", "2016-04-30": "357.00000", "2016-01-31": "416.00000", "2015-10-31": "341.00000", "2015-07-31": "328.00000", "2015-04-30": "332.00000", "2015-01-31": "398.00000", "2014-10-31": "307.00000", "2014-07-31": "280.00000", "2014-04-30": "256.00000", "2014-01-31": "208.00000", "2013-10-31": "167.00000", "2013-07-31": "211.00000", "2013-04-30": "213.00000", "2013-01-31": "188.10000", "2012-10-31": "188.30000", "2012-07-31": "177.50000", "2012-04-30": "188.00000", "2012-01-31": "181.10000", "2011-10-31": "187.20000", "2011-07-31": "201.90000", "2011-04-30": "218.00000", "2011-01-31": "167.20000", "2010-10-31": "164.40000", "2010-07-31": "163.80000", "2010-04-30": "184.00000", "2010-01-31": "90.10000", "2009-10-31": "61.40000", "2009-07-31": "49.20000", "2009-04-30": "215.00000", "2009-01-31": "100.80000", "2008-10-31": "126.50000", "2008-07-31": "94.10000", "2008-04-30": "97.00000", "2008-01-31": "75.60000", "2007-10-31": "57.70000", "2007-07-31": "41.00000", "2007-04-30": "92.00000", "2007-01-31": "45.10000", "2006-10-31": "26.80000", "2006-07-31": "21.50000", "2006-04-30": "60.00000", "2006-01-31": "31.60000", "2005-10-31": "34.40000", "2005-07-31": "196.10000", "2005-04-30": "184.00000", "2005-01-31": "23.70000"}, "Total Current Assets": {"2020-10-31": "3815.00000", "2020-07-31": "3646.00000", "2020-04-30": "3265.00000", "2020-01-31": "2994.00000", "2019-10-31": "3039.00000", "2019-07-31": "2837.00000", "2019-04-30": "2719.00000", "2019-01-31": "2755.00000", "2018-10-31": "2743.00000", "2018-07-31": "2623.00000", "2018-04-30": "2555.00000", "2018-01-31": "2641.00000", "2017-10-31": "2661.00000", "2017-07-31": "2503.00000", "2017-04-30": "2351.00000", "2017-01-31": "2377.00000", "2016-10-31": "2530.00000", "2016-07-31": "2561.00000", "2016-04-30": "2233.00000", "2016-01-31": "2405.00000", "2015-10-31": "2348.00000", "2015-07-31": "2371.00000", "2015-04-30": "2254.00000", "2015-01-31": "2209.00000", "2014-10-31": "2299.00000", "2014-07-31": "2259.00000", "2014-04-30": "2177.00000", "2014-01-31": "2103.00000", "2013-10-31": "2033.00000", "2013-07-31": "1861.00000", "2013-04-30": "1821.00000", "2013-01-31": "2046.40000", "2012-10-31": "2055.00000", "2012-07-31": "1849.50000", "2012-04-30": "1749.00000", "2012-01-31": "1953.10000", "2011-10-31": "1945.60000", "2011-07-31": "2011.60000", "2011-04-30": "1976.00000", "2011-01-31": "1686.70000", "2010-10-31": "1603.70000", "2010-07-31": "1544.50000", "2010-04-30": "1527.00000", "2010-01-31": "1548.40000", "2009-10-31": "1684.40000", "2009-07-31": "1540.00000", "2009-04-30": "1574.00000", "2009-01-31": "1594.50000", "2008-10-31": "1773.00000", "2008-07-31": "1494.40000", "2008-04-30": "1456.00000", "2008-01-31": "1443.90000", "2007-10-31": "1595.20000", "2007-07-31": "1415.40000", "2007-04-30": "1635.00000", "2007-01-31": "1714.20000", "2006-10-31": "1556.00000", "2006-07-31": "1386.50000", "2006-04-30": "1609.00000", "2006-01-31": "1529.80000", "2005-10-31": "1483.70000", "2005-07-31": "1340.30000", "2005-04-30": "1315.00000", "2005-01-31": "1310.90000"}, "Property, Plant, And Equipment": {"2020-10-31": "828.00000", "2020-07-31": "834.00000", "2020-04-30": "848.00000", "2020-01-31": "840.00000", "2019-10-31": "828.00000", "2019-07-31": "815.00000", "2019-04-30": "816.00000", "2019-01-31": "801.00000", "2018-10-31": "785.00000", "2018-07-31": "778.00000", "2018-04-30": "780.00000", "2018-01-31": "766.00000", "2017-10-31": "740.00000", "2017-07-31": "719.00000", "2017-04-30": "713.00000", "2017-01-31": "669.00000", "2016-10-31": "651.00000", "2016-07-31": "645.00000", "2016-04-30": "629.00000", "2016-01-31": "621.00000", "2015-10-31": "619.00000", "2015-07-31": "608.00000", "2015-04-30": "586.00000", "2015-01-31": "567.00000", "2014-10-31": "556.00000", "2014-07-31": "538.00000", "2014-04-30": "526.00000", "2014-01-31": "497.00000", "2013-10-31": "483.00000", "2013-07-31": "459.00000", "2013-04-30": "450.00000", "2013-01-31": "426.60000", "2012-10-31": "415.90000", "2012-07-31": "404.60000", "2012-04-30": "399.00000", "2012-01-31": "385.30000", "2011-10-31": "383.00000", "2011-07-31": "388.00000", "2011-04-30": "393.00000", "2011-01-31": "450.40000", "2010-10-31": "449.50000", "2010-07-31": "451.80000", "2010-04-30": "468.00000", "2010-01-31": "464.20000", "2009-10-31": "473.90000", "2009-07-31": "479.70000", "2009-04-30": "483.00000", "2009-01-31": "479.50000", "2008-10-31": "486.10000", "2008-07-31": "505.70000", "2008-04-30": "501.00000", "2008-01-31": "502.10000", "2007-10-31": "506.20000", "2007-07-31": "504.80000", "2007-04-30": "506.00000", "2007-01-31": "496.70000", "2006-10-31": "427.50000", "2006-07-31": "438.50000", "2006-04-30": "425.00000", "2006-01-31": "418.10000", "2005-10-31": "417.30000", "2005-07-31": "414.20000", "2005-04-30": "418.00000", "2005-01-31": "500.50000"}, "Long-Term Investments": {"2020-10-31": "", "2020-07-31": "", "2020-04-30": "", "2020-01-31": "", "2019-10-31": "", "2019-07-31": "", "2019-04-30": "", "2019-01-31": "", "2018-10-31": "", "2018-07-31": "", "2018-04-30": "", "2018-01-31": "", "2017-10-31": "", "2017-07-31": "", "2017-04-30": "", "2017-01-31": "", "2016-10-31": "", "2016-07-31": "", "2016-04-30": "", "2016-01-31": "", "2015-10-31": "", "2015-07-31": "", "2015-04-30": "", "2015-01-31": "", "2014-10-31": "", "2014-07-31": "", "2014-04-30": "", "2014-01-31": "", "2013-10-31": "", "2013-07-31": "", "2013-04-30": "", "2013-01-31": "", "2012-10-31": "", "2012-07-31": "", "2012-04-30": "", "2012-01-31": "", "2011-10-31": "", "2011-07-31": "", "2011-04-30": "", "2011-01-31": "", "2010-10-31": "", "2010-07-31": "", "2010-04-30": "", "2010-01-31": "", "2009-10-31": "", "2009-07-31": "", "2009-04-30": "", "2009-01-31": "", "2008-10-31": "", "2008-07-31": "", "2008-04-30": "", "2008-01-31": "", "2007-10-31": "", "2007-07-31": "", "2007-04-30": "", "2007-01-31": "", "2006-10-31": "", "2006-07-31": "", "2006-04-30": "", "2006-01-31": "", "2005-10-31": "", "2005-07-31": "", "2005-04-30": "", "2005-01-31": "18.20000"}, "Goodwill And Intangible Assets": {"2020-10-31": "1413.00000", "2020-07-31": "1417.00000", "2020-04-30": "1391.00000", "2020-01-31": "1419.00000", "2019-10-31": "1417.00000", "2019-07-31": "1408.00000", "2019-04-30": "1398.00000", "2019-01-31": "1405.00000", "2018-10-31": "1398.00000", "2018-07-31": "1413.00000", "2018-04-30": "1433.00000", "2018-01-31": "1448.00000", "2017-10-31": "1415.00000", "2017-07-31": "1416.00000", "2017-04-30": "1394.00000", "2017-01-31": "1382.00000", "2016-10-31": "1383.00000", "2016-07-31": "1405.00000", "2016-04-30": "1185.00000", "2016-01-31": "1171.00000", "2015-10-31": "1214.00000", "2015-07-31": "1210.00000", "2015-04-30": "1218.00000", "2015-01-31": "1226.00000", "2014-10-31": "1265.00000", "2014-07-31": "1284.00000", "2014-04-30": "1297.00000", "2014-01-31": "1289.00000", "2013-10-31": "1291.00000", "2013-07-31": "1287.00000", "2013-04-30": "1285.00000", "2013-01-31": "1288.80000", "2012-10-31": "1283.40000", "2012-07-31": "1276.90000", "2012-04-30": "1285.00000", "2012-01-31": "1284.30000", "2011-10-31": "1293.90000", "2011-07-31": "1297.70000", "2011-04-30": "1295.00000", "2011-01-31": "1335.10000", "2010-10-31": "1338.70000", "2010-07-31": "1332.70000", "2010-04-30": "1335.00000", "2010-01-31": "1350.50000", "2009-10-31": "1371.10000", "2009-07-31": "1365.50000", "2009-04-30": "1361.00000", "2009-01-31": "1359.60000", "2008-10-31": "1359.30000", "2008-07-31": "1385.70000", "2008-04-30": "1387.00000", "2008-01-31": "1382.60000", "2007-10-31": "1382.70000", "2007-07-31": "1364.80000", "2007-04-30": "1354.00000", "2007-01-31": "1349.30000", "2006-10-31": "766.40000", "2006-07-31": "766.40000", "2006-04-30": "517.00000", "2006-01-31": "520.30000", "2005-10-31": "519.40000", "2005-07-31": "520.00000", "2005-04-30": "527.00000", "2005-01-31": "617.20000"}, "Other Long-Term Assets": {"2020-10-31": "236.00000", "2020-07-31": "236.00000", "2020-04-30": "247.00000", "2020-01-31": "246.00000", "2019-10-31": "253.00000", "2019-07-31": "246.00000", "2019-04-30": "190.00000", "2019-01-31": "182.00000", "2018-10-31": "207.00000", "2018-07-31": "195.00000", "2018-04-30": "192.00000", "2018-01-31": "170.00000", "2017-10-31": "147.00000", "2017-07-31": "147.00000", "2017-04-30": "151.00000", "2017-01-31": "156.00000", "2016-10-31": "140.00000", "2016-07-31": "128.00000", "2016-04-30": "119.00000", "2016-01-31": "122.00000", "2015-10-31": "121.00000", "2015-07-31": "127.00000", "2015-04-30": "112.00000", "2015-01-31": "143.00000", "2014-10-31": "106.00000", "2014-07-31": "92.00000", "2014-04-30": "85.00000", "2014-01-31": "88.00000", "2013-10-31": "62.00000", "2013-07-31": "66.00000", "2013-04-30": "56.00000", "2013-01-31": "58.80000", "2012-10-31": "38.70000", "2012-07-31": "41.60000", "2012-04-30": "38.00000", "2012-01-31": "43.80000", "2011-10-31": "40.70000", "2011-07-31": "40.50000", "2011-04-30": "36.00000", "2011-01-31": "39.20000", "2010-10-31": "36.50000", "2010-07-31": "41.90000", "2010-04-30": "42.00000", "2010-01-31": "45.20000", "2009-10-31": "45.50000", "2009-07-31": "47.60000", "2009-04-30": "46.00000", "2009-01-31": "39.90000", "2008-10-31": "36.50000", "2008-07-31": "37.90000", "2008-04-30": "61.00000", "2008-01-31": "38.30000", "2007-10-31": "37.90000", "2007-07-31": "33.90000", "2007-04-30": "33.00000", "2007-01-31": "37.20000", "2006-10-31": "35.20000", "2006-07-31": "22.10000", "2006-04-30": "31.00000", "2006-01-31": "48.70000", "2005-10-31": "44.60000", "2005-07-31": "193.70000", "2005-04-30": "259.00000", "2005-01-31": "45.50000"}, "Total Long-Term Assets": {"2020-10-31": "2535.00000", "2020-07-31": "2545.00000", "2020-04-30": "2501.00000", "2020-01-31": "2524.00000", "2019-10-31": "2514.00000", "2019-07-31": "2485.00000", "2019-04-30": "2420.00000", "2019-01-31": "2408.00000", "2018-10-31": "2406.00000", "2018-07-31": "2402.00000", "2018-04-30": "2421.00000", "2018-01-31": "2401.00000", "2017-10-31": "2317.00000", "2017-07-31": "2299.00000", "2017-04-30": "2274.00000", "2017-01-31": "2223.00000", "2016-10-31": "2190.00000", "2016-07-31": "2194.00000", "2016-04-30": "1950.00000", "2016-01-31": "1928.00000", "2015-10-31": "1971.00000", "2015-07-31": "1963.00000", "2015-04-30": "1934.00000", "2015-01-31": "1952.00000", "2014-10-31": "1944.00000", "2014-07-31": "1932.00000", "2014-04-30": "1926.00000", "2014-01-31": "1890.00000", "2013-10-31": "1849.00000", "2013-07-31": "1825.00000", "2013-04-30": "1805.00000", "2013-01-31": "1785.90000", "2012-10-31": "1748.90000", "2012-07-31": "1733.50000", "2012-04-30": "1728.00000", "2012-01-31": "1723.30000", "2011-10-31": "1728.00000", "2011-07-31": "1737.60000", "2011-04-30": "1736.00000", "2011-01-31": "1836.20000", "2010-10-31": "1836.40000", "2010-07-31": "1837.40000", "2010-04-30": "1856.00000", "2010-01-31": "1869.90000", "2009-10-31": "1900.60000", "2009-07-31": "1904.20000", "2009-04-30": "1901.00000", "2009-01-31": "1905.30000", "2008-10-31": "1907.60000", "2008-07-31": "1954.50000", "2008-04-30": "1949.00000", "2008-01-31": "1947.70000", "2007-10-31": "1951.10000", "2007-07-31": "1926.80000", "2007-04-30": "1916.00000", "2007-01-31": "2016.60000", "2006-10-31": "1369.20000", "2006-07-31": "1370.10000", "2006-04-30": "1119.00000", "2006-01-31": "1124.80000", "2005-10-31": "1108.10000", "2005-07-31": "1256.40000", "2005-04-30": "1334.00000", "2005-01-31": "1311.30000"}, "Total Assets": {"2020-10-31": "6350.00000", "2020-07-31": "6191.00000", "2020-04-30": "5766.00000", "2020-01-31": "5518.00000", "2019-10-31": "5553.00000", "2019-07-31": "5322.00000", "2019-04-30": "5139.00000", "2019-01-31": "5163.00000", "2018-10-31": "5149.00000", "2018-07-31": "5025.00000", "2018-04-30": "4976.00000", "2018-01-31": "5042.00000", "2017-10-31": "4978.00000", "2017-07-31": "4802.00000", "2017-04-30": "4625.00000", "2017-01-31": "4600.00000", "2016-10-31": "4720.00000", "2016-07-31": "4755.00000", "2016-04-30": "4183.00000", "2016-01-31": "4333.00000", "2015-10-31": "4319.00000", "2015-07-31": "4334.00000", "2015-04-30": "4188.00000", "2015-01-31": "4161.00000", "2014-10-31": "4243.00000", "2014-07-31": "4191.00000", "2014-04-30": "4103.00000", "2014-01-31": "3993.00000", "2013-10-31": "3882.00000", "2013-07-31": "3686.00000", "2013-04-30": "3626.00000", "2013-01-31": "3832.30000", "2012-10-31": "3803.90000", "2012-07-31": "3583.00000", "2012-04-30": "3477.00000", "2012-01-31": "3676.40000", "2011-10-31": "3673.60000", "2011-07-31": "3749.20000", "2011-04-30": "3712.00000", "2011-01-31": "3522.90000", "2010-10-31": "3440.10000", "2010-07-31": "3381.90000", "2010-04-30": "3383.00000", "2010-01-31": "3418.30000", "2009-10-31": "3585.00000", "2009-07-31": "3444.20000", "2009-04-30": "3475.00000", "2009-01-31": "3499.80000", "2008-10-31": "3680.60000", "2008-07-31": "3448.90000", "2008-04-30": "3405.00000", "2008-01-31": "3391.60000", "2007-10-31": "3546.30000", "2007-07-31": "3342.20000", "2007-04-30": "3551.00000", "2007-01-31": "3730.80000", "2006-10-31": "2925.20000", "2006-07-31": "2756.60000", "2006-04-30": "2728.00000", "2006-01-31": "2654.60000", "2005-10-31": "2591.80000", "2005-07-31": "2596.70000", "2005-04-30": "2649.00000", "2005-01-31": "2622.20000"}, "Total Current Liabilities": {"2020-10-31": "1022.00000", "2020-07-31": "1091.00000", "2020-04-30": "880.00000", "2020-01-31": "664.00000", "2019-10-31": "771.00000", "2019-07-31": "867.00000", "2019-04-30": "703.00000", "2019-01-31": "895.00000", "2018-10-31": "895.00000", "2018-07-31": "868.00000", "2018-04-30": "821.00000", "2018-01-31": "1486.00000", "2017-10-31": "1052.00000", "2017-07-31": "1089.00000", "2017-04-30": "970.00000", "2017-01-31": "1130.00000", "2016-10-31": "904.00000", "2016-07-31": "874.00000", "2016-04-30": "791.00000", "2016-01-31": "1100.00000", "2015-10-31": "1130.00000", "2015-07-31": "833.00000", "2015-04-30": "958.00000", "2015-01-31": "860.00000", "2014-10-31": "678.00000", "2014-07-31": "637.00000", "2014-04-30": "561.00000", "2014-01-31": "604.00000", "2013-10-31": "542.00000", "2013-07-31": "515.00000", "2013-04-30": "473.00000", "2013-01-31": "807.30000", "2012-10-31": "505.90000", "2012-07-31": "476.30000", "2012-04-30": "404.00000", "2012-01-31": "725.60000", "2011-10-31": "752.70000", "2011-07-31": "766.90000", "2011-04-30": "707.00000", "2011-01-31": "437.60000", "2010-10-31": "542.50000", "2010-07-31": "607.70000", "2010-04-30": "546.00000", "2010-01-31": "684.00000", "2009-10-31": "869.80000", "2009-07-31": "811.10000", "2009-04-30": "836.00000", "2009-01-31": "746.00000", "2008-10-31": "1166.30000", "2008-07-31": "1025.80000", "2008-04-30": "984.00000", "2008-01-31": "1007.60000", "2007-10-31": "1123.10000", "2007-07-31": "1075.50000", "2007-04-30": "1347.00000", "2007-01-31": "1337.70000", "2006-10-31": "590.30000", "2006-07-31": "562.70000", "2006-04-30": "569.00000", "2006-01-31": "591.00000", "2005-10-31": "590.50000", "2005-07-31": "645.20000", "2005-04-30": "638.00000", "2005-01-31": "489.20000"}, "Long Term Debt": {"2020-10-31": "2309.00000", "2020-07-31": "2316.00000", "2020-04-30": "2269.00000", "2020-01-31": "2293.00000", "2019-10-31": "2288.00000", "2019-07-31": "2267.00000", "2019-04-30": "2290.00000", "2019-01-31": "2301.00000", "2018-10-31": "2288.00000", "2018-07-31": "2310.00000", "2018-04-30": "2341.00000", "2018-01-31": "1770.00000", "2017-10-31": "1719.00000", "2017-07-31": "1720.00000", "2017-04-30": "1689.00000", "2017-01-31": "1669.00000", "2016-10-31": "1917.00000", "2016-07-31": "1953.00000", "2016-04-30": "1230.00000", "2016-01-31": "1229.00000", "2015-10-31": "1229.00000", "2015-07-31": "1229.00000", "2015-04-30": "743.00000", "2015-01-31": "748.00000", "2014-10-31": "998.00000", "2014-07-31": "998.00000", "2014-04-30": "997.00000", "2014-01-31": "997.00000", "2013-10-31": "997.00000", "2013-07-31": "997.00000", "2013-04-30": "997.00000", "2013-01-31": "996.60000", "2012-10-31": "501.40000", "2012-07-31": "502.10000", "2012-04-30": "503.00000", "2012-01-31": "503.50000", "2011-10-31": "504.20000", "2011-07-31": "505.10000", "2011-04-30": "504.00000", "2011-01-31": "756.70000", "2010-10-31": "508.50000", "2010-07-31": "508.80000", "2010-04-30": "508.00000", "2010-01-31": "508.30000", "2009-10-31": "508.50000", "2009-07-31": "509.10000", "2009-04-30": "509.00000", "2009-01-31": "660.60000", "2008-10-31": "412.30000", "2008-07-31": "416.70000", "2008-04-30": "417.00000", "2008-01-31": "417.30000", "2007-10-31": "418.20000", "2007-07-31": "421.40000", "2007-04-30": "422.00000", "2007-01-31": "369.30000", "2006-10-31": "353.70000", "2006-07-31": "353.60000", "2006-04-30": "351.00000", "2006-01-31": "351.90000", "2005-10-31": "351.80000", "2005-07-31": "351.60000", "2005-04-30": "351.00000", "2005-01-31": "600.80000"}, "Other Non-Current Liabilities": {"2020-10-31": "173.00000", "2020-07-31": "181.00000", "2020-04-30": "168.00000", "2020-01-31": "171.00000", "2019-10-31": "192.00000", "2019-07-31": "180.00000", "2019-04-30": "157.00000", "2019-01-31": "157.00000", "2018-10-31": "163.00000", "2018-07-31": "168.00000", "2018-04-30": "222.00000", "2018-01-31": "242.00000", "2017-10-31": "134.00000", "2017-07-31": "140.00000", "2017-04-30": "130.00000", "2017-01-31": "131.00000", "2016-10-31": "131.00000", "2016-07-31": "132.00000", "2016-04-30": "146.00000", "2016-01-31": "144.00000", "2015-10-31": "143.00000", "2015-07-31": "149.00000", "2015-04-30": "164.00000", "2015-01-31": "154.00000", "2014-10-31": "153.00000", "2014-07-31": "154.00000", "2014-04-30": "167.00000", "2014-01-31": "161.00000", "2013-10-31": "64.00000", "2013-07-31": "57.00000", "2013-04-30": "68.00000", "2013-01-31": "69.90000", "2012-10-31": "63.50000", "2012-07-31": "53.40000", "2012-04-30": "65.00000", "2012-01-31": "65.70000", "2011-10-31": "77.00000", "2011-07-31": "77.20000", "2011-04-30": "88.00000", "2011-01-31": "66.40000", "2010-10-31": "63.60000", "2010-07-31": "58.90000", "2010-04-30": "69.00000", "2010-01-31": "63.00000", "2009-10-31": "58.10000", "2009-07-31": "52.50000", "2009-04-30": "59.00000", "2009-01-31": "57.30000", "2008-10-31": "66.30000", "2008-07-31": "58.00000", "2008-04-30": "69.00000", "2008-01-31": "72.40000", "2007-10-31": "65.70000", "2007-07-31": "60.50000", "2007-04-30": "30.00000", "2007-01-31": "26.00000", "2006-10-31": "19.30000", "2006-07-31": "17.90000", "2006-04-30": "34.00000", "2006-01-31": "26.50000", "2005-10-31": "22.70000", "2005-07-31": "103.10000", "2005-04-30": "114.00000", "2005-01-31": "34.20000"}, "Total Long Term Liabilities": {"2020-10-31": "2925.00000", "2020-07-31": "2950.00000", "2020-04-30": "2911.00000", "2020-01-31": "2849.00000", "2019-10-31": "2840.00000", "2019-07-31": "2792.00000", "2019-04-30": "2789.00000", "2019-01-31": "2775.00000", "2018-10-31": "2757.00000", "2018-07-31": "2789.00000", "2018-04-30": "2839.00000", "2018-01-31": "2355.00000", "2017-10-31": "2279.00000", "2017-07-31": "2293.00000", "2017-04-30": "2285.00000", "2017-01-31": "2286.00000", "2016-10-31": "2533.00000", "2016-07-31": "2551.00000", "2016-04-30": "1830.00000", "2016-01-31": "1816.00000", "2015-10-31": "1788.00000", "2015-07-31": "1794.00000", "2015-04-30": "1325.00000", "2015-01-31": "1260.00000", "2014-10-31": "1490.00000", "2014-07-31": "1500.00000", "2014-04-30": "1510.00000", "2014-01-31": "1500.00000", "2013-10-31": "1502.00000", "2013-07-31": "1505.00000", "2013-04-30": "1525.00000", "2013-01-31": "1506.20000", "2012-10-31": "993.20000", "2012-07-31": "984.70010", "2012-04-30": "1004.00000", "2012-01-31": "916.10000", "2011-10-31": "914.70000", "2011-07-31": "912.10000", "2011-04-30": "945.00000", "2011-01-31": "1211.60000", "2010-10-31": "922.20000", "2010-07-31": "907.30000", "2010-04-30": "942.00000", "2010-01-31": "852.49990", "2009-10-31": "841.00000", "2009-07-31": "830.10000", "2009-04-30": "823.00000", "2009-01-31": "942.20000", "2008-10-31": "702.10000", "2008-07-31": "672.10000", "2008-04-30": "696.00000", "2008-01-31": "689.40000", "2007-10-31": "673.20000", "2007-07-31": "659.80000", "2007-04-30": "631.00000", "2007-01-31": "603.90000", "2006-10-31": "585.30000", "2006-07-31": "580.10000", "2006-04-30": "596.00000", "2006-01-31": "602.00000", "2005-10-31": "601.30000", "2005-07-31": "689.30000", "2005-04-30": "701.00000", "2005-01-31": "891.80000"}, "Total Liabilities": {"2020-10-31": "3947.00000", "2020-07-31": "4041.00000", "2020-04-30": "3791.00000", "2020-01-31": "3513.00000", "2019-10-31": "3611.00000", "2019-07-31": "3659.00000", "2019-04-30": "3492.00000", "2019-01-31": "3670.00000", "2018-10-31": "3652.00000", "2018-07-31": "3657.00000", "2018-04-30": "3660.00000", "2018-01-31": "3841.00000", "2017-10-31": "3331.00000", "2017-07-31": "3382.00000", "2017-04-30": "3255.00000", "2017-01-31": "3416.00000", "2016-10-31": "3437.00000", "2016-07-31": "3425.00000", "2016-04-30": "2621.00000", "2016-01-31": "2916.00000", "2015-10-31": "2918.00000", "2015-07-31": "2627.00000", "2015-04-30": "2283.00000", "2015-01-31": "2120.00000", "2014-10-31": "2168.00000", "2014-07-31": "2137.00000", "2014-04-30": "2071.00000", "2014-01-31": "2104.00000", "2013-10-31": "2044.00000", "2013-07-31": "2020.00000", "2013-04-30": "1998.00000", "2013-01-31": "2313.50000", "2012-10-31": "1499.10000", "2012-07-31": "1461.00000", "2012-04-30": "1408.00000", "2012-01-31": "1641.70000", "2011-10-31": "1667.40000", "2011-07-31": "1679.00000", "2011-04-30": "1652.00000", "2011-01-31": "1649.20000", "2010-10-31": "1464.70000", "2010-07-31": "1515.00000", "2010-04-30": "1488.00000", "2010-01-31": "1536.50000", "2009-10-31": "1710.80000", "2009-07-31": "1641.20000", "2009-04-30": "1659.00000", "2009-01-31": "1688.20000", "2008-10-31": "1868.40000", "2008-07-31": "1697.90000", "2008-04-30": "1680.00000", "2008-01-31": "1697.00000", "2007-10-31": "1796.30000", "2007-07-31": "1735.30000", "2007-04-30": "1978.00000", "2007-01-31": "1941.60000", "2006-10-31": "1175.60000", "2006-07-31": "1142.80000", "2006-04-30": "1165.00000", "2006-01-31": "1193.00000", "2005-10-31": "1191.80000", "2005-07-31": "1334.50000", "2005-04-30": "1339.00000", "2005-01-31": "1381.00000"}, "Common Stock Net": {"2020-10-31": "72.00000", "2020-07-31": "72.00000", "2020-04-30": "72.00000", "2020-01-31": "72.00000", "2019-10-31": "72.00000", "2019-07-31": "72.00000", "2019-04-30": "72.00000", "2019-01-31": "72.00000", "2018-10-31": "72.00000", "2018-07-31": "72.00000", "2018-04-30": "72.00000", "2018-01-31": "72.00000", "2017-10-31": "58.00000", "2017-07-31": "58.00000", "2017-04-30": "68.00000", "2017-01-31": "68.00000", "2016-10-31": "68.00000", "2016-07-31": "68.00000", "2016-04-30": "34.00000", "2016-01-31": "34.00000", "2015-10-31": "34.00000", "2015-07-31": "34.00000", "2015-04-30": "34.00000", "2015-01-31": "34.00000", "2014-10-31": "34.00000", "2014-07-31": "34.00000", "2014-04-30": "34.00000", "2014-01-31": "34.00000", "2013-10-31": "34.00000", "2013-07-31": "34.00000", "2013-04-30": "34.00000", "2013-01-31": "34.10000", "2012-10-31": "34.10000", "2012-07-31": "34.10000", "2012-04-30": "24.00000", "2012-01-31": "23.40000", "2011-10-31": "23.40000", "2011-07-31": "23.40000", "2011-04-30": "24.00000", "2011-01-31": "23.40000", "2010-10-31": "23.40000", "2010-07-31": "23.40000", "2010-04-30": "24.00000", "2010-01-31": "23.40000", "2009-10-31": "23.40000", "2009-07-31": "23.40000", "2009-04-30": "24.00000", "2009-01-31": "23.40000", "2008-10-31": "23.40000", "2008-07-31": "18.90000", "2008-04-30": "19.00000", "2008-01-31": "18.90000", "2007-10-31": "18.90000", "2007-07-31": "18.90000", "2007-04-30": "19.00000", "2007-01-31": "18.90000", "2006-10-31": "18.90000", "2006-07-31": "18.90000", "2006-04-30": "19.00000", "2006-01-31": "18.90000", "2005-10-31": "18.90000", "2005-07-31": "18.90000", "2005-04-30": "19.00000", "2005-01-31": "18.90000"}, "Retained Earnings (Accumulated Deficit)": {"2020-10-31": "3082.00000", "2020-07-31": "2849.00000", "2020-04-30": "2708.00000", "2020-01-31": "2588.00000", "2019-10-31": "2544.00000", "2019-07-31": "2282.00000", "2019-04-30": "2238.00000", "2019-01-31": "2085.00000", "2018-10-31": "2016.00000", "2018-07-31": "1767.00000", "2018-04-30": "1730.00000", "2018-01-31": "1620.00000", "2017-10-31": "2063.00000", "2017-07-31": "1824.00000", "2017-04-30": "4470.00000", "2017-01-31": "4326.00000", "2016-10-31": "4283.00000", "2016-07-31": "4085.00000", "2016-04-30": "4065.00000", "2016-01-31": "3561.00000", "2015-10-31": "3508.00000", "2015-07-31": "3309.00000", "2015-04-30": "3300.00000", "2015-01-31": "3166.00000", "2014-10-31": "3114.00000", "2014-07-31": "2908.00000", "2014-04-30": "2894.00000", "2014-01-31": "2777.00000", "2013-10-31": "2729.00000", "2013-07-31": "2527.00000", "2013-04-30": "2500.00000", "2013-01-31": "2391.90000", "2012-10-31": "3207.80000", "2012-07-31": "3057.00000", "2012-04-30": "3031.00000", "2012-01-31": "2927.00000", "2011-10-31": "2893.20000", "2011-07-31": "2735.40000", "2011-04-30": "2710.00000", "2011-01-31": "2544.60000", "2010-10-31": "2641.90000", "2010-07-31": "2487.90000", "2010-04-30": "2464.00000", "2010-01-31": "2391.80000", "2009-10-31": "2372.00000", "2009-07-31": "2224.60000", "2009-04-30": "2189.00000", "2009-01-31": "2109.60000", "2008-10-31": "2072.90000", "2008-07-31": "1934.30000", "2008-04-30": "1931.00000", "2008-01-31": "1832.20000", "2007-10-31": "1799.50000", "2007-07-31": "1670.20000", "2007-04-30": "1649.00000", "2007-01-31": "1796.20000", "2006-10-31": "1765.50000", "2006-07-31": "1639.80000", "2006-04-30": "1607.00000", "2006-01-31": "1530.40000", "2005-10-31": "1478.30000", "2005-07-31": "1369.10000", "2005-04-30": "1415.00000", "2005-01-31": "1376.10000"}, "Comprehensive Income": {"2020-10-31": "-508.00000", "2020-07-31": "-523.00000", "2020-04-30": "-547.00000", "2020-01-31": "-392.00000", "2019-10-31": "-400.00000", "2019-07-31": "-407.00000", "2019-04-30": "-363.00000", "2019-01-31": "-360.00000", "2018-10-31": "-365.00000", "2018-07-31": "-364.00000", "2018-04-30": "-378.00000", "2018-01-31": "-382.00000", "2017-10-31": "-391.00000", "2017-07-31": "-376.00000", "2017-04-30": "-390.00000", "2017-01-31": "-433.00000", "2016-10-31": "-407.00000", "2016-07-31": "-402.00000", "2016-04-30": "-350.00000", "2016-01-31": "-323.00000", "2015-10-31": "-306.00000", "2015-07-31": "-304.00000", "2015-04-30": "-300.00000", "2015-01-31": "-215.00000", "2014-10-31": "-191.00000", "2014-07-31": "-195.00000", "2014-04-30": "-188.00000", "2014-01-31": "-203.00000", "2013-10-31": "-201.00000", "2013-07-31": "-212.00000", "2013-04-30": "-211.00000", "2013-01-31": "-212.70000", "2012-10-31": "-223.00000", "2012-07-31": "-211.30000", "2012-04-30": "-223.00000", "2012-01-31": "-160.90000", "2011-10-31": "-158.40000", "2011-07-31": "-132.00000", "2011-04-30": "-179.00000", "2011-01-31": "-167.60000", "2010-10-31": "-173.70000", "2010-07-31": "-184.90000", "2010-04-30": "-187.00000", "2010-01-31": "-117.10000", "2009-10-31": "-122.80000", "2009-07-31": "-132.70000", "2009-04-30": "-123.00000", "2009-01-31": "-73.00000", "2008-10-31": "-57.10000", "2008-07-31": "26.80000", "2008-04-30": "-94.00000", "2008-01-31": "-23.80000", "2007-10-31": "-33.60000", "2007-07-31": "-54.30000", "2007-04-30": "-103.00000", "2007-01-31": "27.00000", "2006-10-31": "21.10000", "2006-07-31": "21.10000", "2006-04-30": "-6.00000", "2006-01-31": "6.00000", "2005-10-31": "4.90000", "2005-07-31": "-20.70000", "2005-04-30": "-38.00000", "2005-01-31": "-3.40000"}, "Other Share Holders Equity": {"2020-10-31": "", "2020-07-31": "", "2020-04-30": "", "2020-01-31": "", "2019-10-31": "", "2019-07-31": "", "2019-04-30": "", "2019-01-31": "", "2018-10-31": "", "2018-07-31": "", "2018-04-30": "", "2018-01-31": "", "2017-10-31": "", "2017-07-31": "", "2017-04-30": "", "2017-01-31": "", "2016-10-31": "", "2016-07-31": "", "2016-04-30": "", "2016-01-31": "", "2015-10-31": "", "2015-07-31": "", "2015-04-30": "", "2015-01-31": "", "2014-10-31": "", "2014-07-31": "", "2014-04-30": "", "2014-01-31": "", "2013-10-31": "", "2013-07-31": "", "2013-04-30": "", "2013-01-31": "6.30000", "2012-10-31": "", "2012-07-31": "-20.20000", "2012-04-30": "-7.00000", "2012-01-31": "", "2011-10-31": "", "2011-07-31": "", "2011-04-30": "48.00000", "2011-01-31": "", "2010-10-31": "", "2010-07-31": "", "2010-04-30": "11.00000", "2010-01-31": "", "2009-10-31": "", "2009-07-31": "", "2009-04-30": "-10.00000", "2009-01-31": "", "2008-10-31": "", "2008-07-31": "", "2008-04-30": "99.00000", "2008-01-31": "", "2007-10-31": "", "2007-07-31": "", "2007-04-30": "46.00000", "2007-01-31": "", "2006-10-31": "", "2006-07-31": "", "2006-04-30": "24.00000", "2006-01-31": "", "2005-10-31": "", "2005-07-31": "", "2005-04-30": "27.00000", "2005-01-31": ""}, "Share Holder Equity": {"2020-10-31": "2403.00000", "2020-07-31": "2150.00000", "2020-04-30": "1975.00000", "2020-01-31": "2005.00000", "2019-10-31": "1942.00000", "2019-07-31": "1663.00000", "2019-04-30": "1647.00000", "2019-01-31": "1493.00000", "2018-10-31": "1497.00000", "2018-07-31": "1368.00000", "2018-04-30": "1316.00000", "2018-01-31": "1201.00000", "2017-10-31": "1647.00000", "2017-07-31": "1420.00000", "2017-04-30": "1370.00000", "2017-01-31": "1184.00000", "2016-10-31": "1283.00000", "2016-07-31": "1330.00000", "2016-04-30": "1562.00000", "2016-01-31": "1417.00000", "2015-10-31": "1401.00000", "2015-07-31": "1707.00000", "2015-04-30": "1905.00000", "2015-01-31": "2041.00000", "2014-10-31": "2075.00000", "2014-07-31": "2054.00000", "2014-04-30": "2032.00000", "2014-01-31": "1889.00000", "2013-10-31": "1838.00000", "2013-07-31": "1666.00000", "2013-04-30": "1628.00000", "2013-01-31": "1518.80000", "2012-10-31": "2304.80000", "2012-07-31": "2122.00000", "2012-04-30": "2069.00000", "2012-01-31": "2034.70000", "2011-10-31": "2006.20000", "2011-07-31": "2070.20000", "2011-04-30": "2060.00000", "2011-01-31": "1873.70000", "2010-10-31": "1975.40000", "2010-07-31": "1866.90000", "2010-04-30": "1895.00000", "2010-01-31": "1881.80000", "2009-10-31": "1874.20000", "2009-07-31": "1803.00000", "2009-04-30": "1816.00000", "2009-01-31": "1811.60000", "2008-10-31": "1812.20000", "2008-07-31": "1751.00000", "2008-04-30": "1725.00000", "2008-01-31": "1694.60000", "2007-10-31": "1750.00000", "2007-07-31": "1606.90000", "2007-04-30": "1573.00000", "2007-01-31": "1789.20000", "2006-10-31": "1749.60000", "2006-07-31": "1613.80000", "2006-04-30": "1563.00000", "2006-01-31": "1461.60000", "2005-10-31": "1400.00000", "2005-07-31": "1262.20000", "2005-04-30": "1310.00000", "2005-01-31": "1241.20000"}, "Total Liabilities And Share Holders Equity": {"2020-10-31": "6350.00000", "2020-07-31": "6191.00000", "2020-04-30": "5766.00000", "2020-01-31": "5518.00000", "2019-10-31": "5553.00000", "2019-07-31": "5322.00000", "2019-04-30": "5139.00000", "2019-01-31": "5163.00000", "2018-10-31": "5149.00000", "2018-07-31": "5025.00000", "2018-04-30": "4976.00000", "2018-01-31": "5042.00000", "2017-10-31": "4978.00000", "2017-07-31": "4802.00000", "2017-04-30": "4625.00000", "2017-01-31": "4600.00000", "2016-10-31": "4720.00000", "2016-07-31": "4755.00000", "2016-04-30": "4183.00000", "2016-01-31": "4333.00000", "2015-10-31": "4319.00000", "2015-07-31": "4334.00000", "2015-04-30": "4188.00000", "2015-01-31": "4161.00000", "2014-10-31": "4243.00000", "2014-07-31": "4191.00000", "2014-04-30": "4103.00000", "2014-01-31": "3993.00000", "2013-10-31": "3882.00000", "2013-07-31": "3686.00000", "2013-04-30": "3626.00000", "2013-01-31": "3832.30000", "2012-10-31": "3803.90000", "2012-07-31": "3583.00000", "2012-04-30": "3477.00000", "2012-01-31": "3676.40000", "2011-10-31": "3673.60000", "2011-07-31": "3749.20000", "2011-04-30": "3712.00000", "2011-01-31": "3522.90000", "2010-10-31": "3440.10000", "2010-07-31": "3381.90000", "2010-04-30": "3383.00000", "2010-01-31": "3418.30000", "2009-10-31": "3585.00000", "2009-07-31": "3444.20000", "2009-04-30": "3475.00000", "2009-01-31": "3499.80000", "2008-10-31": "3680.60000", "2008-07-31": "3448.90000", "2008-04-30": "3405.00000", "2008-01-31": "3391.60000", "2007-10-31": "3546.30000", "2007-07-31": "3342.20000", "2007-04-30": "3551.00000", "2007-01-31": "3730.80000", "2006-10-31": "2925.20000", "2006-07-31": "2756.60000", "2006-04-30": "2728.00000", "2006-01-31": "2654.60000", "2005-10-31": "2591.80000", "2005-07-31": "2596.70000", "2005-04-30": "2649.00000", "2005-01-31": "2622.20000"}}, "cash flow statement": {"Net Income/Loss": {"2020-04-30": "827.00000", "2019-04-30": "835.00000", "2018-04-30": "717.00000", "2017-04-30": "669.00000", "2016-04-30": "1067.00000", "2015-04-30": "684.00000", "2014-04-30": "659.00000", "2013-04-30": "591.00000", "2012-04-30": "513.00000", "2011-04-30": "572.00000", "2010-04-30": "449.00000", "2009-04-30": "435.00000", "2008-04-30": "440.00000", "2007-04-30": "389.00000", "2006-04-30": "320.00000", "2005-04-30": "308.00000"}, "Total Depreciation And Amortization - Cash Flow": {"2020-04-30": "74.00000", "2019-04-30": "72.00000", "2018-04-30": "64.00000", "2017-04-30": "58.00000", "2016-04-30": "56.00000", "2015-04-30": "51.00000", "2014-04-30": "50.00000", "2013-04-30": "51.00000", "2012-04-30": "49.00000", "2011-04-30": "56.00000", "2010-04-30": "59.00000", "2009-04-30": "55.00000", "2008-04-30": "52.00000", "2007-04-30": "44.00000", "2006-04-30": "42.00000", "2005-04-30": "43.00000"}, "Other Non-Cash Items": {"2020-04-30": "78.00000", "2019-04-30": "56.00000", "2018-04-30": "33.00000", "2017-04-30": "15.00000", "2016-04-30": "-458.00000", "2015-04-30": "30.00000", "2014-04-30": "9.00000", "2013-04-30": "39.00000", "2012-04-30": "63.00000", "2011-04-30": "-4.00000", "2010-04-30": "30.00000", "2009-04-30": "21.00000", "2008-04-30": "12.00000", "2007-04-30": "7.00000", "2006-04-30": "31.00000", "2005-04-30": "6.00000"}, "Total Non-Cash Items": {"2020-04-30": "152.00000", "2019-04-30": "128.00000", "2018-04-30": "97.00000", "2017-04-30": "73.00000", "2016-04-30": "-402.00000", "2015-04-30": "81.00000", "2014-04-30": "59.00000", "2013-04-30": "90.00000", "2012-04-30": "112.00000", "2011-04-30": "52.00000", "2010-04-30": "89.00000", "2009-04-30": "76.00000", "2008-04-30": "64.00000", "2007-04-30": "51.00000", "2006-04-30": "73.00000", "2005-04-30": "49.00000"}, "Change In Accounts Receivable": {"2020-04-30": "12.00000", "2019-04-30": "23.00000", "2018-04-30": "-70.00000", "2017-04-30": "6.00000", "2016-04-30": "8.00000", "2015-04-30": "-50.00000", "2014-04-30": "-34.00000", "2013-04-30": "-65.00000", "2012-04-30": "2.00000", "2011-04-30": "-57.00000", "2010-04-30": "-35.00000", "2009-04-30": "33.00000", "2008-04-30": "-43.00000", "2007-04-30": "-47.00000", "2006-04-30": "-21.00000", "2005-04-30": "-3.00000"}, "Change In Inventories": {"2020-04-30": "-203.00000", "2019-04-30": "-162.00000", "2018-04-30": "-102.00000", "2017-04-30": "-86.00000", "2016-04-30": "-127.00000", "2015-04-30": "-102.00000", "2014-04-30": "-67.00000", "2013-04-30": "-105.00000", "2012-04-30": "-88.00000", "2011-04-30": "-42.00000", "2010-04-30": "21.00000", "2009-04-30": "-34.00000", "2008-04-30": "-3.00000", "2007-04-30": "-41.00000", "2006-04-30": "-37.00000", "2005-04-30": "-27.00000"}, "Change In Accounts Payable": {"2020-04-30": "", "2019-04-30": "", "2018-04-30": "", "2017-04-30": "", "2016-04-30": "", "2015-04-30": "", "2014-04-30": "", "2013-04-30": "", "2012-04-30": "", "2011-04-30": "", "2010-04-30": "", "2009-04-30": "", "2008-04-30": "", "2007-04-30": "", "2006-04-30": "", "2005-04-30": ""}, "Change In Assets/Liabilities": {"2020-04-30": "-52.00000", "2019-04-30": "35.00000", "2018-04-30": "-55.00000", "2017-04-30": "22.00000", "2016-04-30": "-58.00000", "2015-04-30": "-11.00000", "2014-04-30": "-59.00000", "2013-04-30": "-49.00000", "2012-04-30": "-29.00000", "2011-04-30": "-26.00000", "2010-04-30": "37.00000", "2009-04-30": "-15.00000", "2008-04-30": "67.00000", "2007-04-30": "9.00000", "2006-04-30": "-2.00000", "2005-04-30": "21.00000"}, "Total Change In Assets/Liabilities": {"2020-04-30": "-255.00000", "2019-04-30": "-163.00000", "2018-04-30": "-161.00000", "2017-04-30": "-86.00000", "2016-04-30": "-141.00000", "2015-04-30": "-157.00000", "2014-04-30": "-69.00000", "2013-04-30": "-144.00000", "2012-04-30": "-109.00000", "2011-04-30": "-97.00000", "2010-04-30": "7.00000", "2009-04-30": "-20.00000", "2008-04-30": "30.00000", "2007-04-30": "-85.00000", "2006-04-30": "-50.00000", "2005-04-30": "39.00000"}, "Cash Flow From Operating Activities": {"2020-04-30": "724.00000", "2019-04-30": "800.00000", "2018-04-30": "653.00000", "2017-04-30": "656.00000", "2016-04-30": "524.00000", "2015-04-30": "608.00000", "2014-04-30": "649.00000", "2013-04-30": "537.00000", "2012-04-30": "516.00000", "2011-04-30": "527.00000", "2010-04-30": "545.00000", "2009-04-30": "491.00000", "2008-04-30": "534.00000", "2007-04-30": "355.00000", "2006-04-30": "343.00000", "2005-04-30": "396.00000"}, "Net Change In Property, Plant, And Equipment": {"2020-04-30": "-113.00000", "2019-04-30": "-119.00000", "2018-04-30": "-127.00000", "2017-04-30": "-112.00000", "2016-04-30": "-108.00000", "2015-04-30": "-120.00000", "2014-04-30": "-124.00000", "2013-04-30": "-95.00000", "2012-04-30": "-58.00000", "2011-04-30": "-27.00000", "2010-04-30": "-32.00000", "2009-04-30": "-49.00000", "2008-04-30": "-35.00000", "2007-04-30": "-44.00000", "2006-04-30": "-44.00000", "2005-04-30": "-44.00000"}, "Net Change In Intangible Assets": {"2020-04-30": "-6.00000", "2019-04-30": "-2.00000", "2018-04-30": "-1.00000", "2017-04-30": "-3.00000", "2016-04-30": "-2.00000", "2015-04-30": "-5.00000", "2014-04-30": "-3.00000", "2013-04-30": "-2.00000", "2012-04-30": "-10.00000", "2011-04-30": "-4.00000", "2010-04-30": "-3.00000", "2009-04-30": "12.00000", "2008-04-30": "-25.00000", "2007-04-30": "-34.00000", "2006-04-30": "-1.00000", "2005-04-30": "-4.00000"}, "Net Acquisitions/Divestitures": {"2020-04-30": "-22.00000", "2019-04-30": "", "2018-04-30": "", "2017-04-30": "-307.00000", "2016-04-30": "543.00000", "2015-04-30": "", "2014-04-30": "", "2013-04-30": "", "2012-04-30": "", "2011-04-30": "234.00000", "2010-04-30": "", "2009-04-30": "", "2008-04-30": "", "2007-04-30": "-1033.00000", "2006-04-30": "205.00000", "2005-04-30": "-64.00000"}, "Net Change In Short-term Investments": {"2020-04-30": "", "2019-04-30": "", "2018-04-30": "", "2017-04-30": "", "2016-04-30": "", "2015-04-30": "", "2014-04-30": "", "2013-04-30": "", "2012-04-30": "", "2011-04-30": "", "2010-04-30": "", "2009-04-30": "", "2008-04-30": "86.00000", "2007-04-30": "74.00000", "2006-04-30": "-160.00000", "2005-04-30": ""}, "Net Change In Long-Term Investments": {"2020-04-30": "", "2019-04-30": "", "2018-04-30": "", "2017-04-30": "", "2016-04-30": "", "2015-04-30": "", "2014-04-30": "", "2013-04-30": "", "2012-04-30": "", "2011-04-30": "", "2010-04-30": "", "2009-04-30": "", "2008-04-30": "", "2007-04-30": "", "2006-04-30": "", "2005-04-30": "93.00000"}, "Net Change In Investments - Total": {"2020-04-30": "", "2019-04-30": "", "2018-04-30": "", "2017-04-30": "", "2016-04-30": "", "2015-04-30": "", "2014-04-30": "", "2013-04-30": "", "2012-04-30": "", "2011-04-30": "", "2010-04-30": "", "2009-04-30": "", "2008-04-30": "86.00000", "2007-04-30": "74.00000", "2006-04-30": "-160.00000", "2005-04-30": "93.00000"}, "Investing Activities - Other": {"2020-04-30": "", "2019-04-30": "2.00000", "2018-04-30": "-21.00000", "2017-04-30": "-17.00000", "2016-04-30": "", "2015-04-30": "", "2014-04-30": "", "2013-04-30": "", "2012-04-30": "", "2011-04-30": "", "2010-04-30": "", "2009-04-30": "", "2008-04-30": "2.00000", "2007-04-30": "-1.00000", "2006-04-30": "-3.00000", "2005-04-30": "3.00000"}, "Cash Flow From Investing Activities": {"2020-04-30": "-141.00000", "2019-04-30": "-119.00000", "2018-04-30": "-149.00000", "2017-04-30": "-439.00000", "2016-04-30": "433.00000", "2015-04-30": "-125.00000", "2014-04-30": "-127.00000", "2013-04-30": "-97.00000", "2012-04-30": "-68.00000", "2011-04-30": "203.00000", "2010-04-30": "-35.00000", "2009-04-30": "-37.00000", "2008-04-30": "28.00000", "2007-04-30": "-1038.00000", "2006-04-30": "-3.00000", "2005-04-30": "-16.00000"}, "Net Long-Term Debt": {"2020-04-30": "", "2019-04-30": "", "2018-04-30": "345.00000", "2017-04-30": "717.00000", "2016-04-30": "240.00000", "2015-04-30": "", "2014-04-30": "-2.00000", "2013-04-30": "494.00000", "2012-04-30": "-252.00000", "2011-04-30": "245.00000", "2010-04-30": "-153.00000", "2009-04-30": "245.00000", "2008-04-30": "-356.00000", "2007-04-30": "419.00000", "2006-04-30": "-280.00000", "2005-04-30": ""}, "Net Current Debt": {"2020-04-30": "178.00000", "2019-04-30": "-71.00000", "2018-04-30": "-3.00000", "2017-04-30": "-152.00000", "2016-04-30": "80.00000", "2015-04-30": "183.00000", "2014-04-30": "5.00000", "2013-04-30": "-1.00000", "2012-04-30": "4.00000", "2011-04-30": "-188.00000", "2010-04-30": "-149.00000", "2009-04-30": "-249.00000", "2008-04-30": "184.00000", "2007-04-30": "178.00000", "2006-04-30": "225.00000", "2005-04-30": "-50.00000"}, "Debt Issuance/Retirement Net - Total": {"2020-04-30": "178.00000", "2019-04-30": "-71.00000", "2018-04-30": "342.00000", "2017-04-30": "565.00000", "2016-04-30": "320.00000", "2015-04-30": "183.00000", "2014-04-30": "3.00000", "2013-04-30": "493.00000", "2012-04-30": "-248.00000", "2011-04-30": "57.00000", "2010-04-30": "-302.00000", "2009-04-30": "-4.00000", "2008-04-30": "-172.00000", "2007-04-30": "597.00000", "2006-04-30": "-55.00000", "2005-04-30": "-50.00000"}, "Net Common Equity Issued/Repurchased": {"2020-04-30": "-44.00000", "2019-04-30": "-218.00000", "2018-04-30": "-29.00000", "2017-04-30": "-571.00000", "2016-04-30": "-1124.00000", "2015-04-30": "-476.00000", "2014-04-30": "-68.00000", "2013-04-30": "-16.00000", "2012-04-30": "-230.00000", "2011-04-30": "-143.00000", "2010-04-30": "-164.00000", "2009-04-30": "-45.00000", "2008-04-30": "-212.00000", "2007-04-30": "27.00000", "2006-04-30": "16.00000", "2005-04-30": "6.00000"}, "Net Total Equity Issued/Repurchased": {"2020-04-30": "-44.00000", "2019-04-30": "-218.00000", "2018-04-30": "-29.00000", "2017-04-30": "-571.00000", "2016-04-30": "-1124.00000", "2015-04-30": "-476.00000", "2014-04-30": "-68.00000", "2013-04-30": "-16.00000", "2012-04-30": "-230.00000", "2011-04-30": "-143.00000", "2010-04-30": "-164.00000", "2009-04-30": "-45.00000", "2008-04-30": "-212.00000", "2007-04-30": "27.00000", "2006-04-30": "16.00000", "2005-04-30": "6.00000"}, "Total Common And Preferred Stock Dividends Paid": {"2020-04-30": "-325.00000", "2019-04-30": "-310.00000", "2018-04-30": "-773.00000", "2017-04-30": "-274.00000", "2016-04-30": "-266.00000", "2015-04-30": "-256.00000", "2014-04-30": "-233.00000", "2013-04-30": "-1063.00000", "2012-04-30": "-192.00000", "2011-04-30": "-326.00000", "2010-04-30": "-174.00000", "2009-04-30": "-169.00000", "2008-04-30": "-362.00000", "2007-04-30": "-143.00000", "2006-04-30": "-128.00000", "2005-04-30": "-111.00000"}, "Financial Activities - Other": {"2020-04-30": "", "2019-04-30": "", "2018-04-30": "-6.00000", "2017-04-30": "-5.00000", "2016-04-30": "10.00000", "2015-04-30": "18.00000", "2014-04-30": "10.00000", "2013-04-30": "10.00000", "2012-04-30": "8.00000", "2011-04-30": "6.00000", "2010-04-30": "3.00000", "2009-04-30": "2.00000", "2008-04-30": "10.00000", "2007-04-30": "6.00000", "2006-04-30": "7.00000", "2005-04-30": "2.00000"}, "Cash Flow From Financial Activities": {"2020-04-30": "-191.00000", "2019-04-30": "-599.00000", "2018-04-30": "-466.00000", "2017-04-30": "-285.00000", "2016-04-30": "-1060.00000", "2015-04-30": "-531.00000", "2014-04-30": "-288.00000", "2013-04-30": "-576.00000", "2012-04-30": "-662.00000", "2011-04-30": "-406.00000", "2010-04-30": "-637.00000", "2009-04-30": "-216.00000", "2008-04-30": "-736.00000", "2007-04-30": "487.00000", "2006-04-30": "-160.00000", "2005-04-30": "-153.00000"}, "Net Cash Flow": {"2020-04-30": "368.00000", "2019-04-30": "68.00000", "2018-04-30": "57.00000", "2017-04-30": "-81.00000", "2016-04-30": "-107.00000", "2015-04-30": "-67.00000", "2014-04-30": "233.00000", "2013-04-30": "-134.00000", "2012-04-30": "-229.00000", "2011-04-30": "335.00000", "2010-04-30": "-108.00000", "2009-04-30": "221.00000", "2008-04-30": "-164.00000", "2007-04-30": "-192.00000", "2006-04-30": "180.00000", "2005-04-30": "227.00000"}, "Stock-Based Compensation": {"2020-04-30": "11.00000", "2019-04-30": "14.00000", "2018-04-30": "19.00000", "2017-04-30": "14.00000", "2016-04-30": "15.00000", "2015-04-30": "15.00000", "2014-04-30": "13.00000", "2013-04-30": "11.00000", "2012-04-30": "9.00000", "2011-04-30": "9.00000", "2010-04-30": "8.00000", "2009-04-30": "7.00000", "2008-04-30": "10.00000", "2007-04-30": "8.00000", "2006-04-30": "9.00000", "2005-04-30": "7.00000"}, "Common Stock Dividends Paid": {"2020-04-30": "-325.00000", "2019-04-30": "-310.00000", "2018-04-30": "-773.00000", "2017-04-30": "-274.00000", "2016-04-30": "-266.00000", "2015-04-30": "-256.00000", "2014-04-30": "-233.00000", "2013-04-30": "-1063.00000", "2012-04-30": "-192.00000", "2011-04-30": "-326.00000", "2010-04-30": "-174.00000", "2009-04-30": "-169.00000", "2008-04-30": "-362.00000", "2007-04-30": "-143.00000", "2006-04-30": "-128.00000", "2005-04-30": "-111.00000"}}, "cash flow statement, quarterly": {"Net Income/Loss": {"2020-10-31": 240, "2020-07-31": "324.00000", "2020-04-30": 128, "2020-01-31": 231, "2019-10-31": 282, "2019-07-31": "186.00000", "2019-04-30": 159, "2019-01-31": 227, "2018-10-31": 249, "2018-07-31": "200.00000", "2018-04-30": 110, "2018-01-31": 190, "2017-10-31": 239, "2017-07-31": "178.00000", "2017-04-30": 145, "2017-01-31": 182, "2016-10-31": 198, "2016-07-31": "144.00000", "2016-04-30": 522, "2016-01-31": 189, "2015-10-31": 200, "2015-07-31": "156.00000", "2015-04-30": 141, "2015-01-31": 185, "2014-10-31": 208, "2014-07-31": "150.00000", "2014-04-30": 133, "2014-01-31": 177, "2013-10-31": 206, "2013-07-31": "143.00000", "2013-04-30": 113, "2013-01-31": 158, "2012-10-31": 173, "2012-07-31": "147.00000", "2012-04-30": 104.3, "2012-01-31": 133.1, "2011-10-31": 157.5, "2011-07-31": "118.10000", "2011-04-30": 165.9, "2011-01-31": 140.7, "2010-10-31": 154, "2010-07-31": "111.40000", "2010-04-30": 72.5, "2010-01-31": 107.9, "2009-10-31": 147.2, "2009-07-31": "121.40000", "2009-04-30": 80.2, "2009-01-31": 123.4, "2008-10-31": 143.2, "2008-07-31": "88.20000", "2008-04-30": 99.3, "2008-01-31": 116.1, "2007-10-31": 129.3, "2007-07-31": "95.30000", "2007-04-30": 66.3, "2007-01-31": 105.1, "2006-10-31": 123.9, "2006-07-31": "93.70000", "2006-04-30": 77.9, "2006-01-31": 120.5, "2005-10-31": 108.8, "2005-07-31": "12.80000", "2005-04-30": 60.4, "2005-01-31": 247.6}, "Total Depreciation And Amortization - Cash Flow": {"2020-10-31": 20, "2020-07-31": "19.00000", "2020-04-30": 19, "2020-01-31": 19, "2019-10-31": 18, "2019-07-31": "18.00000", "2019-04-30": 20, "2019-01-31": 16, "2018-10-31": 18, "2018-07-31": "18.00000", "2018-04-30": 16, "2018-01-31": 17, "2017-10-31": 16, "2017-07-31": "15.00000", "2017-04-30": 16, "2017-01-31": 14, "2016-10-31": 13, "2016-07-31": "15.00000", "2016-04-30": 16, "2016-01-31": 13, "2015-10-31": 14, "2015-07-31": "13.00000", "2015-04-30": 13, "2015-01-31": 13, "2014-10-31": 12, "2014-07-31": "13.00000", "2014-04-30": 14, "2014-01-31": 12, "2013-10-31": 12, "2013-07-31": "12.00000", "2013-04-30": 15, "2013-01-31": 12, "2012-10-31": 12, "2012-07-31": "12.00000", "2012-04-30": 11.3, "2012-01-31": 11.9, "2011-10-31": 12.8, "2011-07-31": "13.00000", "2011-04-30": 13.1, "2011-01-31": 14.2, "2010-10-31": 14.2, "2010-07-31": "14.50000", "2010-04-30": 15.2, "2010-01-31": 15.2, "2009-10-31": 14.2, "2009-07-31": "14.40000", "2009-04-30": 14.9, "2009-01-31": 13.5, "2008-10-31": 13.3, "2008-07-31": "13.30000", "2008-04-30": 13.6, "2008-01-31": 12.7, "2007-10-31": 12.9, "2007-07-31": "12.80000", "2007-04-30": 12.2, "2007-01-31": 11.7, "2006-10-31": 10.1, "2006-07-31": "10.00000", "2006-04-30": 10.6, "2006-01-31": 9.7, "2005-10-31": 10.9, "2005-07-31": "10.80000", "2005-04-30": 10.2, "2005-01-31": 32.8}, "Other Non-Cash Items": {"2020-10-31": -10, "2020-07-31": "-176.00000", "2020-04-30": 34, "2020-01-31": 29, "2019-10-31": 20, "2019-07-31": "-5.00000", "2019-04-30": 28, "2019-01-31": 9, "2018-10-31": -4, "2018-07-31": "23.00000", "2018-04-30": -28, "2018-01-31": 62, "2017-10-31": -2, "2017-07-31": "1.00000", "2017-04-30": 16, "2017-01-31": -1, "2016-10-31": 7, "2016-07-31": "-7.00000", "2016-04-30": -482, "2016-01-31": 24, "2015-10-31": -5, "2015-07-31": "5.00000", "2015-04-30": 29, "2015-01-31": 13, "2014-10-31": -16, "2014-07-31": "4.00000", "2014-04-30": 22, "2014-01-31": -13, "2013-10-31": -15, "2013-07-31": "15.00000", "2013-04-30": 3, "2013-01-31": -11, "2012-10-31": 17, "2012-07-31": "30.00000", "2012-04-30": 20.5, "2012-01-31": 21.5, "2011-10-31": 21.6, "2011-07-31": "-0.60000", "2011-04-30": -74, "2011-01-31": 57.4, "2010-10-31": 11.9, "2010-07-31": "0.70000", "2010-04-30": -19.9, "2010-01-31": 38.2, "2009-10-31": 14.7, "2009-07-31": "-3.00000", "2009-04-30": 7.3, "2009-01-31": -13.7, "2008-10-31": 13.1, "2008-07-31": "14.30000", "2008-04-30": -7.3, "2008-01-31": 11.4, "2007-10-31": 10.3, "2007-07-31": "-2.40000", "2007-04-30": -2.4, "2007-01-31": 12.6, "2006-10-31": -5.6, "2006-07-31": "2.40000", "2006-04-30": -17.5, "2006-01-31": -2.9, "2005-10-31": -6.8, "2005-07-31": "58.20000", "2005-04-30": 29.6, "2005-01-31": -23.6}, "Total Non-Cash Items": {"2020-10-31": 10, "2020-07-31": "-157.00000", "2020-04-30": 53, "2020-01-31": 48, "2019-10-31": 38, "2019-07-31": "13.00000", "2019-04-30": 48, "2019-01-31": 25, "2018-10-31": 14, "2018-07-31": "41.00000", "2018-04-30": -12, "2018-01-31": 79, "2017-10-31": 14, "2017-07-31": "16.00000", "2017-04-30": 32, "2017-01-31": 13, "2016-10-31": 20, "2016-07-31": "8.00000", "2016-04-30": -466, "2016-01-31": 37, "2015-10-31": 9, "2015-07-31": "18.00000", "2015-04-30": 42, "2015-01-31": 26, "2014-10-31": -4, "2014-07-31": "17.00000", "2014-04-30": 36, "2014-01-31": -1, "2013-10-31": -3, "2013-07-31": "27.00000", "2013-04-30": 18, "2013-01-31": 1, "2012-10-31": 29, "2012-07-31": "42.00000", "2012-04-30": 31.8, "2012-01-31": 33.4, "2011-10-31": 34.4, "2011-07-31": "12.40000", "2011-04-30": -60.9, "2011-01-31": 71.6, "2010-10-31": 26.1, "2010-07-31": "15.20000", "2010-04-30": -4.7, "2010-01-31": 53.4, "2009-10-31": 28.9, "2009-07-31": "11.40000", "2009-04-30": 22.2, "2009-01-31": -0.2, "2008-10-31": 26.4, "2008-07-31": "27.60000", "2008-04-30": 6.3, "2008-01-31": 24.1, "2007-10-31": 23.2, "2007-07-31": "10.40000", "2007-04-30": 9.8, "2007-01-31": 24.3, "2006-10-31": 4.5, "2006-07-31": "12.40000", "2006-04-30": -6.9, "2006-01-31": 6.8, "2005-10-31": 4.1, "2005-07-31": "69.00000", "2005-04-30": 39.8, "2005-01-31": 9.2}, "Change In Accounts Receivable": {"2020-10-31": -162, "2020-07-31": "-133.00000", "2020-04-30": 137, "2020-01-31": 91, "2019-10-31": -196, "2019-07-31": "-20.00000", "2019-04-30": 125, "2019-01-31": 40, "2018-10-31": -120, "2018-07-31": "-22.00000", "2018-04-30": 78, "2018-01-31": -148, "2017-10-31": 0, "2017-07-31": "", "2017-04-30": 6, "2017-01-31": 0, "2016-10-31": 0, "2016-07-31": "", "2016-04-30": 8, "2016-01-31": 0, "2015-10-31": 0, "2015-07-31": "", "2015-04-30": -50, "2015-01-31": 0, "2014-10-31": 0, "2014-07-31": "", "2014-04-30": -34, "2014-01-31": 0, "2013-10-31": 0, "2013-07-31": "", "2013-04-30": -65, "2013-01-31": 0, "2012-10-31": 0, "2012-07-31": "", "2012-04-30": 2, "2012-01-31": 0, "2011-10-31": 0, "2011-07-31": "", "2011-04-30": -57, "2011-01-31": 0, "2010-10-31": 0, "2010-07-31": "", "2010-04-30": -35, "2010-01-31": 0, "2009-10-31": 0, "2009-07-31": "", "2009-04-30": 33, "2009-01-31": 0, "2008-10-31": 0, "2008-07-31": "", "2008-04-30": -43, "2008-01-31": 0, "2007-10-31": -9.9, "2007-07-31": "9.90000", "2007-04-30": 16, "2007-01-31": 50.1, "2006-10-31": -108.7, "2006-07-31": "-4.40000", "2006-04-30": -2.9, "2006-01-31": 91, "2005-10-31": -84, "2005-07-31": "-25.10000", "2005-04-30": 23.9, "2005-01-31": -26.9}, "Change In Inventories": {"2020-10-31": 28, "2020-07-31": "-57.00000", "2020-04-30": -61, "2020-01-31": -9, "2019-10-31": -33, "2019-07-31": "-100.00000", "2019-04-30": -53, "2019-01-31": 15, "2018-10-31": -41, "2018-07-31": "-83.00000", "2018-04-30": -47, "2018-01-31": -55, "2017-10-31": 0, "2017-07-31": "", "2017-04-30": -86, "2017-01-31": 0, "2016-10-31": 0, "2016-07-31": "", "2016-04-30": -127, "2016-01-31": 0, "2015-10-31": 0, "2015-07-31": "", "2015-04-30": -102, "2015-01-31": 0, "2014-10-31": 0, "2014-07-31": "", "2014-04-30": -67, "2014-01-31": 0, "2013-10-31": 0, "2013-07-31": "", "2013-04-30": -105, "2013-01-31": 0, "2012-10-31": 0, "2012-07-31": "", "2012-04-30": -88, "2012-01-31": 0, "2011-10-31": 0, "2011-07-31": "", "2011-04-30": -42, "2011-01-31": 0, "2010-10-31": 0, "2010-07-31": "", "2010-04-30": 21, "2010-01-31": 0, "2009-10-31": 0, "2009-07-31": "", "2009-04-30": -34, "2009-01-31": 0, "2008-10-31": 0, "2008-07-31": "", "2008-04-30": -3, "2008-01-31": 0, "2007-10-31": 28.9, "2007-07-31": "-28.90000", "2007-04-30": 3.2, "2007-01-31": 23.1, "2006-10-31": -47.7, "2006-07-31": "-19.60000", "2006-04-30": 10.2, "2006-01-31": 4.7, "2005-10-31": -34.7, "2005-07-31": "-17.20000", "2005-04-30": -5.1, "2005-01-31": -21.9}, "Change In Accounts Payable": {"2020-10-31": 0, "2020-07-31": "", "2020-04-30": 0, "2020-01-31": 0, "2019-10-31": 0, "2019-07-31": "", "2019-04-30": 0, "2019-01-31": 0, "2018-10-31": 0, "2018-07-31": "", "2018-04-30": 0, "2018-01-31": 0, "2017-10-31": 0, "2017-07-31": "", "2017-04-30": 0, "2017-01-31": 0, "2016-10-31": 0, "2016-07-31": "", "2016-04-30": 0, "2016-01-31": 0, "2015-10-31": 0, "2015-07-31": "", "2015-04-30": 0, "2015-01-31": 0, "2014-10-31": 0, "2014-07-31": "", "2014-04-30": 0, "2014-01-31": 0, "2013-10-31": 0, "2013-07-31": "", "2013-04-30": 0, "2013-01-31": 0, "2012-10-31": 0, "2012-07-31": "", "2012-04-30": 0, "2012-01-31": 0, "2011-10-31": 0, "2011-07-31": "", "2011-04-30": 0, "2011-01-31": 0, "2010-10-31": 0, "2010-07-31": "", "2010-04-30": 0, "2010-01-31": 0, "2009-10-31": 0, "2009-07-31": "", "2009-04-30": 0, "2009-01-31": 0, "2008-10-31": 0, "2008-07-31": "", "2008-04-30": 0, "2008-01-31": 0, "2007-10-31": 0, "2007-07-31": "", "2007-04-30": 0, "2007-01-31": 0, "2006-10-31": 0, "2006-07-31": "", "2006-04-30": 0, "2006-01-31": 0, "2005-10-31": 0, "2005-07-31": "", "2005-04-30": 0, "2005-01-31": 0}, "Change In Assets/Liabilities": {"2020-10-31": 27, "2020-07-31": "43.00000", "2020-04-30": -26, "2020-01-31": 1, "2019-10-31": -19, "2019-07-31": "-8.00000", "2019-04-30": -1, "2019-01-31": 36, "2018-10-31": 4, "2018-07-31": "-4.00000", "2018-04-30": -75, "2018-01-31": 249, "2017-10-31": -140, "2017-07-31": "-89.00000", "2017-04-30": 142, "2017-01-31": 81, "2016-10-31": -177, "2016-07-31": "-24.00000", "2016-04-30": 103, "2016-01-31": 61, "2015-10-31": -195, "2015-07-31": "-27.00000", "2015-04-30": 196, "2015-01-31": 94, "2014-10-31": -246, "2014-07-31": "-55.00000", "2014-04-30": 100, "2014-01-31": 13, "2013-10-31": -95, "2013-07-31": "-77.00000", "2013-04-30": 134, "2013-01-31": 43, "2012-10-31": -124, "2012-07-31": "-102.00000", "2012-04-30": 118.2, "2012-01-31": 19.7, "2011-10-31": -100.4, "2011-07-31": "-66.50000", "2011-04-30": 93.5, "2011-01-31": 9.4, "2010-10-31": -98.9, "2010-07-31": "-30.00000", "2010-04-30": 82.7, "2010-01-31": 57.5, "2009-10-31": -88.2, "2009-07-31": "-15.00000", "2009-04-30": 50.7, "2009-01-31": 103.5, "2008-10-31": -158.1, "2008-07-31": "-11.10000", "2008-04-30": 68.1, "2008-01-31": 59.1, "2007-10-31": -148.7, "2007-07-31": "88.50000", "2007-04-30": -5.4, "2007-01-31": 7, "2006-10-31": -2.8, "2006-07-31": "10.20000", "2006-04-30": 8.4, "2006-01-31": -11.7, "2005-10-31": 3.2, "2005-07-31": "-1.90000", "2005-04-30": -7.2, "2005-01-31": 28.2}, "Total Change In Assets/Liabilities": {"2020-10-31": -58, "2020-07-31": "-76.00000", "2020-04-30": 34, "2020-01-31": 43, "2019-10-31": -205, "2019-07-31": "-127.00000", "2019-04-30": 16, "2019-01-31": 53, "2018-10-31": -117, "2018-07-31": "-115.00000", "2018-04-30": -27, "2018-01-31": 95, "2017-10-31": -140, "2017-07-31": "-89.00000", "2017-04-30": 34, "2017-01-31": 81, "2016-10-31": -177, "2016-07-31": "-24.00000", "2016-04-30": 20, "2016-01-31": 61, "2015-10-31": -195, "2015-07-31": "-27.00000", "2015-04-30": 50, "2015-01-31": 94, "2014-10-31": -246, "2014-07-31": "-55.00000", "2014-04-30": 90, "2014-01-31": 13, "2013-10-31": -95, "2013-07-31": "-77.00000", "2013-04-30": 39, "2013-01-31": 43, "2012-10-31": -124, "2012-07-31": "-102.00000", "2012-04-30": 38.2, "2012-01-31": 19.7, "2011-10-31": -100.4, "2011-07-31": "-66.50000", "2011-04-30": 22.5, "2011-01-31": 9.4, "2010-10-31": -98.9, "2010-07-31": "-30.00000", "2010-04-30": 52.7, "2010-01-31": 57.5, "2009-10-31": -88.2, "2009-07-31": "-15.00000", "2009-04-30": 45.7, "2009-01-31": 103.5, "2008-10-31": -158.1, "2008-07-31": "-11.10000", "2008-04-30": 31.1, "2008-01-31": 59.1, "2007-10-31": -82.9, "2007-07-31": "22.70000", "2007-04-30": 1.3, "2007-01-31": 41.4, "2006-10-31": -97.8, "2006-07-31": "-29.90000", "2006-04-30": 28.6, "2006-01-31": 50.2, "2005-10-31": -80.7, "2005-07-31": "-48.10000", "2005-04-30": -46.2, "2005-01-31": 85.2}, "Cash Flow From Operating Activities": {"2020-10-31": 192, "2020-07-31": "91.00000", "2020-04-30": 215, "2020-01-31": 322, "2019-10-31": 115, "2019-07-31": "72.00000", "2019-04-30": 223, "2019-01-31": 305, "2018-10-31": 146, "2018-07-31": "126.00000", "2018-04-30": 71, "2018-01-31": 364, "2017-10-31": 113, "2017-07-31": "105.00000", "2017-04-30": 211, "2017-01-31": 276, "2016-10-31": 41, "2016-07-31": "128.00000", "2016-04-30": 76, "2016-01-31": 287, "2015-10-31": 14, "2015-07-31": "147.00000", "2015-04-30": 233, "2015-01-31": 305, "2014-10-31": -42, "2014-07-31": "112.00000", "2014-04-30": 259, "2014-01-31": 189, "2013-10-31": 108, "2013-07-31": "93.00000", "2013-04-30": 170, "2013-01-31": 202, "2012-10-31": 78, "2012-07-31": "87.00000", "2012-04-30": 174.3, "2012-01-31": 186.2, "2011-10-31": 91.5, "2011-07-31": "64.00000", "2011-04-30": 127.5, "2011-01-31": 221.7, "2010-10-31": 81.2, "2010-07-31": "96.60000", "2010-04-30": 120.5, "2010-01-31": 218.8, "2009-10-31": 87.9, "2009-07-31": "117.80000", "2009-04-30": 148.1, "2009-01-31": 226.7, "2008-10-31": 11.5, "2008-07-31": "104.70000", "2008-04-30": 136.7, "2008-01-31": 199.3, "2007-10-31": 69.6, "2007-07-31": "128.40000", "2007-04-30": 77.4, "2007-01-31": 170.8, "2006-10-31": 30.6, "2006-07-31": "76.20000", "2006-04-30": 99.6, "2006-01-31": 177.5, "2005-10-31": 32.2, "2005-07-31": "33.70000", "2005-04-30": 54, "2005-01-31": 342}, "Net Change In Property, Plant, And Equipment": {"2020-10-31": -14, "2020-07-31": "-15.00000", "2020-04-30": -29, "2020-01-31": -36, "2019-10-31": -27, "2019-07-31": "-21.00000", "2019-04-30": -35, "2019-01-31": -31, "2018-10-31": -30, "2018-07-31": "-23.00000", "2018-04-30": -27, "2018-01-31": -36, "2017-10-31": -36, "2017-07-31": "-28.00000", "2017-04-30": -41, "2017-01-31": -35, "2016-10-31": -20, "2016-07-31": "-16.00000", "2016-04-30": -20, "2016-01-31": -23, "2015-10-31": -26, "2015-07-31": "-39.00000", "2015-04-30": -28, "2015-01-31": -33, "2014-10-31": -28, "2014-07-31": "-31.00000", "2014-04-30": -37, "2014-01-31": -27, "2013-10-31": -35, "2013-07-31": "-25.00000", "2013-04-30": -36, "2013-01-31": -20, "2012-10-31": -22, "2012-07-31": "-17.00000", "2012-04-30": -26.9, "2012-01-31": -12.3, "2011-10-31": -12.6, "2011-07-31": "-6.20000", "2011-04-30": -12.6, "2011-01-31": -11.4, "2010-10-31": -7.1, "2010-07-31": "4.10000", "2010-04-30": -14.8, "2010-01-31": -4.8, "2009-10-31": -5.6, "2009-07-31": "-6.80000", "2009-04-30": -11.9, "2009-01-31": -10.8, "2008-10-31": -13.1, "2008-07-31": "-13.20000", "2008-04-30": -9.1, "2008-01-31": -6.9, "2007-10-31": -7.6, "2007-07-31": "-11.40000", "2007-04-30": -19.5, "2007-01-31": -18, "2006-10-31": 4, "2006-07-31": "-10.50000", "2006-04-30": -18.1, "2006-01-31": -4.9, "2005-10-31": -13, "2005-07-31": "-8.00000", "2005-04-30": -13, "2005-01-31": -31}, "Net Change In Intangible Assets": {"2020-10-31": -1, "2020-07-31": "", "2020-04-30": -1, "2020-01-31": 0, "2019-10-31": -5, "2019-07-31": "", "2019-04-30": 0, "2019-01-31": 0, "2018-10-31": -2, "2018-07-31": "", "2018-04-30": 0, "2018-01-31": 0, "2017-10-31": -1, "2017-07-31": "", "2017-04-30": -1, "2017-01-31": -1, "2016-10-31": 0, "2016-07-31": "-1.00000", "2016-04-30": 0, "2016-01-31": -1, "2015-10-31": -1, "2015-07-31": "0.00000", "2015-04-30": -1, "2015-01-31": 0, "2014-10-31": -4, "2014-07-31": "", "2014-04-30": -1, "2014-01-31": -2, "2013-10-31": 0, "2013-07-31": "", "2013-04-30": -2, "2013-01-31": 0, "2012-10-31": 0, "2012-07-31": "", "2012-04-30": -0.2, "2012-01-31": -1.9, "2011-10-31": -0.4, "2011-07-31": "-7.50000", "2011-04-30": -1.6, "2011-01-31": -1.1, "2010-10-31": -0.7, "2010-07-31": "-0.60000", "2010-04-30": -0.8, "2010-01-31": -0.4, "2009-10-31": -0.6, "2009-07-31": "-1.20000", "2009-04-30": -2.3, "2009-01-31": 16.2, "2008-10-31": -0.9, "2008-07-31": "-1.00000", "2008-04-30": -2.1, "2008-01-31": -2.7, "2007-10-31": -4.9, "2007-07-31": "-15.30000", "2007-04-30": -2.6, "2007-01-31": -28.1, "2006-10-31": -2.4, "2006-07-31": "-0.90000", "2006-04-30": -0.9, "2006-01-31": 0.1, "2005-10-31": -0.2, "2005-07-31": "", "2005-04-30": -2.8, "2005-01-31": -1.2}, "Net Acquisitions/Divestitures": {"2020-10-31": 0, "2020-07-31": "177.00000", "2020-04-30": 0, "2020-01-31": 0, "2019-10-31": 0, "2019-07-31": "-22.00000", "2019-04-30": 0, "2019-01-31": 0, "2018-10-31": 0, "2018-07-31": "", "2018-04-30": 0, "2018-01-31": 0, "2017-10-31": 0, "2017-07-31": "", "2017-04-30": 0, "2017-01-31": 0, "2016-10-31": 0, "2016-07-31": "-307.00000", "2016-04-30": 543, "2016-01-31": 0, "2015-10-31": 0, "2015-07-31": "", "2015-04-30": 0, "2015-01-31": 0, "2014-10-31": 0, "2014-07-31": "", "2014-04-30": 0, "2014-01-31": 0, "2013-10-31": 0, "2013-07-31": "", "2013-04-30": 0, "2013-01-31": 0, "2012-10-31": 0, "2012-07-31": "", "2012-04-30": 0, "2012-01-31": 0, "2011-10-31": 0, "2011-07-31": "", "2011-04-30": 234, "2011-01-31": 0, "2010-10-31": 0, "2010-07-31": "", "2010-04-30": 0, "2010-01-31": 0, "2009-10-31": 0, "2009-07-31": "", "2009-04-30": 0, "2009-01-31": 0, "2008-10-31": 0, "2008-07-31": "", "2008-04-30": -1.6, "2008-01-31": 0, "2007-10-31": 0.1, "2007-07-31": "1.50000", "2007-04-30": 12.5, "2007-01-31": -794.9, "2006-10-31": -0.5, "2006-07-31": "-250.10000", "2006-04-30": 8.5, "2006-01-31": 0, "2005-10-31": 196.5, "2005-07-31": "", "2005-04-30": -0.4, "2005-01-31": -63.6}, "Net Change In Short-term Investments": {"2020-10-31": 0, "2020-07-31": "", "2020-04-30": 0, "2020-01-31": 0, "2019-10-31": 0, "2019-07-31": "", "2019-04-30": 0, "2019-01-31": 0, "2018-10-31": 0, "2018-07-31": "", "2018-04-30": 0, "2018-01-31": 0, "2017-10-31": 0, "2017-07-31": "", "2017-04-30": 0, "2017-01-31": 0, "2016-10-31": 0, "2016-07-31": "", "2016-04-30": 0, "2016-01-31": 0, "2015-10-31": 0, "2015-07-31": "", "2015-04-30": 0, "2015-01-31": 0, "2014-10-31": 0, "2014-07-31": "", "2014-04-30": 0, "2014-01-31": 0, "2013-10-31": 0, "2013-07-31": "", "2013-04-30": 0, "2013-01-31": 0, "2012-10-31": 0, "2012-07-31": "", "2012-04-30": 0, "2012-01-31": 0, "2011-10-31": 0, "2011-07-31": "", "2011-04-30": 0, "2011-01-31": 0, "2010-10-31": 0, "2010-07-31": "", "2010-04-30": 0, "2010-01-31": 0, "2009-10-31": 0, "2009-07-31": "", "2009-04-30": 0, "2009-01-31": 0, "2008-10-31": 0, "2008-07-31": "", "2008-04-30": 0.4, "2008-01-31": 0, "2007-10-31": 0, "2007-07-31": "85.60000", "2007-04-30": 63.9, "2007-01-31": 40.4, "2006-10-31": -3.9, "2006-07-31": "-26.40000", "2006-04-30": 69.7, "2006-01-31": -229.7, "2005-10-31": 0, "2005-07-31": "", "2005-04-30": 0, "2005-01-31": 0}, "Net Change In Long-Term Investments": {"2020-10-31": 0, "2020-07-31": "", "2020-04-30": 0, "2020-01-31": 0, "2019-10-31": 0, "2019-07-31": "", "2019-04-30": 0, "2019-01-31": 0, "2018-10-31": 0, "2018-07-31": "", "2018-04-30": 0, "2018-01-31": 0, "2017-10-31": 0, "2017-07-31": "", "2017-04-30": 0, "2017-01-31": 0, "2016-10-31": 0, "2016-07-31": "", "2016-04-30": 0, "2016-01-31": 0, "2015-10-31": 0, "2015-07-31": "", "2015-04-30": 0, "2015-01-31": 0, "2014-10-31": 0, "2014-07-31": "", "2014-04-30": 0, "2014-01-31": 0, "2013-10-31": 0, "2013-07-31": "", "2013-04-30": 0, "2013-01-31": 0, "2012-10-31": 0, "2012-07-31": "", "2012-04-30": 0, "2012-01-31": 0, "2011-10-31": 0, "2011-07-31": "", "2011-04-30": 0, "2011-01-31": 0, "2010-10-31": 0, "2010-07-31": "", "2010-04-30": 0, "2010-01-31": 0, "2009-10-31": 0, "2009-07-31": "", "2009-04-30": 0, "2009-01-31": 0, "2008-10-31": 0, "2008-07-31": "", "2008-04-30": 0, "2008-01-31": 0, "2007-10-31": 0, "2007-07-31": "", "2007-04-30": 0, "2007-01-31": 0, "2006-10-31": 0, "2006-07-31": "", "2006-04-30": 0, "2006-01-31": 0, "2005-10-31": 0, "2005-07-31": "", "2005-04-30": 0.3, "2005-01-31": 92.7}, "Net Change In Investments - Total": {"2020-10-31": 0, "2020-07-31": "", "2020-04-30": 0, "2020-01-31": 0, "2019-10-31": 0, "2019-07-31": "", "2019-04-30": 0, "2019-01-31": 0, "2018-10-31": 0, "2018-07-31": "", "2018-04-30": 0, "2018-01-31": 0, "2017-10-31": 0, "2017-07-31": "", "2017-04-30": 0, "2017-01-31": 0, "2016-10-31": 0, "2016-07-31": "", "2016-04-30": 0, "2016-01-31": 0, "2015-10-31": 0, "2015-07-31": "", "2015-04-30": 0, "2015-01-31": 0, "2014-10-31": 0, "2014-07-31": "", "2014-04-30": 0, "2014-01-31": 0, "2013-10-31": 0, "2013-07-31": "", "2013-04-30": 0, "2013-01-31": 0, "2012-10-31": 0, "2012-07-31": "", "2012-04-30": 0, "2012-01-31": 0, "2011-10-31": 0, "2011-07-31": "", "2011-04-30": 0, "2011-01-31": 0, "2010-10-31": 0, "2010-07-31": "", "2010-04-30": 0, "2010-01-31": 0, "2009-10-31": 0, "2009-07-31": "", "2009-04-30": 0, "2009-01-31": 0, "2008-10-31": 0, "2008-07-31": "", "2008-04-30": 0.4, "2008-01-31": 0, "2007-10-31": 0, "2007-07-31": "85.60000", "2007-04-30": 63.9, "2007-01-31": 40.4, "2006-10-31": -3.9, "2006-07-31": "-26.40000", "2006-04-30": 69.7, "2006-01-31": -229.7, "2005-10-31": 0, "2005-07-31": "", "2005-04-30": 0.3, "2005-01-31": 92.7}, "Investing Activities - Other": {"2020-10-31": 0, "2020-07-31": "", "2020-04-30": 0, "2020-01-31": 0, "2019-10-31": 0, "2019-07-31": "", "2019-04-30": 2, "2019-01-31": 2, "2018-10-31": 0, "2018-07-31": "-2.00000", "2018-04-30": -1, "2018-01-31": -16, "2017-10-31": -1, "2017-07-31": "-3.00000", "2017-04-30": -17, "2017-01-31": 0, "2016-10-31": 0, "2016-07-31": "", "2016-04-30": 0, "2016-01-31": 0, "2015-10-31": 0, "2015-07-31": "", "2015-04-30": 0, "2015-01-31": 0, "2014-10-31": 0, "2014-07-31": "", "2014-04-30": 0, "2014-01-31": 0, "2013-10-31": 0, "2013-07-31": "", "2013-04-30": 0, "2013-01-31": 0, "2012-10-31": 0, "2012-07-31": "", "2012-04-30": 0, "2012-01-31": 0, "2011-10-31": 0, "2011-07-31": "", "2011-04-30": 0, "2011-01-31": 0, "2010-10-31": 0, "2010-07-31": "", "2010-04-30": 0, "2010-01-31": 0, "2009-10-31": 0, "2009-07-31": "", "2009-04-30": 0, "2009-01-31": 0, "2008-10-31": 0, "2008-07-31": "", "2008-04-30": 2, "2008-01-31": 0, "2007-10-31": 0, "2007-07-31": "", "2007-04-30": -0.5, "2007-01-31": -0.4, "2006-10-31": 0, "2006-07-31": "-0.10000", "2006-04-30": -0.3, "2006-01-31": -0.8, "2005-10-31": -0.8, "2005-07-31": "-1.10000", "2005-04-30": -3.6, "2005-01-31": 6.6}, "Cash Flow From Investing Activities": {"2020-10-31": -15, "2020-07-31": "162.00000", "2020-04-30": -30, "2020-01-31": -36, "2019-10-31": -32, "2019-07-31": "-43.00000", "2019-04-30": -33, "2019-01-31": -29, "2018-10-31": -32, "2018-07-31": "-25.00000", "2018-04-30": -28, "2018-01-31": -52, "2017-10-31": -38, "2017-07-31": "-31.00000", "2017-04-30": -59, "2017-01-31": -36, "2016-10-31": -20, "2016-07-31": "-324.00000", "2016-04-30": 523, "2016-01-31": -24, "2015-10-31": -27, "2015-07-31": "-39.00000", "2015-04-30": -29, "2015-01-31": -33, "2014-10-31": -32, "2014-07-31": "-31.00000", "2014-04-30": -38, "2014-01-31": -29, "2013-10-31": -35, "2013-07-31": "-25.00000", "2013-04-30": -38, "2013-01-31": -20, "2012-10-31": -22, "2012-07-31": "-17.00000", "2012-04-30": -27.1, "2012-01-31": -14.2, "2011-10-31": -13, "2011-07-31": "-13.70000", "2011-04-30": 219.8, "2011-01-31": -12.5, "2010-10-31": -7.8, "2010-07-31": "3.50000", "2010-04-30": -15.6, "2010-01-31": -5.2, "2009-10-31": -6.2, "2009-07-31": "-8.00000", "2009-04-30": -14.2, "2009-01-31": 5.4, "2008-10-31": -14, "2008-07-31": "-14.20000", "2008-04-30": -10.4, "2008-01-31": -9.6, "2007-10-31": -12.4, "2007-07-31": "60.40000", "2007-04-30": 53.8, "2007-01-31": -801, "2006-10-31": -2.8, "2006-07-31": "-288.00000", "2006-04-30": 58.9, "2006-01-31": -235.3, "2005-10-31": 182.5, "2005-07-31": "-9.10000", "2005-04-30": -19.5, "2005-01-31": 3.5}, "Net Long-Term Debt": {"2020-10-31": 0, "2020-07-31": "", "2020-04-30": 0, "2020-01-31": 0, "2019-10-31": 0, "2019-07-31": "", "2019-04-30": 0, "2019-01-31": 0, "2018-10-31": 0, "2018-07-31": "", "2018-04-30": 595, "2018-01-31": -250, "2017-10-31": 0, "2017-07-31": "", "2017-04-30": 0, "2017-01-31": 0, "2016-10-31": 0, "2016-07-31": "717.00000", "2016-04-30": 0, "2016-01-31": -250, "2015-10-31": 0, "2015-07-31": "490.00000", "2015-04-30": 0, "2015-01-31": 0, "2014-10-31": 0, "2014-07-31": "", "2014-04-30": 0, "2014-01-31": -1, "2013-10-31": 0, "2013-07-31": "-1.00000", "2013-04-30": -251, "2013-01-31": 746, "2012-10-31": 0, "2012-07-31": "-1.00000", "2012-04-30": -249.9, "2012-01-31": -0.6, "2011-10-31": -0.7, "2011-07-31": "-0.80000", "2011-04-30": -1.3, "2011-01-31": 247.7, "2010-10-31": -1.4, "2010-07-31": "", "2010-04-30": -151.3, "2010-01-31": -0.1, "2009-10-31": -1.6, "2009-07-31": "", "2009-04-30": -1.2, "2009-01-31": 248.4, "2008-10-31": -2.2, "2008-07-31": "", "2008-04-30": -351.5, "2008-01-31": -0.7, "2007-10-31": -3.8, "2007-07-31": "", "2007-04-30": 419, "2007-01-31": 0, "2006-10-31": 0, "2006-07-31": "", "2006-04-30": -280, "2006-01-31": 0, "2005-10-31": 0, "2005-07-31": "", "2005-04-30": 0, "2005-01-31": 0}, "Net Current Debt": {"2020-10-31": -29, "2020-07-31": "55.00000", "2020-04-30": 328, "2020-01-31": -152, "2019-10-31": -65, "2019-07-31": "67.00000", "2019-04-30": -58, "2019-01-31": -55, "2018-10-31": 83, "2018-07-31": "-41.00000", "2018-04-30": -114, "2018-01-31": 90, "2017-10-31": -24, "2017-07-31": "45.00000", "2017-04-30": -98, "2017-01-31": -60, "2016-10-31": 49, "2016-07-31": "-43.00000", "2016-04-30": -239, "2016-01-31": 206, "2015-10-31": 289, "2015-07-31": "-176.00000", "2015-04-30": 182, "2015-01-31": -116, "2014-10-31": 112, "2014-07-31": "5.00000", "2014-04-30": -3, "2014-01-31": 5, "2013-10-31": 1, "2013-07-31": "2.00000", "2013-04-30": -7, "2013-01-31": 2, "2012-10-31": 2, "2012-07-31": "2.00000", "2012-04-30": -1, "2012-01-31": 2.4, "2011-10-31": 0.7, "2011-07-31": "1.90000", "2011-04-30": -0.7, "2011-01-31": -129, "2010-10-31": -79.6, "2010-07-31": "21.30000", "2010-04-30": 82.3, "2010-01-31": -196.6, "2009-10-31": 49.4, "2009-07-31": "-84.10000", "2009-04-30": -69.3, "2009-01-31": -400.1, "2008-10-31": 230.7, "2008-07-31": "-10.30000", "2008-04-30": 343.9, "2008-01-31": -102.4, "2007-10-31": 1.4, "2007-07-31": "-58.90000", "2007-04-30": -488.1, "2007-01-31": 696.3, "2006-10-31": -0.9, "2006-07-31": "-29.30000", "2006-04-30": 255, "2006-01-31": 0, "2005-10-31": 0, "2005-07-31": "-30.00000", "2005-04-30": -3, "2005-01-31": -47}, "Debt Issuance/Retirement Net - Total": {"2020-10-31": -29, "2020-07-31": "55.00000", "2020-04-30": 328, "2020-01-31": -152, "2019-10-31": -65, "2019-07-31": "67.00000", "2019-04-30": -58, "2019-01-31": -55, "2018-10-31": 83, "2018-07-31": "-41.00000", "2018-04-30": 481, "2018-01-31": -160, "2017-10-31": -24, "2017-07-31": "45.00000", "2017-04-30": -98, "2017-01-31": -60, "2016-10-31": 49, "2016-07-31": "674.00000", "2016-04-30": -239, "2016-01-31": -44, "2015-10-31": 289, "2015-07-31": "314.00000", "2015-04-30": 182, "2015-01-31": -116, "2014-10-31": 112, "2014-07-31": "5.00000", "2014-04-30": -3, "2014-01-31": 4, "2013-10-31": 1, "2013-07-31": "1.00000", "2013-04-30": -258, "2013-01-31": 748, "2012-10-31": 2, "2012-07-31": "1.00000", "2012-04-30": -250.9, "2012-01-31": 1.8, "2011-10-31": 0, "2011-07-31": "1.10000", "2011-04-30": -2, "2011-01-31": 118.7, "2010-10-31": -81, "2010-07-31": "21.30000", "2010-04-30": -69, "2010-01-31": -196.7, "2009-10-31": 47.8, "2009-07-31": "-84.10000", "2009-04-30": -70.5, "2009-01-31": -151.7, "2008-10-31": 228.5, "2008-07-31": "-10.30000", "2008-04-30": -7.6, "2008-01-31": -103.1, "2007-10-31": -2.4, "2007-07-31": "-58.90000", "2007-04-30": -69.1, "2007-01-31": 696.3, "2006-10-31": -0.9, "2006-07-31": "-29.30000", "2006-04-30": -25, "2006-01-31": 0, "2005-10-31": 0, "2005-07-31": "-30.00000", "2005-04-30": -3, "2005-01-31": -47}, "Net Common Equity Issued/Repurchased": {"2020-10-31": -5, "2020-07-31": "-9.00000", "2020-04-30": -43, "2020-01-31": 26, "2019-10-31": -13, "2019-07-31": "-14.00000", "2019-04-30": -12, "2019-01-31": -73, "2018-10-31": -128, "2018-07-31": "-5.00000", "2018-04-30": -4, "2018-01-31": -17, "2017-10-31": -2, "2017-07-31": "-6.00000", "2017-04-30": -5, "2017-01-31": -119, "2016-10-31": -243, "2016-07-31": "-204.00000", "2016-04-30": -354, "2016-01-31": -25, "2015-10-31": -510, "2015-07-31": "-235.00000", "2015-04-30": -198, "2015-01-31": -67, "2014-10-31": -195, "2014-07-31": "-16.00000", "2014-04-30": -10, "2014-01-31": -3, "2013-10-31": -51, "2013-07-31": "-4.00000", "2013-04-30": -1, "2013-01-31": -5, "2012-10-31": -6, "2012-07-31": "-4.00000", "2012-04-30": -3.8, "2012-01-31": -8.1, "2011-10-31": -197.9, "2011-07-31": "-20.20000", "2011-04-30": -18.3, "2011-01-31": -14.8, "2010-10-31": -60.3, "2010-07-31": "-49.60000", "2010-04-30": -2.7, "2010-01-31": -20.9, "2009-10-31": -89.1, "2009-07-31": "-51.30000", "2009-04-30": -16.6, "2009-01-31": -23.9, "2008-10-31": -0.8, "2008-07-31": "-3.70000", "2008-04-30": -102.8, "2008-01-31": -101.4, "2007-10-31": -12.1, "2007-07-31": "4.30000", "2007-04-30": 1.4, "2007-01-31": 1, "2006-10-31": 7.7, "2006-07-31": "16.90000", "2006-04-30": 6.5, "2006-01-31": 4.3, "2005-10-31": 0.6, "2005-07-31": "4.60000", "2005-04-30": 2.3, "2005-01-31": 3.7}, "Net Total Equity Issued/Repurchased": {"2020-10-31": -5, "2020-07-31": "-9.00000", "2020-04-30": -43, "2020-01-31": 26, "2019-10-31": -13, "2019-07-31": "-14.00000", "2019-04-30": -12, "2019-01-31": -73, "2018-10-31": -128, "2018-07-31": "-5.00000", "2018-04-30": -4, "2018-01-31": -17, "2017-10-31": -2, "2017-07-31": "-6.00000", "2017-04-30": -5, "2017-01-31": -119, "2016-10-31": -243, "2016-07-31": "-204.00000", "2016-04-30": -354, "2016-01-31": -25, "2015-10-31": -510, "2015-07-31": "-235.00000", "2015-04-30": -198, "2015-01-31": -67, "2014-10-31": -195, "2014-07-31": "-16.00000", "2014-04-30": -10, "2014-01-31": -3, "2013-10-31": -51, "2013-07-31": "-4.00000", "2013-04-30": -1, "2013-01-31": -5, "2012-10-31": -6, "2012-07-31": "-4.00000", "2012-04-30": -3.8, "2012-01-31": -8.1, "2011-10-31": -197.9, "2011-07-31": "-20.20000", "2011-04-30": -18.3, "2011-01-31": -14.8, "2010-10-31": -60.3, "2010-07-31": "-49.60000", "2010-04-30": -2.7, "2010-01-31": -20.9, "2009-10-31": -89.1, "2009-07-31": "-51.30000", "2009-04-30": -16.6, "2009-01-31": -23.9, "2008-10-31": -0.8, "2008-07-31": "-3.70000", "2008-04-30": -102.8, "2008-01-31": -101.4, "2007-10-31": -12.1, "2007-07-31": "4.30000", "2007-04-30": 1.4, "2007-01-31": 1, "2006-10-31": 7.7, "2006-07-31": "16.90000", "2006-04-30": 6.5, "2006-01-31": 4.3, "2005-10-31": 0.6, "2005-07-31": "4.60000", "2005-04-30": 2.3, "2005-01-31": 3.7}, "Total Common And Preferred Stock Dividends Paid": {"2020-10-31": -84, "2020-07-31": "-83.00000", "2020-04-30": -83, "2020-01-31": -84, "2019-10-31": -79, "2019-07-31": "-79.00000", "2019-04-30": -79, "2019-01-31": -79, "2018-10-31": -76, "2018-07-31": "-76.00000", "2018-04-30": -557, "2018-01-31": -76, "2017-10-31": -70, "2017-07-31": "-70.00000", "2017-04-30": -71, "2017-01-31": -69, "2016-10-31": -67, "2016-07-31": "-67.00000", "2016-04-30": -67, "2016-01-31": -69, "2015-10-31": -65, "2015-07-31": "-65.00000", "2015-04-30": -66, "2015-01-31": -66, "2014-10-31": -62, "2014-07-31": "-62.00000", "2014-04-30": -62, "2014-01-31": -62, "2013-10-31": -55, "2013-07-31": "-54.00000", "2013-04-30": -55, "2013-01-31": -908, "2012-10-31": -50, "2012-07-31": "-50.00000", "2012-04-30": -50, "2012-01-31": -49.6, "2011-10-31": -46, "2011-07-31": "-46.40000", "2011-04-30": -46.5, "2011-01-31": -191.6, "2010-10-31": -43.9, "2010-07-31": "-44.00000", "2010-04-30": -44.2, "2010-01-31": -44, "2009-10-31": -42.6, "2009-07-31": "-43.20000", "2009-04-30": -43.4, "2009-01-31": -43.4, "2008-10-31": -41.1, "2008-07-31": "-41.10000", "2008-04-30": -41.7, "2008-01-31": -41.9, "2007-10-31": -37.4, "2007-07-31": "-241.00000", "2007-04-30": -36.9, "2007-01-31": -37.3, "2006-10-31": -34.4, "2006-07-31": "-34.40000", "2006-04-30": -34, "2006-01-31": -34.2, "2005-10-31": -29.9, "2005-07-31": "-29.90000", "2005-04-30": -29.4, "2005-01-31": -81.6}, "Financial Activities - Other": {"2020-10-31": 0, "2020-07-31": "", "2020-04-30": 33, "2020-01-31": -33, "2019-10-31": 0, "2019-07-31": "", "2019-04-30": 8, "2019-01-31": -8, "2018-10-31": 0, "2018-07-31": "", "2018-04-30": -6, "2018-01-31": 0, "2017-10-31": 0, "2017-07-31": "", "2017-04-30": 0, "2017-01-31": 0, "2016-10-31": 0, "2016-07-31": "-5.00000", "2016-04-30": 0, "2016-01-31": 2, "2015-10-31": 1, "2015-07-31": "7.00000", "2015-04-30": 0, "2015-01-31": 1, "2014-10-31": 1, "2014-07-31": "16.00000", "2014-04-30": 1, "2014-01-31": 0, "2013-10-31": 3, "2013-07-31": "6.00000", "2013-04-30": -1, "2013-01-31": -2, "2012-10-31": 5, "2012-07-31": "8.00000", "2012-04-30": 0.1, "2012-01-31": 3.1, "2011-10-31": 0.4, "2011-07-31": "4.40000", "2011-04-30": -0.8, "2011-01-31": 0.5, "2010-10-31": 1.4, "2010-07-31": "4.90000", "2010-04-30": 0, "2010-01-31": 1.1, "2009-10-31": 1, "2009-07-31": "0.90000", "2009-04-30": -0.5, "2009-01-31": -0.9, "2008-10-31": 0.7, "2008-07-31": "2.70000", "2008-04-30": 3.1, "2008-01-31": 1.4, "2007-10-31": 2.2, "2007-07-31": "3.30000", "2007-04-30": -0.2, "2007-01-31": 0.5, "2006-10-31": 2.4, "2006-07-31": "3.30000", "2006-04-30": 2.7, "2006-01-31": 2, "2005-10-31": 1.2, "2005-07-31": "1.10000", "2005-04-30": 0.8, "2005-01-31": 1.2}, "Cash Flow From Financial Activities": {"2020-10-31": -118, "2020-07-31": "-37.00000", "2020-04-30": 235, "2020-01-31": -243, "2019-10-31": -157, "2019-07-31": "-26.00000", "2019-04-30": -141, "2019-01-31": -215, "2018-10-31": -121, "2018-07-31": "-122.00000", "2018-04-30": -86, "2018-01-31": -253, "2017-10-31": -96, "2017-07-31": "-31.00000", "2017-04-30": -174, "2017-01-31": -248, "2016-10-31": -261, "2016-07-31": "398.00000", "2016-04-30": -660, "2016-01-31": -136, "2015-10-31": -285, "2015-07-31": "21.00000", "2015-04-30": -82, "2015-01-31": -248, "2014-10-31": -144, "2014-07-31": "-57.00000", "2014-04-30": -74, "2014-01-31": -61, "2013-10-31": -102, "2013-07-31": "-51.00000", "2013-04-30": -315, "2013-01-31": -167, "2012-10-31": -49, "2012-07-31": "-45.00000", "2012-04-30": -304.6, "2012-01-31": -52.8, "2011-10-31": -243.5, "2011-07-31": "-61.10000", "2011-04-30": -67.6, "2011-01-31": -87.2, "2010-10-31": -183.8, "2010-07-31": "-67.40000", "2010-04-30": -115.9, "2010-01-31": -260.5, "2009-10-31": -82.9, "2009-07-31": "-177.70000", "2009-04-30": -131, "2009-01-31": -219.9, "2008-10-31": 187.3, "2008-07-31": "-52.40000", "2008-04-30": -149, "2008-01-31": -245, "2007-10-31": -49.7, "2007-07-31": "-292.30000", "2007-04-30": -104.8, "2007-01-31": 660.5, "2006-10-31": -25.2, "2006-07-31": "-43.50000", "2006-04-30": -49.8, "2006-01-31": -27.9, "2005-10-31": -28.1, "2005-07-31": "-54.20000", "2005-04-30": -29.3, "2005-01-31": -123.7}, "Net Cash Flow": {"2020-10-31": 56, "2020-07-31": "233.00000", "2020-04-30": 399, "2020-01-31": 41, "2019-10-31": -72, "2019-07-31": "", "2019-04-30": 47, "2019-01-31": 67, "2018-10-31": -18, "2018-07-31": "-28.00000", "2018-04-30": -48, "2018-01-31": 75, "2017-10-31": -26, "2017-07-31": "56.00000", "2017-04-30": -15, "2017-01-31": -14, "2016-10-31": -248, "2016-07-31": "196.00000", "2016-04-30": -54, "2016-01-31": 122, "2015-10-31": -299, "2015-07-31": "124.00000", "2015-04-30": 120, "2015-01-31": 15, "2014-10-31": -225, "2014-07-31": "23.00000", "2014-04-30": 150, "2014-01-31": 95, "2013-10-31": -25, "2013-07-31": "13.00000", "2013-04-30": -183, "2013-01-31": 18, "2012-10-31": 8, "2012-07-31": "23.00000", "2012-04-30": -156.8, "2012-01-31": 114.8, "2011-10-31": -172.4, "2011-07-31": "-14.60000", "2011-04-30": 288, "2011-01-31": 122.9, "2010-10-31": -105.1, "2010-07-31": "29.20000", "2010-04-30": -9.6, "2010-01-31": -47.6, "2009-10-31": 2.8, "2009-07-31": "-53.60000", "2009-04-30": 5.2, "2009-01-31": 7.9, "2008-10-31": 166.6, "2008-07-31": "41.30000", "2008-04-30": -17.8, "2008-01-31": -56.1, "2007-10-31": 12.9, "2007-07-31": "-103.00000", "2007-04-30": 28.9, "2007-01-31": 31.3, "2006-10-31": 2.7, "2006-07-31": "-254.90000", "2006-04-30": 108.7, "2006-01-31": -85.7, "2005-10-31": 186.6, "2005-07-31": "-29.60000", "2005-04-30": 5.2, "2005-01-31": 221.8}, "Stock-Based Compensation": {"2020-10-31": 3, "2020-07-31": "3.00000", "2020-04-30": 3, "2020-01-31": 2, "2019-10-31": 3, "2019-07-31": "3.00000", "2019-04-30": 2, "2019-01-31": 3, "2018-10-31": 4, "2018-07-31": "5.00000", "2018-04-30": 5, "2018-01-31": 5, "2017-10-31": 5, "2017-07-31": "4.00000", "2017-04-30": 4, "2017-01-31": 3, "2016-10-31": 3, "2016-07-31": "4.00000", "2016-04-30": 3, "2016-01-31": 4, "2015-10-31": 5, "2015-07-31": "3.00000", "2015-04-30": 6, "2015-01-31": 3, "2014-10-31": 3, "2014-07-31": "3.00000", "2014-04-30": 4, "2014-01-31": 3, "2013-10-31": 3, "2013-07-31": "3.00000", "2013-04-30": 4, "2013-01-31": 2, "2012-10-31": 3, "2012-07-31": "2.00000", "2012-04-30": 2.5, "2012-01-31": 2.2, "2011-10-31": 2.1, "2011-07-31": "2.20000", "2011-04-30": 3, "2011-01-31": 2.1, "2010-10-31": 2.2, "2010-07-31": "1.70000", "2010-04-30": 2.2, "2010-01-31": 1.9, "2009-10-31": 2, "2009-07-31": "1.90000", "2009-04-30": 0.8, "2009-01-31": 1.6, "2008-10-31": 2.1, "2008-07-31": "2.50000", "2008-04-30": 2.5, "2008-01-31": 2.1, "2007-10-31": 3, "2007-07-31": "2.40000", "2007-04-30": 2.1, "2007-01-31": 1.6, "2006-10-31": 1.8, "2006-07-31": "2.50000", "2006-04-30": 2.5, "2006-01-31": 3.2, "2005-10-31": 1.5, "2005-07-31": "1.80000", "2005-04-30": 2.1, "2005-01-31": 4.9}, "Common Stock Dividends Paid": {"2020-10-31": -84, "2020-07-31": "-83.00000", "2020-04-30": -83, "2020-01-31": -84, "2019-10-31": -79, "2019-07-31": "-79.00000", "2019-04-30": -79, "2019-01-31": -79, "2018-10-31": -76, "2018-07-31": "-76.00000", "2018-04-30": -557, "2018-01-31": -76, "2017-10-31": -70, "2017-07-31": "-70.00000", "2017-04-30": -71, "2017-01-31": -69, "2016-10-31": -67, "2016-07-31": "-67.00000", "2016-04-30": -67, "2016-01-31": -69, "2015-10-31": -65, "2015-07-31": "-65.00000", "2015-04-30": -66, "2015-01-31": -66, "2014-10-31": -62, "2014-07-31": "-62.00000", "2014-04-30": -62, "2014-01-31": -62, "2013-10-31": -55, "2013-07-31": "-54.00000", "2013-04-30": -55, "2013-01-31": -908, "2012-10-31": -50, "2012-07-31": "-50.00000", "2012-04-30": -50, "2012-01-31": -49.6, "2011-10-31": -46, "2011-07-31": "-46.40000", "2011-04-30": -46.5, "2011-01-31": -191.6, "2010-10-31": -43.9, "2010-07-31": "-44.00000", "2010-04-30": -44.2, "2010-01-31": -44, "2009-10-31": -42.6, "2009-07-31": "-43.20000", "2009-04-30": -43.4, "2009-01-31": -43.4, "2008-10-31": -41.1, "2008-07-31": "-41.10000", "2008-04-30": -41.7, "2008-01-31": -41.9, "2007-10-31": -37.4, "2007-07-31": "-241.00000", "2007-04-30": -36.9, "2007-01-31": -37.3, "2006-10-31": -34.4, "2006-07-31": "-34.40000", "2006-04-30": -34, "2006-01-31": -34.2, "2005-10-31": -29.9, "2005-07-31": "-29.90000", "2005-04-30": -29.4, "2005-01-31": -81.6}}, "financial ratios": {"Current Ratio": {"2020-04-30": "3.71020", "2019-04-30": "3.86770", "2018-04-30": "3.11210", "2017-04-30": "2.42370", "2016-04-30": "2.82300", "2015-04-30": "2.35280", "2014-04-30": "3.88060", "2013-04-30": "3.84990", "2012-04-30": "4.32920", "2011-04-30": "2.79490", "2010-04-30": "2.79670", "2009-04-30": "1.88280", "2008-04-30": "1.47970", "2007-04-30": "1.21380", "2006-04-30": "2.82780", "2005-04-30": "2.06110"}, "Long-term Debt / Capital": {"2020-04-30": "0.53460", "2019-04-30": "0.58170", "2018-04-30": "0.64010", "2017-04-30": "0.55210", "2016-04-30": "0.44050", "2015-04-30": "0.28060", "2014-04-30": "0.32920", "2013-04-30": "0.37980", "2012-04-30": "0.19560", "2011-04-30": "0.19660", "2010-04-30": "0.21140", "2009-04-30": "0.21890", "2008-04-30": "0.19470", "2007-04-30": "0.21150", "2006-04-30": "0.18340", "2005-04-30": "0.21130"}, "Debt/Equity Ratio": {"2020-04-30": "1.31750", "2019-04-30": "1.48150", "2018-04-30": "1.94220", "2017-04-30": "1.56860", "2016-04-30": "0.96090", "2015-04-30": "0.62100", "2014-04-30": "0.49460", "2013-04-30": "0.61550", "2012-04-30": "0.24650", "2011-04-30": "0.36840", "2010-04-30": "0.36890", "2009-04-30": "0.55010", "2008-04-30": "0.58320", "2007-04-30": "0.74830", "2006-04-30": "0.36850", "2005-04-30": "0.48090"}, "Gross Margin": {"2020-04-30": "63.24710", "2019-04-30": "65.16250", "2018-04-30": "67.79560", "2017-04-30": "67.50170", "2016-04-30": "69.40760", "2015-04-30": "69.65540", "2014-04-30": "69.47510", "2013-04-30": "68.62060", "2012-04-30": "65.91990", "2011-04-30": "66.66670", "2010-04-30": "65.24910", "2009-04-30": "63.56310", "2008-04-30": "65.64680", "2007-04-30": "66.77190", "2006-04-30": "67.28400", "2005-04-30": "65.01690"}, "Operating Margin": {"2020-04-30": "32.44130", "2019-04-30": "34.41640", "2018-04-30": "32.26600", "2017-04-30": "33.73410", "2016-04-30": "49.62770", "2015-04-30": "32.76960", "2014-04-30": "32.46410", "2013-04-30": "31.51980", "2012-04-30": "28.93870", "2011-04-30": "33.06260", "2010-04-30": "28.75660", "2009-04-30": "26.64250", "2008-04-30": "26.52980", "2007-04-30": "27.14160", "2006-04-30": "28.96090", "2005-04-30": "25.02810"}, "EBIT Margin": {"2020-04-30": "32.44130", "2019-04-30": "34.41640", "2018-04-30": "32.26600", "2017-04-30": "33.73410", "2016-04-30": "49.62770", "2015-04-30": "32.76960", "2014-04-30": "32.46410", "2013-04-30": "31.51980", "2012-04-30": "28.93870", "2011-04-30": "33.06260", "2010-04-30": "28.75660", "2009-04-30": "26.64250", "2008-04-30": "26.52980", "2007-04-30": "27.14160", "2006-04-30": "28.96090", "2005-04-30": "25.02810"}, "EBITDA Margin": {"2020-04-30": "34.64170", "2019-04-30": "36.58240", "2018-04-30": "34.23650", "2017-04-30": "35.67130", "2016-04-30": "51.44060", "2015-04-30": "34.39690", "2014-04-30": "34.13570", "2013-04-30": "33.30990", "2012-04-30": "30.73820", "2011-04-30": "35.22820", "2010-04-30": "31.14620", "2009-04-30": "28.85930", "2008-04-30": "28.54380", "2007-04-30": "29.12530", "2006-04-30": "31.12140", "2005-04-30": "27.44660"}, "Pre-Tax Profit Margin": {"2020-04-30": "30.00300", "2019-04-30": "31.34780", "2018-04-30": "30.08010", "2017-04-30": "31.16230", "2016-04-30": "48.20330", "2015-04-30": "31.97190", "2014-04-30": "31.66170", "2013-04-30": "30.36150", "2012-04-30": "27.91040", "2011-04-30": "32.05720", "2010-04-30": "27.62250", "2009-04-30": "25.39300", "2008-04-30": "24.94190", "2007-04-30": "26.42020", "2006-04-30": "28.75510", "2005-04-30": "28.34650"}, "Net Profit Margin": {"2020-04-30": "24.59110", "2019-04-30": "25.12030", "2018-04-30": "22.07510", "2017-04-30": "22.34470", "2016-04-30": "34.54190", "2015-04-30": "21.82510", "2014-04-30": "22.03280", "2013-04-30": "20.74410", "2012-04-30": "18.83950", "2011-04-30": "22.08040", "2010-04-30": "18.18550", "2009-04-30": "17.53330", "2008-04-30": "17.04110", "2007-04-30": "17.53830", "2006-04-30": "16.46090", "2005-04-30": "17.32280"}, "Asset Turnover": {"2020-04-30": "0.58320", "2019-04-30": "0.64680", "2018-04-30": "0.65270", "2017-04-30": "0.64740", "2016-04-30": "0.73850", "2015-04-30": "0.74830", "2014-04-30": "0.72900", "2013-04-30": "0.78570", "2012-04-30": "0.78310", "2011-04-30": "0.69670", "2010-04-30": "0.72980", "2009-04-30": "0.71400", "2008-04-30": "0.75830", "2007-04-30": "0.62460", "2006-04-30": "0.71260", "2005-04-30": "0.67120"}, "Inventory Turnover Ratio": {"2020-04-30": "0.73350", "2019-04-30": "0.76180", "2018-04-30": "0.75850", "2017-04-30": "0.76610", "2016-04-30": "0.89660", "2015-04-30": "0.99790", "2014-04-30": "1.03510", "2013-04-30": "1.08100", "2012-04-30": "1.30340", "2011-04-30": "1.33230", "2010-04-30": "1.31800", "2009-04-30": "1.38650", "2008-04-30": "1.29490", "2007-04-30": "1.06200", "2006-04-30": "1.24460", "2005-04-30": "1.32340"}, "Receiveable Turnover": {"2020-04-30": "5.90000", "2019-04-30": "5.45810", "2018-04-30": "5.08290", "2017-04-30": "5.37520", "2016-04-30": "5.52590", "2015-04-30": "5.37560", "2014-04-30": "5.25660", "2013-04-30": "5.19890", "2012-04-30": "5.73260", "2011-04-30": "5.21370", "2010-04-30": "5.90670", "2009-04-30": "6.76020", "2008-04-30": "5.69980", "2007-04-30": "5.49010", "2006-04-30": "6.01860", "2005-04-30": "6.00680"}, "Days Sales In Receivables": {"2020-04-30": "61.86440", "2019-04-30": "66.87270", "2018-04-30": "71.80880", "2017-04-30": "67.90410", "2016-04-30": "66.05210", "2015-04-30": "67.89890", "2014-04-30": "69.43670", "2013-04-30": "70.20710", "2012-04-30": "63.67060", "2011-04-30": "70.00770", "2010-04-30": "61.79430", "2009-04-30": "53.99230", "2008-04-30": "64.03760", "2007-04-30": "66.48330", "2006-04-30": "60.64560", "2005-04-30": "60.76490"}, "ROE - Return On Equity": {"2020-04-30": "41.87340", "2019-04-30": "50.69820", "2018-04-30": "54.48330", "2017-04-30": "48.83210", "2016-04-30": "68.30990", "2015-04-30": "35.90550", "2014-04-30": "32.43110", "2013-04-30": "36.30220", "2012-04-30": "24.79460", "2011-04-30": "27.76700", "2010-04-30": "23.69390", "2009-04-30": "23.95370", "2008-04-30": "25.50730", "2007-04-30": "25.42910", "2006-04-30": "25.27190", "2005-04-30": "25.87790"}, "Return On Tangible Equity": {"2020-04-30": "141.60960", "2019-04-30": "335.34140", "2018-04-30": "-612.82060", "2017-04-30": "-2787.50000", "2016-04-30": "283.02390", "2015-04-30": "99.56330", "2014-04-30": "89.65990", "2013-04-30": "172.30320", "2012-04-30": "65.43370", "2011-04-30": "74.77120", "2010-04-30": "80.17860", "2009-04-30": "95.60440", "2008-04-30": "130.17750", "2007-04-30": "182.64840", "2006-04-30": "37.76290", "2005-04-30": "43.29500"}, "ROA - Return On Assets": {"2020-04-30": "14.34270", "2019-04-30": "16.24830", "2018-04-30": "14.40920", "2017-04-30": "14.46490", "2016-04-30": "25.50800", "2015-04-30": "16.33240", "2014-04-30": "16.06140", "2013-04-30": "16.29900", "2012-04-30": "14.75410", "2011-04-30": "15.40950", "2010-04-30": "13.27220", "2009-04-30": "12.51800", "2008-04-30": "12.92220", "2007-04-30": "11.26440", "2006-04-30": "14.47950", "2005-04-30": "12.79730"}, "ROI - Return On Investment": {"2020-04-30": "19.48630", "2019-04-30": "21.20900", "2018-04-30": "19.60620", "2017-04-30": "21.86990", "2016-04-30": "38.21630", "2015-04-30": "25.83080", "2014-04-30": "21.75640", "2013-04-30": "22.51430", "2012-04-30": "19.94560", "2011-04-30": "22.30890", "2010-04-30": "18.68500", "2009-04-30": "18.70970", "2008-04-30": "20.54160", "2007-04-30": "20.05010", "2006-04-30": "20.63740", "2005-04-30": "20.40940"}, "Book Value Per Share": {"2020-04-30": "4.13000", "2019-04-30": "3.45160", "2018-04-30": "2.73600", "2017-04-30": "2.85350", "2016-04-30": "3.15970", "2015-04-30": "3.65120", "2014-04-30": "3.80780", "2013-04-30": "3.04720", "2012-04-30": "5.82510", "2011-04-30": "3.78880", "2010-04-30": "3.43850", "2009-04-30": "3.22570", "2008-04-30": "3.05030", "2007-04-30": "2.72200", "2006-04-30": "2.72180", "2005-04-30": "2.29280"}, "Operating Cash Flow Per Share": {"2020-04-30": -0.1525, "2019-04-30": 0.311, "2018-04-30": 0.0044, "2017-04-30": 0.3181, "2016-04-30": -0.1153, "2015-04-30": -0.0657, "2014-04-30": 0.2079, "2013-04-30": 0.0439, "2012-04-30": -0.004, "2011-04-30": -0.019, "2010-04-30": 0.1133, "2009-04-30": -0.0573, "2008-04-30": 0.3124, "2007-04-30": 0.017, "2006-04-30": -0.0968, "2005-04-30": 0.6896}, "Free Cash Flow Per Share": {"2020-04-30": -0.1409, "2019-04-30": 0.3265, "2018-04-30": -0.0284, "2017-04-30": 0.3, "2016-04-30": -0.1015, "2015-04-30": -0.0603, "2014-04-30": 0.154, "2013-04-30": -0.0254, "2012-04-30": -0.0622, "2011-04-30": -0.0107, "2010-04-30": 0.1421, "2009-04-30": -0.0832, "2008-04-30": 0.3276, "2007-04-30": 0.0175, "2006-04-30": -0.0963, "2005-04-30": 0.613}}, "financial ratios, quarterly": {"Current Ratio": {"2020-10-31": "3.73290", "2020-07-31": "3.34190", "2020-04-30": "3.71020", "2020-01-31": "4.50900", "2019-10-31": "3.94160", "2019-07-31": "3.27220", "2019-04-30": "3.86770", "2019-01-31": "3.07820", "2018-10-31": "3.06480", "2018-07-31": "3.02190", "2018-04-30": "3.11210", "2018-01-31": "1.77730", "2017-10-31": "2.52950", "2017-07-31": "2.29840", "2017-04-30": "2.42370", "2017-01-31": "2.10350", "2016-10-31": "2.79870", "2016-07-31": "2.93020", "2016-04-30": "2.82300", "2016-01-31": "2.18640", "2015-10-31": "2.07790", "2015-07-31": "2.84630", "2015-04-30": "2.35280", "2015-01-31": "2.56860", "2014-10-31": "3.39090", "2014-07-31": "3.54630", "2014-04-30": "3.88060", "2014-01-31": "3.48180", "2013-10-31": "3.75090", "2013-07-31": "3.61360", "2013-04-30": "3.84990", "2013-01-31": "2.53490", "2012-10-31": "4.06210", "2012-07-31": "3.88310", "2012-04-30": "4.32920", "2012-01-31": "2.69170", "2011-10-31": "2.58480", "2011-07-31": "2.62300", "2011-04-30": "2.79490", "2011-01-31": "3.85440", "2010-10-31": "2.95610", "2010-07-31": "2.54160", "2010-04-30": "2.79670", "2010-01-31": "2.26370", "2009-10-31": "1.93650", "2009-07-31": "1.89870", "2009-04-30": "1.88280", "2009-01-31": "2.13740", "2008-10-31": "1.52020", "2008-07-31": "1.45680", "2008-04-30": "1.47970", "2008-01-31": "1.43300", "2007-10-31": "1.42040", "2007-07-31": "1.31600", "2007-04-30": "1.21380", "2007-01-31": "1.28150", "2006-10-31": "2.63590", "2006-07-31": "2.46400", "2006-04-30": "2.82780", "2006-01-31": "2.58850", "2005-10-31": "2.51260", "2005-07-31": "2.07730", "2005-04-30": "2.06110", "2005-01-31": "2.67970"}, "Long-term Debt / Capital": {"2020-10-31": "0.49000", "2020-07-31": "0.51860", "2020-04-30": "0.53460", "2020-01-31": "0.53350", "2019-10-31": "0.54090", "2019-07-31": "0.57680", "2019-04-30": "0.58170", "2019-01-31": "0.60650", "2018-10-31": "0.60450", "2018-07-31": "0.62810", "2018-04-30": "0.64010", "2018-01-31": "0.59580", "2017-10-31": "0.51070", "2017-07-31": "0.54780", "2017-04-30": "0.55210", "2017-01-31": "0.58500", "2016-10-31": "0.59910", "2016-07-31": "0.59490", "2016-04-30": "0.44050", "2016-01-31": "0.46450", "2015-10-31": "0.46730", "2015-07-31": "0.41860", "2015-04-30": "0.28060", "2015-01-31": "0.26820", "2014-10-31": "0.32480", "2014-07-31": "0.32700", "2014-04-30": "0.32920", "2014-01-31": "0.34550", "2013-10-31": "0.35170", "2013-07-31": "0.37440", "2013-04-30": "0.37980", "2013-01-31": "0.39620", "2012-10-31": "0.17870", "2012-07-31": "0.19130", "2012-04-30": "0.19560", "2012-01-31": "0.19840", "2011-10-31": "0.20080", "2011-07-31": "0.19610", "2011-04-30": "0.19660", "2011-01-31": "0.28770", "2010-10-31": "0.20470", "2010-07-31": "0.21420", "2010-04-30": "0.21140", "2010-01-31": "0.21270", "2009-10-31": "0.21340", "2009-07-31": "0.22020", "2009-04-30": "0.21890", "2009-01-31": "0.26720", "2008-10-31": "0.18530", "2008-07-31": "0.19220", "2008-04-30": "0.19470", "2008-01-31": "0.19760", "2007-10-31": "0.19290", "2007-07-31": "0.20780", "2007-04-30": "0.21150", "2007-01-31": "0.17110", "2006-10-31": "0.16820", "2006-07-31": "0.17970", "2006-04-30": "0.18340", "2006-01-31": "0.19400", "2005-10-31": "0.20080", "2005-07-31": "0.21790", "2005-04-30": "0.21130", "2005-01-31": "0.32620"}, "Debt/Equity Ratio": {"2020-10-31": "1.10990", "2020-07-31": "1.25810", "2020-04-30": "1.31750", "2020-01-31": "1.14560", "2019-10-31": "1.25850", "2019-07-31": "1.49550", "2019-04-30": "1.48150", "2019-01-31": "1.67980", "2018-10-31": "1.70070", "2018-07-31": "1.81730", "2018-04-30": "1.94220", "2018-01-31": "1.74600", "2017-10-31": "1.33820", "2017-07-31": "1.56900", "2017-04-30": "1.56860", "2017-01-31": "1.88010", "2016-10-31": "1.75680", "2016-07-31": "1.68500", "2016-04-30": "0.96090", "2016-01-31": "1.22650", "2015-10-31": "1.27190", "2015-07-31": "0.87400", "2015-04-30": "0.62100", "2015-01-31": "0.49290", "2014-10-31": "0.54070", "2014-07-31": "0.49220", "2014-04-30": "0.49460", "2014-01-31": "0.53260", "2013-10-31": "0.54620", "2013-07-31": "0.60200", "2013-04-30": "0.61550", "2013-01-31": "0.83020", "2012-10-31": "0.22210", "2012-07-31": "0.24100", "2012-04-30": "0.24650", "2012-01-31": "0.37430", "2011-10-31": "0.37890", "2011-07-31": "0.36780", "2011-04-30": "0.36840", "2011-01-31": "0.40550", "2010-10-31": "0.32430", "2010-07-31": "0.38590", "2010-04-30": "0.36890", "2010-01-31": "0.40740", "2009-10-31": "0.51390", "2009-07-31": "0.50770", "2009-04-30": "0.55010", "2009-01-31": "0.58390", "2008-10-31": "0.66180", "2008-07-31": "0.56960", "2008-04-30": "0.58320", "2008-01-31": "0.59850", "2007-10-31": "0.63850", "2007-07-31": "0.69590", "2007-04-30": "0.74830", "2007-01-31": "0.69590", "2006-10-31": "0.31490", "2006-07-31": "0.34190", "2006-04-30": "0.36850", "2006-01-31": "0.41150", "2005-10-31": "0.42960", "2005-07-31": "0.47610", "2005-04-30": "0.48090", "2005-01-31": "0.51020"}, "Gross Margin": {"2020-10-31": "58.98480", "2020-07-31": "61.75300", "2020-04-30": "63.89280", "2020-01-31": "61.95770", "2019-10-31": "62.58850", "2019-07-31": "65.01310", "2019-04-30": "64.78490", "2019-01-31": "63.16370", "2018-10-31": "64.83520", "2018-07-31": "68.27680", "2018-04-30": "69.84990", "2018-01-31": "66.85650", "2017-10-31": "66.73960", "2017-07-31": "68.18810", "2017-04-30": "69.06480", "2017-01-31": "66.33660", "2016-10-31": "66.50600", "2016-07-31": "68.53250", "2016-04-30": "70.42640", "2016-01-31": "68.60320", "2015-10-31": "68.61830", "2015-07-31": "70.24320", "2015-04-30": "71.17730", "2015-01-31": "68.01970", "2014-10-31": "69.44130", "2014-07-31": "70.21280", "2014-04-30": "71.44930", "2014-01-31": "68.03070", "2013-10-31": "69.14770", "2013-07-31": "69.53350", "2013-04-30": "69.65100", "2013-01-31": "67.87150", "2012-10-31": "67.56760", "2012-07-31": "69.66970", "2012-04-30": "70.02490", "2012-01-31": "64.26740", "2011-10-31": "64.25550", "2011-07-31": "65.89840", "2011-04-30": "69.30520", "2011-01-31": "65.46610", "2010-10-31": "65.69300", "2010-07-31": "66.52620", "2010-04-30": "67.08180", "2010-01-31": "64.46500", "2009-10-31": "63.39440", "2009-07-31": "66.59080", "2009-04-30": "66.84670", "2009-01-31": "62.55910", "2008-10-31": "63.24710", "2008-07-31": "62.03980", "2008-04-30": "66.13940", "2008-01-31": "64.33670", "2007-10-31": "65.67920", "2007-07-31": "66.59850", "2007-04-30": "65.99850", "2007-01-31": "66.53500", "2006-10-31": "65.72750", "2006-07-31": "69.08910", "2006-04-30": "70.55680", "2006-01-31": "66.85530", "2005-10-31": "64.93460", "2005-07-31": "67.36330", "2005-04-30": "69.95810", "2005-01-31": "63.63450"}, "Operating Margin": {"2020-10-31": "33.50250", "2020-07-31": "51.39440", "2020-04-30": "26.37520", "2020-01-31": "33.81540", "2019-10-31": "35.59150", "2019-07-31": "32.37600", "2019-04-30": "30.64520", "2019-01-31": "35.39820", "2018-10-31": "36.48350", "2018-07-31": "34.46480", "2018-04-30": "20.05460", "2018-01-31": "34.85190", "2017-10-31": "38.18380", "2017-07-31": "34.02490", "2017-04-30": "33.52520", "2017-01-31": "33.78710", "2016-10-31": "35.06020", "2016-07-31": "32.22390", "2016-04-30": "99.86250", "2016-01-31": "34.36340", "2015-10-31": "35.36300", "2015-07-31": "32.47500", "2015-04-30": "31.25850", "2015-01-31": "33.45630", "2014-10-31": "34.54960", "2014-07-31": "31.34750", "2014-04-30": "27.24640", "2014-01-31": "32.60870", "2013-10-31": "37.33490", "2013-07-31": "31.63270", "2013-04-30": "26.85890", "2013-01-31": "31.72690", "2012-10-31": "33.71940", "2012-07-31": "33.33330", "2012-04-30": "24.82990", "2012-01-31": "29.39000", "2011-10-31": "31.53250", "2011-07-31": "29.14710", "2011-04-30": "36.34870", "2011-01-31": "31.85030", "2010-10-31": "33.64830", "2010-07-31": "30.33020", "2010-04-30": "21.08540", "2010-01-31": "27.28270", "2009-10-31": "32.28390", "2009-07-31": "33.63700", "2009-04-30": "22.62990", "2009-01-31": "29.91220", "2008-10-31": "30.04470", "2008-07-31": "22.90650", "2008-04-30": "22.31010", "2008-01-31": "27.00770", "2007-10-31": "29.70930", "2007-07-31": "26.46910", "2007-04-30": "19.71580", "2007-01-31": "28.99850", "2006-10-31": "31.38640", "2006-07-31": "28.17820", "2006-04-30": "23.02900", "2006-01-31": "33.40740", "2005-10-31": "29.10610", "2005-07-31": "29.81330", "2005-04-30": "22.99630", "2005-01-31": "24.49410"}, "EBIT Margin": {"2020-10-31": "33.50250", "2020-07-31": "51.39440", "2020-04-30": "26.37520", "2020-01-31": "33.81540", "2019-10-31": "35.59150", "2019-07-31": "32.37600", "2019-04-30": "30.64520", "2019-01-31": "35.39820", "2018-10-31": "36.48350", "2018-07-31": "34.46480", "2018-04-30": "20.05460", "2018-01-31": "34.85190", "2017-10-31": "38.18380", "2017-07-31": "34.02490", "2017-04-30": "33.52520", "2017-01-31": "33.78710", "2016-10-31": "35.06020", "2016-07-31": "32.22390", "2016-04-30": "99.86250", "2016-01-31": "34.36340", "2015-10-31": "35.36300", "2015-07-31": "32.47500", "2015-04-30": "31.25850", "2015-01-31": "33.45630", "2014-10-31": "34.54960", "2014-07-31": "31.34750", "2014-04-30": "27.24640", "2014-01-31": "32.60870", "2013-10-31": "37.33490", "2013-07-31": "31.63270", "2013-04-30": "26.85890", "2013-01-31": "31.72690", "2012-10-31": "33.71940", "2012-07-31": "33.33330", "2012-04-30": "24.82990", "2012-01-31": "29.39000", "2011-10-31": "31.53250", "2011-07-31": "29.14710", "2011-04-30": "36.34870", "2011-01-31": "31.85030", "2010-10-31": "33.64830", "2010-07-31": "30.33020", "2010-04-30": "21.08540", "2010-01-31": "27.28270", "2009-10-31": "32.28390", "2009-07-31": "33.63700", "2009-04-30": "22.62990", "2009-01-31": "29.91220", "2008-10-31": "30.04470", "2008-07-31": "22.90650", "2008-04-30": "22.31010", "2008-01-31": "27.00770", "2007-10-31": "29.70930", "2007-07-31": "26.46910", "2007-04-30": "19.71580", "2007-01-31": "28.99850", "2006-10-31": "31.38640", "2006-07-31": "28.17820", "2006-04-30": "23.02900", "2006-01-31": "33.40740", "2005-10-31": "29.10610", "2005-07-31": "29.81330", "2005-04-30": "22.99640", "2005-01-31": "24.49410"}, "EBITDA Margin": {"2020-10-31": "", "2020-07-31": "", "2020-04-30": "", "2020-01-31": "", "2019-10-31": "", "2019-07-31": "", "2019-04-30": "", "2019-01-31": "", "2018-10-31": "", "2018-07-31": "", "2018-04-30": "", "2018-01-31": "", "2017-10-31": "", "2017-07-31": "", "2017-04-30": "", "2017-01-31": "", "2016-10-31": "", "2016-07-31": "", "2016-04-30": "", "2016-01-31": "", "2015-10-31": "", "2015-07-31": "", "2015-04-30": "", "2015-01-31": "", "2014-10-31": "", "2014-07-31": "", "2014-04-30": "", "2014-01-31": "", "2013-10-31": "", "2013-07-31": "", "2013-04-30": "", "2013-01-31": "", "2012-10-31": "", "2012-07-31": "", "2012-04-30": "", "2012-01-31": "", "2011-10-31": "", "2011-07-31": "", "2011-04-30": "", "2011-01-31": "", "2010-10-31": "", "2010-07-31": "", "2010-04-30": "", "2010-01-31": "", "2009-10-31": "", "2009-07-31": "", "2009-04-30": "", "2009-01-31": "", "2008-10-31": "", "2008-07-31": "", "2008-04-30": "", "2008-01-31": "", "2007-10-31": "", "2007-07-31": "", "2007-04-30": "", "2007-01-31": "", "2006-10-31": "", "2006-07-31": "", "2006-04-30": "", "2006-01-31": "", "2005-10-31": "", "2005-07-31": "", "2005-04-30": "", "2005-01-31": ""}, "Pre-Tax Profit Margin": {"2020-10-31": "31.37060", "2020-07-31": "48.60560", "2020-04-30": "23.41330", "2020-01-31": "31.59070", "2019-10-31": "33.46820", "2019-07-31": "29.76500", "2019-04-30": "27.68820", "2019-01-31": "31.41590", "2018-10-31": "34.06590", "2018-07-31": "31.59270", "2018-04-30": "17.46250", "2018-01-31": "32.91570", "2017-10-31": "36.21440", "2017-07-31": "31.67360", "2017-04-30": "28.48920", "2017-01-31": "31.93070", "2016-10-31": "33.25300", "2016-07-31": "30.40850", "2016-04-30": "98.34940", "2016-01-31": "32.88010", "2015-10-31": "33.95780", "2015-07-31": "31.18740", "2015-04-30": "30.58190", "2015-01-31": "32.71830", "2014-10-31": "33.75140", "2014-07-31": "30.35460", "2014-04-30": "26.37680", "2014-01-31": "31.84140", "2013-10-31": "36.61460", "2013-07-31": "30.75800", "2013-04-30": "24.43100", "2013-01-31": "30.65600", "2012-10-31": "33.20460", "2012-07-31": "32.58260", "2012-04-30": "23.75100", "2012-01-31": "28.34950", "2011-10-31": "30.62350", "2011-07-31": "28.03390", "2011-04-30": "35.23440", "2011-01-31": "30.87570", "2010-10-31": "32.77490", "2010-07-31": "29.24130", "2010-04-30": "19.94660", "2010-01-31": "26.16880", "2009-10-31": "31.22500", "2009-07-31": "32.39310", "2009-04-30": "21.23300", "2009-01-31": "28.54490", "2008-10-31": "28.97410", "2008-07-31": "21.68460", "2008-04-30": "20.89310", "2008-01-31": "25.65440", "2007-10-31": "28.00450", "2007-07-31": "24.57840", "2007-04-30": "17.80250", "2007-01-31": "28.56900", "2006-10-31": "31.06000", "2006-07-31": "27.96040", "2006-04-30": "22.93990", "2006-01-31": "33.46810", "2005-10-31": "28.86990", "2005-07-31": "29.23520", "2005-04-30": "22.23680", "2005-01-31": "39.41160"}, "Net Profit Margin": {"2020-10-31": "24.36550", "2020-07-31": "43.02790", "2020-04-30": "18.05360", "2020-01-31": "25.69520", "2019-10-31": "28.51370", "2019-07-31": "24.28200", "2019-04-30": "21.37100", "2019-01-31": "25.11060", "2018-10-31": "27.36260", "2018-07-31": "26.10970", "2018-04-30": "15.00680", "2018-01-31": "21.64010", "2017-10-31": "26.14880", "2017-07-31": "24.61960", "2017-04-30": "21.00720", "2017-01-31": "22.52480", "2016-10-31": "23.73490", "2016-07-31": "21.78520", "2016-04-30": "71.66440", "2016-01-31": "23.48580", "2015-10-31": "23.41920", "2015-07-31": "22.31760", "2015-04-30": "18.94450", "2015-01-31": "22.87820", "2014-10-31": "23.71720", "2014-07-31": "21.27660", "2014-04-30": "19.27540", "2014-01-31": "22.63430", "2013-10-31": "24.72990", "2013-07-31": "20.84550", "2013-04-30": "17.29890", "2013-01-31": "21.01740", "2012-10-31": "22.26510", "2012-07-31": "22.07210", "2012-04-30": "17.31120", "2012-01-31": "18.97090", "2011-10-31": "20.16390", "2011-07-31": "18.51680", "2011-04-30": "27.02390", "2011-01-31": "19.87290", "2010-10-31": "22.05040", "2010-07-31": "19.56450", "2010-04-30": "12.88260", "2010-01-31": "16.92810", "2009-10-31": "21.07900", "2009-07-31": "21.26840", "2009-04-30": "14.93760", "2009-01-31": "20.83050", "2008-10-31": "19.40640", "2008-07-31": "14.36950", "2008-04-30": "16.36180", "2008-01-31": "17.25160", "2007-10-31": "18.08270", "2007-07-31": "16.23230", "2007-04-30": "12.09910", "2007-01-31": "18.05530", "2006-10-31": "21.26780", "2006-07-31": "18.55450", "2006-04-30": "17.34970", "2006-01-31": "24.35330", "2005-10-31": "19.76740", "2005-07-31": "2.84570", "2005-04-30": "15.81980", "2005-01-31": "19.82060"}, "Asset Turnover": {"2020-10-31": "0.15510", "2020-07-31": "0.12160", "2020-04-30": "0.12300", "2020-01-31": "0.16290", "2019-10-31": "0.17810", "2019-07-31": "0.14390", "2019-04-30": "0.14480", "2019-01-31": "0.17510", "2018-10-31": "0.17670", "2018-07-31": "0.15240", "2018-04-30": "0.14730", "2018-01-31": "0.17410", "2017-10-31": "0.18360", "2017-07-31": "0.15060", "2017-04-30": "0.15030", "2017-01-31": "0.17570", "2016-10-31": "0.17580", "2016-07-31": "0.13900", "2016-04-30": "0.17380", "2016-01-31": "0.18670", "2015-10-31": "0.19770", "2015-07-31": "0.16130", "2015-04-30": "0.17650", "2015-01-31": "0.19540", "2014-10-31": "0.20670", "2014-07-31": "0.16820", "2014-04-30": "0.16820", "2014-01-31": "0.19580", "2013-10-31": "0.21460", "2013-07-31": "0.18610", "2013-04-30": "0.18170", "2013-01-31": "0.19490", "2012-10-31": "0.20430", "2012-07-31": "0.18590", "2012-04-30": "0.17330", "2012-01-31": "0.19080", "2011-10-31": "0.21260", "2011-07-31": "0.17010", "2011-04-30": "0.16440", "2011-01-31": "0.20100", "2010-10-31": "0.20300", "2010-07-31": "0.16840", "2010-04-30": "0.16610", "2010-01-31": "0.18650", "2009-10-31": "0.19490", "2009-07-31": "0.16570", "2009-04-30": "0.15450", "2009-01-31": "0.16930", "2008-10-31": "0.20050", "2008-07-31": "0.17800", "2008-04-30": "0.17820", "2008-01-31": "0.19830", "2007-10-31": "0.20180", "2007-07-31": "0.17570", "2007-04-30": "0.15450", "2007-01-31": "0.15600", "2006-10-31": "0.19900", "2006-07-31": "0.18320", "2006-04-30": "0.16460", "2006-01-31": "0.18640", "2005-10-31": "0.21240", "2005-07-31": "0.17320", "2005-04-30": "0.14410", "2005-01-31": "0.18280"}, "Inventory Turnover Ratio": {"2020-10-31": "0.23560", "2020-07-31": "0.16540", "2020-04-30": "0.15190", "2020-01-31": "0.20500", "2019-10-31": "0.22370", "2019-07-31": "0.16660", "2019-04-30": "0.17240", "2019-01-31": "0.22640", "2018-10-31": "0.21670", "2018-07-31": "0.16770", "2018-04-30": "0.16030", "2018-01-31": "0.21670", "2017-10-31": "0.22370", "2017-07-31": "0.17200", "2017-04-30": "0.16930", "2017-01-31": "0.21970", "2016-10-31": "0.21620", "2016-07-31": "0.16480", "2016-04-30": "0.20400", "2016-01-31": "0.24640", "2015-10-31": "0.25120", "2015-07-31": "0.20100", "2015-04-30": "0.22350", "2015-01-31": "0.28260", "2014-10-31": "0.27600", "2014-07-31": "0.22130", "2014-04-30": "0.22340", "2014-01-31": "0.28640", "2013-10-31": "0.28520", "2013-07-31": "0.23910", "2013-04-30": "0.24180", "2013-01-31": "0.29930", "2012-10-31": "0.31600", "2012-07-31": "0.26430", "2012-04-30": "0.25370", "2012-01-31": "0.36640", "2011-10-31": "0.40200", "2011-07-31": "0.31730", "2011-04-30": "0.28950", "2011-01-31": "0.36120", "2010-10-31": "0.34280", "2010-07-31": "0.28370", "2010-04-30": "0.28420", "2010-01-31": "0.34410", "2009-10-31": "0.37060", "2009-07-31": "0.27820", "2009-04-30": "0.27300", "2009-01-31": "0.34480", "2008-10-31": "0.39710", "2008-07-31": "0.32860", "2008-04-30": "0.30000", "2008-01-31": "0.35140", "2007-10-31": "0.33480", "2007-07-31": "0.27060", "2007-04-30": "0.26890", "2007-01-31": "0.27800", "2006-10-31": "0.33600", "2006-07-31": "0.28560", "2006-04-30": "0.25870", "2006-01-31": "0.31550", "2005-10-31": "0.36940", "2005-07-31": "0.30080", "2005-04-30": "0.24400", "2005-01-31": "0.30380"}, "Receiveable Turnover": {"2020-10-31": "1.12060", "2020-07-31": "1.04440", "2020-04-30": "1.24390", "2020-01-31": "1.22810", "2019-10-31": "1.20170", "2019-07-31": "1.22360", "2019-04-30": "1.22170", "2019-01-31": "1.22660", "2018-10-31": "1.18490", "2018-07-31": "1.16410", "2018-04-30": "1.14710", "2018-01-31": "1.21100", "2017-10-31": "1.21380", "2017-07-31": "1.25520", "2017-04-30": "1.24780", "2017-01-31": "1.32240", "2016-10-31": "1.25760", "2016-07-31": "1.31940", "2016-04-30": "1.30050", "2016-01-31": "1.28410", "2015-10-31": "1.17470", "2015-07-31": "1.38420", "2015-04-30": "1.26760", "2015-01-31": "1.28840", "2014-10-31": "1.15240", "2014-07-31": "1.28880", "2014-04-30": "1.21270", "2014-01-31": "1.15170", "2013-10-31": "1.14270", "2013-07-31": "1.26570", "2013-04-30": "1.20260", "2013-01-31": "1.17860", "2012-10-31": "1.14010", "2012-07-31": "1.26880", "2012-04-30": "1.26840", "2012-01-31": "1.23370", "2011-10-31": "1.21690", "2011-07-31": "1.21880", "2011-04-30": "1.23020", "2011-01-31": "1.33510", "2010-10-31": "1.28380", "2010-07-31": "1.38340", "2010-04-30": "1.34450", "2010-01-31": "1.40400", "2009-10-31": "1.34620", "2009-07-31": "1.45390", "2009-04-30": "1.46290", "2009-01-31": "1.43260", "2008-10-31": "1.38080", "2008-07-31": "1.43140", "2008-04-30": "1.33970", "2008-01-31": "1.42130", "2007-10-31": "1.33730", "2007-07-31": "1.49090", "2007-04-30": "1.35840", "2007-01-31": "1.19970", "2006-10-31": "1.31790", "2006-07-31": "1.52480", "2006-04-30": "1.39010", "2006-01-31": "1.58290", "2005-10-31": "1.35900", "2005-07-31": "1.40120", "2005-04-30": "1.28990", "2005-01-31": "1.34220"}, "Days Sales In Receivables": {"2020-10-31": "80.31470", "2020-07-31": "86.17530", "2020-04-30": "72.35540", "2020-01-31": "73.28140", "2019-10-31": "74.89380", "2019-07-31": "73.55090", "2019-04-30": "73.66940", "2019-01-31": "73.37390", "2018-10-31": "75.95600", "2018-07-31": "77.31070", "2018-04-30": "78.45840", "2018-01-31": "74.31660", "2017-10-31": "74.14660", "2017-07-31": "71.70120", "2017-04-30": "72.12950", "2017-01-31": "68.05690", "2016-10-31": "71.56630", "2016-07-31": "68.21480", "2016-04-30": "69.20220", "2016-01-31": "70.08650", "2015-10-31": "76.61590", "2015-07-31": "65.02150", "2015-04-30": "71.00140", "2015-01-31": "69.85240", "2014-10-31": "78.09580", "2014-07-31": "69.82980", "2014-04-30": "74.21740", "2014-01-31": "78.14580", "2013-10-31": "78.76350", "2013-07-31": "71.10790", "2013-04-30": "74.84070", "2013-01-31": "76.36140", "2012-10-31": "78.93820", "2012-07-31": "70.93240", "2012-04-30": "70.95440", "2012-01-31": "72.95180", "2011-10-31": "73.96110", "2011-07-31": "73.84290", "2011-04-30": "73.15630", "2011-01-31": "67.41100", "2010-10-31": "70.10310", "2010-07-31": "65.05800", "2010-04-30": "66.93950", "2010-01-31": "64.10420", "2009-10-31": "66.85600", "2009-07-31": "61.90260", "2009-04-30": "61.51980", "2009-01-31": "62.82070", "2008-10-31": "65.17960", "2008-07-31": "62.87390", "2008-04-30": "67.17750", "2008-01-31": "63.32390", "2007-10-31": "67.29880", "2007-07-31": "60.36790", "2007-04-30": "66.25360", "2007-01-31": "75.01800", "2006-10-31": "68.29240", "2006-07-31": "59.02580", "2006-04-30": "64.74390", "2006-01-31": "56.85930", "2005-10-31": "66.22460", "2005-07-31": "64.22860", "2005-04-30": "69.77480", "2005-01-31": "67.05400"}, "ROE - Return On Equity": {"2020-10-31": "9.98750", "2020-07-31": "15.06980", "2020-04-30": "6.48100", "2020-01-31": "11.52120", "2019-10-31": "14.52110", "2019-07-31": "11.18460", "2019-04-30": "9.65390", "2019-01-31": "15.20430", "2018-10-31": "16.63330", "2018-07-31": "14.61990", "2018-04-30": "8.35870", "2018-01-31": "15.82020", "2017-10-31": "14.51120", "2017-07-31": "12.53520", "2017-04-30": "10.65690", "2017-01-31": "15.37160", "2016-10-31": "15.35460", "2016-07-31": "10.82710", "2016-04-30": "33.35470", "2016-01-31": "13.40860", "2015-10-31": "14.27550", "2015-07-31": "9.13880", "2015-04-30": "7.34910", "2015-01-31": "9.11320", "2014-10-31": "10.02410", "2014-07-31": "7.30280", "2014-04-30": "6.54530", "2014-01-31": "9.37000", "2013-10-31": "11.20780", "2013-07-31": "8.58340", "2013-04-30": "7.00250", "2013-01-31": "10.33710", "2012-10-31": "7.50610", "2012-07-31": "6.92740", "2012-04-30": "5.03630", "2012-01-31": "6.54150", "2011-10-31": "7.85560", "2011-07-31": "5.70480", "2011-04-30": "8.05340", "2011-01-31": "7.50920", "2010-10-31": "7.79590", "2010-07-31": "5.96710", "2010-04-30": "3.82060", "2010-01-31": "5.73390", "2009-10-31": "7.85940", "2009-07-31": "6.73320", "2009-04-30": "4.41630", "2009-01-31": "6.81170", "2008-10-31": "7.90200", "2008-07-31": "5.03710", "2008-04-30": "5.75070", "2008-01-31": "6.83940", "2007-10-31": "7.40000", "2007-07-31": "5.93690", "2007-04-30": "4.39290", "2007-01-31": "6.23740", "2006-10-31": "7.12730", "2006-07-31": "5.86190", "2006-04-30": "4.83690", "2006-01-31": "8.21700", "2005-10-31": "7.98570", "2005-07-31": "6.93230", "2005-04-30": "4.68700", "2005-01-31": "10.02260"}, "Return On Tangible Equity": {"2020-10-31": "24.24240", "2020-07-31": "44.20190", "2020-04-30": "21.91780", "2020-01-31": "39.41980", "2019-10-31": "53.71430", "2019-07-31": "72.94120", "2019-04-30": "63.85540", "2019-01-31": "257.95460", "2018-10-31": "251.51520", "2018-07-31": "-444.44450", "2018-04-30": "-94.01710", "2018-01-31": "-76.92310", "2017-10-31": "103.01730", "2017-07-31": "4450.00000", "2017-04-30": "-608.33340", "2017-01-31": "-91.91920", "2016-10-31": "-197.00000", "2016-07-31": "-192.00000", "2016-04-30": "138.19630", "2016-01-31": "77.23580", "2015-10-31": "106.95190", "2015-07-31": "31.38830", "2015-04-30": "20.37850", "2015-01-31": "22.82210", "2014-10-31": "25.67900", "2014-07-31": "19.48050", "2014-04-30": "18.09520", "2014-01-31": "29.50000", "2013-10-31": "37.66000", "2013-07-31": "37.73090", "2013-04-30": "33.23620", "2013-01-31": "68.26090", "2012-10-31": "16.93750", "2012-07-31": "17.39440", "2012-04-30": "13.29080", "2012-01-31": "17.73720", "2011-10-31": "22.12550", "2011-07-31": "15.28800", "2011-04-30": "21.68630", "2011-01-31": "26.12330", "2010-10-31": "24.18720", "2010-07-31": "20.85360", "2010-04-30": "12.92860", "2010-01-31": "20.30870", "2009-10-31": "29.27850", "2009-07-31": "27.74860", "2009-04-30": "17.62640", "2009-01-31": "27.30090", "2008-10-31": "31.61850", "2008-07-31": "24.14450", "2008-04-30": "29.34910", "2008-01-31": "37.14740", "2007-10-31": "35.25730", "2007-07-31": "39.40520", "2007-04-30": "31.55250", "2007-01-31": "25.36940", "2006-10-31": "12.68310", "2006-07-31": "11.16360", "2006-04-30": "7.22750", "2006-01-31": "12.75900", "2005-10-31": "12.69590", "2005-07-31": "11.78930", "2005-04-30": "7.84160", "2005-01-31": "19.93590"}, "ROA - Return On Assets": {"2020-10-31": "3.77950", "2020-07-31": "5.23340", "2020-04-30": "2.21990", "2020-01-31": "4.18630", "2019-10-31": "5.07830", "2019-07-31": "3.49490", "2019-04-30": "3.09400", "2019-01-31": "4.39670", "2018-10-31": "4.83590", "2018-07-31": "3.98010", "2018-04-30": "2.21060", "2018-01-31": "3.76830", "2017-10-31": "4.80110", "2017-07-31": "3.70680", "2017-04-30": "3.15680", "2017-01-31": "3.95650", "2016-10-31": "4.17370", "2016-07-31": "3.02840", "2016-04-30": "12.45520", "2016-01-31": "4.38500", "2015-10-31": "4.63070", "2015-07-31": "3.59940", "2015-04-30": "3.34290", "2015-01-31": "4.47010", "2014-10-31": "4.90220", "2014-07-31": "3.57910", "2014-04-30": "3.24150", "2014-01-31": "4.43280", "2013-10-31": "5.30650", "2013-07-31": "3.87950", "2013-04-30": "3.14400", "2013-01-31": "4.09680", "2012-10-31": "4.54800", "2012-07-31": "4.10270", "2012-04-30": "2.99680", "2012-01-31": "3.62040", "2011-10-31": "4.29010", "2011-07-31": "3.15000", "2011-04-30": "4.46930", "2011-01-31": "3.99390", "2010-10-31": "4.47660", "2010-07-31": "3.29400", "2010-04-30": "2.14010", "2010-01-31": "3.15650", "2009-10-31": "4.10880", "2009-07-31": "3.52480", "2009-04-30": "2.30790", "2009-01-31": "3.52590", "2008-10-31": "3.89070", "2008-07-31": "2.55730", "2008-04-30": "2.91340", "2008-01-31": "3.41730", "2007-10-31": "3.65170", "2007-07-31": "2.85440", "2007-04-30": "1.94590", "2007-01-31": "2.99130", "2006-10-31": "4.26300", "2006-07-31": "3.43180", "2006-04-30": "2.77130", "2006-01-31": "4.52420", "2005-10-31": "4.31360", "2005-07-31": "3.36970", "2005-04-30": "2.31790", "2005-01-31": "4.74410"}, "ROI - Return On Investment": {"2020-10-31": "5.09340", "2020-07-31": "7.25480", "2020-04-30": "3.01600", "2020-01-31": "5.37460", "2019-10-31": "6.66670", "2019-07-31": "4.73280", "2019-04-30": "4.03860", "2019-01-31": "5.98310", "2018-10-31": "6.57860", "2018-07-31": "5.43770", "2018-04-30": "3.00790", "2018-01-31": "6.39520", "2017-10-31": "7.10040", "2017-07-31": "5.66880", "2017-04-30": "4.77280", "2017-01-31": "6.37930", "2016-10-31": "6.15630", "2016-07-31": "4.38620", "2016-04-30": "18.66050", "2016-01-31": "7.18070", "2015-10-31": "7.60460", "2015-07-31": "5.31340", "2015-04-30": "5.28700", "2015-01-31": "6.66910", "2014-10-31": "6.76860", "2014-07-31": "4.91480", "2014-04-30": "4.39090", "2014-01-31": "6.13310", "2013-10-31": "7.26630", "2013-07-31": "5.36990", "2013-04-30": "4.34290", "2013-01-31": "6.24160", "2012-10-31": "6.16490", "2012-07-31": "5.60190", "2012-04-30": "4.05130", "2012-01-31": "5.24390", "2011-10-31": "6.27790", "2011-07-31": "4.58590", "2011-04-30": "6.47040", "2011-01-31": "5.34900", "2010-10-31": "6.19990", "2010-07-31": "4.68910", "2010-04-30": "3.01290", "2010-01-31": "4.51450", "2009-10-31": "6.18210", "2009-07-31": "5.25060", "2009-04-30": "3.44950", "2009-01-31": "4.99150", "2008-10-31": "6.43740", "2008-07-31": "4.06880", "2008-04-30": "4.63120", "2008-01-31": "5.48790", "2007-10-31": "5.97270", "2007-07-31": "4.70340", "2007-04-30": "3.46370", "2007-01-31": "5.17030", "2006-10-31": "5.92880", "2006-07-31": "4.80840", "2006-04-30": "3.94980", "2006-01-31": "6.62260", "2005-10-31": "6.38200", "2005-07-31": "5.42200", "2005-04-30": "3.69660", "2005-01-31": "6.75350"}, "Book Value Per Share": {"2020-10-31": "5.02120", "2020-07-31": "4.49370", "2020-04-30": "4.13000", "2020-01-31": "4.19390", "2019-10-31": "4.06430", "2019-07-31": "3.48240", "2019-04-30": "3.45160", "2019-01-31": "3.12990", "2018-10-31": "3.12790", "2018-07-31": "2.84310", "2018-04-30": "2.73600", "2018-01-31": "2.49760", "2017-10-31": "3.42840", "2017-07-31": "2.95620", "2017-04-30": "2.85350", "2017-01-31": "2.46750", "2016-10-31": "2.65630", "2016-07-31": "2.71770", "2016-04-30": "3.15970", "2016-01-31": "2.81780", "2015-10-31": "2.78330", "2015-07-31": "3.30670", "2015-04-30": "3.65120", "2015-01-31": "3.87430", "2014-10-31": "3.92590", "2014-07-31": "3.84830", "2014-04-30": "3.80780", "2014-01-31": "3.54290", "2013-10-31": "3.44870", "2013-07-31": "3.11690", "2013-04-30": "3.04720", "2013-01-31": "2.84400", "2012-10-31": "4.31930", "2012-07-31": "3.97940", "2012-04-30": "5.82510", "2012-01-31": "3.82070", "2011-10-31": "3.76890", "2011-07-31": "3.81290", "2011-04-30": "3.78880", "2011-01-31": "3.44150", "2010-10-31": "3.62540", "2010-07-31": "3.40450", "2010-04-30": "3.43850", "2010-01-31": "3.41640", "2009-10-31": "3.39600", "2009-07-31": "3.22710", "2009-04-30": "3.22570", "2009-01-31": "3.21070", "2008-10-31": "3.20280", "2008-07-31": "3.09510", "2008-04-30": "3.05030", "2008-01-31": "2.96220", "2007-10-31": "3.02470", "2007-07-31": "2.77590", "2007-04-30": "2.72200", "2007-01-31": "3.10050", "2006-10-31": "3.03280", "2006-07-31": "2.80190", "2006-04-30": "2.72180", "2006-01-31": "2.55000", "2005-10-31": "2.44560", "2005-07-31": "2.20650", "2005-04-30": "2.29280", "2005-01-31": "2.17460"}, "Operating Cash Flow Per Share": {"2020-10-31": 0.3993, "2020-07-31": "0.18940", "2020-04-30": 0.4483, "2020-01-31": 0.6695, "2019-10-31": 0.2392, "2019-07-31": "0.15000", "2019-04-30": 0.4577, "2019-01-31": 0.6393, "2018-10-31": 0.3024, "2018-07-31": "0.26010", "2018-04-30": 0.1466, "2018-01-31": 0.7508, "2017-10-31": 0.2337, "2017-07-31": "0.21740", "2017-04-30": 0.4246, "2017-01-31": 0.5745, "2016-10-31": 0.0864, "2016-07-31": "0.25860", "2016-04-30": 0.1406, "2016-01-31": 0.5719, "2015-10-31": 0.0317, "2015-07-31": "0.28180", "2015-04-30": 0.4358, "2015-01-31": 0.5744, "2014-10-31": -0.0773, "2014-07-31": "0.20840", "2014-04-30": 0.4807, "2014-01-31": 0.3527, "2013-10-31": 0.2008, "2013-07-31": "0.17280", "2013-04-30": 0.3165, "2013-01-31": 0.3755, "2012-10-31": 0.1451, "2012-07-31": "0.16200", "2012-04-30": 0.318, "2012-01-31": 0.3496, "2011-10-31": 0.1706, "2011-07-31": "0.11700", "2011-04-30": 0.2297, "2011-01-31": 0.4059, "2010-10-31": 0.1488, "2010-07-31": "0.17480", "2010-04-30": 0.211, "2010-01-31": 0.3983, "2009-10-31": 0.1599, "2009-07-31": "0.20900", "2009-04-30": 0.2607, "2009-01-31": 0.3999, "2008-10-31": 0.0204, "2008-07-31": "0.18390", "2008-04-30": 0.2385, "2008-01-31": 0.3445, "2007-10-31": 0.1191, "2007-07-31": "0.22010", "2007-04-30": 0.1331, "2007-01-31": 0.2934, "2006-10-31": 0.0523, "2006-07-31": "0.13100", "2006-04-30": 0.1725, "2006-01-31": 0.3062, "2005-10-31": 0.0557, "2005-07-31": "0.05840", "2005-04-30": 0.0939, "2005-01-31": 0.5957}, "Free Cash Flow Per Share": {"2020-10-31": 0.3701, "2020-07-31": "0.15820", "2020-04-30": 0.3878, "2020-01-31": 0.5947, "2019-10-31": 0.1831, "2019-07-31": "0.10620", "2019-04-30": 0.3858, "2019-01-31": 0.574, "2018-10-31": 0.2403, "2018-07-31": "0.21260", "2018-04-30": 0.0908, "2018-01-31": 0.6767, "2017-10-31": 0.1593, "2017-07-31": "0.15940", "2017-04-30": 0.3418, "2017-01-31": 0.5013, "2016-10-31": 0.0452, "2016-07-31": "0.22630", "2016-04-30": 0.1031, "2016-01-31": 0.5246, "2015-10-31": -0.0202, "2015-07-31": "0.20710", "2015-04-30": 0.3837, "2015-01-31": 0.5118, "2014-10-31": -0.1301, "2014-07-31": "0.15070", "2014-04-30": 0.4121, "2014-01-31": 0.3022, "2013-10-31": 0.1358, "2013-07-31": "0.12630", "2013-04-30": 0.2495, "2013-01-31": 0.3384, "2012-10-31": 0.1041, "2012-07-31": "0.13040", "2012-04-30": 0.2686, "2012-01-31": 0.3264, "2011-10-31": 0.1471, "2011-07-31": "0.10570", "2011-04-30": 0.2068, "2011-01-31": 0.385, "2010-10-31": 0.136, "2010-07-31": "0.18220", "2010-04-30": 0.1845, "2010-01-31": 0.3895, "2009-10-31": 0.1497, "2009-07-31": "0.19700", "2009-04-30": 0.2398, "2009-01-31": 0.3808, "2008-10-31": -0.0027, "2008-07-31": "0.16070", "2008-04-30": 0.2227, "2008-01-31": 0.3325, "2007-10-31": 0.106, "2007-07-31": "0.20060", "2007-04-30": 0.0996, "2007-01-31": 0.2624, "2006-10-31": 0.0592, "2006-07-31": "0.11300", "2006-04-30": 0.1412, "2006-01-31": 0.2978, "2005-10-31": 0.0332, "2005-07-31": "0.04450", "2005-04-30": 0.0713, "2005-01-31": 0.5417}}, "revenue": {"Brown-Forman Annual Revenue (Millions of US $)": {"2020": "$3,363", "2019": "$3,324", "2018": "$3,248", "2017": "$2,994", "2016": "$3,089", "2015": "$3,134", "2014": "$2,991", "2013": "$2,849", "2012": "$2,723", "2011": "$2,586", "2010": "$2,469", "2009": "$2,481", "2008": "$2,582", "2007": "$2,218", "2006": "$1,944", "2005": "$1,778"}, "Brown-Forman Quarterly Revenue (Millions of US $)": {"2020-10-31": "$985", "2020-07-31": "$753", "2020-04-30": "$709", "2020-01-31": "$899", "2019-10-31": "$989", "2019-07-31": "$766", "2019-04-30": "$744", "2019-01-31": "$904", "2018-10-31": "$910", "2018-07-31": "$766", "2018-04-30": "$733", "2018-01-31": "$878", "2017-10-31": "$914", "2017-07-31": "$723", "2017-04-30": "$695", "2017-01-31": "$808", "2016-10-31": "$830", "2016-07-31": "$661", "2016-04-30": "$727", "2016-01-31": "$809", "2015-10-31": "$854", "2015-07-31": "$699", "2015-04-30": "$739", "2015-01-31": "$813", "2014-10-31": "$877", "2014-07-31": "$705", "2014-04-30": "$690", "2014-01-31": "$782", "2013-10-31": "$833", "2013-07-31": "$686", "2013-04-30": "$659", "2013-01-31": "$747", "2012-10-31": "$777", "2012-07-31": "$666", "2012-04-30": "$603", "2012-01-31": "$702", "2011-10-31": "$781", "2011-07-31": "$638", "2011-04-30": "$610", "2011-01-31": "$708", "2010-10-31": "$698", "2010-07-31": "$569", "2010-04-30": "$562", "2010-01-31": "$637", "2009-10-31": "$699", "2009-07-31": "$571", "2009-04-30": "$537", "2009-01-31": "$592", "2008-10-31": "$738", "2008-07-31": "$614", "2008-04-30": "$607", "2008-01-31": "$672", "2007-10-31": "$716", "2007-07-31": "$587", "2007-04-30": "$549", "2007-01-31": "$582", "2006-10-31": "$582", "2006-07-31": "$505", "2006-04-30": "$449", "2006-01-31": "$495", "2005-10-31": "$550", "2005-07-31": "$450", "2005-04-30": "$382", "2005-01-31": "$479"}}, "gross-profit": {"Brown-Forman Annual Gross Profit (Millions of US $)": {"2020": "$2,127", "2019": "$2,166", "2018": "$2,202", "2017": "$2,021", "2016": "$2,144", "2015": "$2,183", "2014": "$2,078", "2013": "$1,955", "2012": "$1,795", "2011": "$1,724", "2010": "$1,611", "2009": "$1,577", "2008": "$1,695", "2007": "$1,481", "2006": "$1,308", "2005": "$1,156"}, "Brown-Forman Quarterly Gross Profit (Millions of US $)": {"2020-10-31": "$581", "2020-07-31": "$465", "2020-04-30": "$453", "2020-01-31": "$557", "2019-10-31": "$619", "2019-07-31": "$498", "2019-04-30": "$482", "2019-01-31": "$571", "2018-10-31": "$590", "2018-07-31": "$523", "2018-04-30": "$512", "2018-01-31": "$587", "2017-10-31": "$610", "2017-07-31": "$493", "2017-04-30": "$480", "2017-01-31": "$536", "2016-10-31": "$552", "2016-07-31": "$453", "2016-04-30": "$512", "2016-01-31": "$555", "2015-10-31": "$586", "2015-07-31": "$491", "2015-04-30": "$526", "2015-01-31": "$553", "2014-10-31": "$609", "2014-07-31": "$495", "2014-04-30": "$493", "2014-01-31": "$532", "2013-10-31": "$576", "2013-07-31": "$477", "2013-04-30": "$459", "2013-01-31": "$507", "2012-10-31": "$525", "2012-07-31": "$464", "2012-04-30": "$422", "2012-01-31": "$451", "2011-10-31": "$502", "2011-07-31": "$420", "2011-04-30": "$423", "2011-01-31": "$464", "2010-10-31": "$459", "2010-07-31": "$379", "2010-04-30": "$377", "2010-01-31": "$411", "2009-10-31": "$443", "2009-07-31": "$380", "2009-04-30": "$359", "2009-01-31": "$371", "2008-10-31": "$467", "2008-07-31": "$381", "2008-04-30": "$401", "2008-01-31": "$433", "2007-10-31": "$470", "2007-07-31": "$391", "2007-04-30": "$362", "2007-01-31": "$387", "2006-10-31": "$383", "2006-07-31": "$349", "2006-04-30": "$317", "2006-01-31": "$331", "2005-10-31": "$357", "2005-07-31": "$303", "2005-04-30": "$267", "2005-01-31": "$305"}}, "operating-income": {"Brown-Forman Annual Operating Income (Millions of US $)": {"2020": "$1,091", "2019": "$1,144", "2018": "$1,048", "2017": "$1,010", "2016": "$1,533", "2015": "$1,027", "2014": "$971", "2013": "$898", "2012": "$788", "2011": "$855", "2010": "$710", "2009": "$661", "2008": "$685", "2007": "$602", "2006": "$563", "2005": "$445"}, "Brown-Forman Quarterly Operating Income (Millions of US $)": {"2020-10-31": "$330", "2020-07-31": "$387", "2020-04-30": "$187", "2020-01-31": "$304", "2019-10-31": "$352", "2019-07-31": "$248", "2019-04-30": "$228", "2019-01-31": "$320", "2018-10-31": "$332", "2018-07-31": "$264", "2018-04-30": "$147", "2018-01-31": "$306", "2017-10-31": "$349", "2017-07-31": "$246", "2017-04-30": "$233", "2017-01-31": "$273", "2016-10-31": "$291", "2016-07-31": "$213", "2016-04-30": "$726", "2016-01-31": "$278", "2015-10-31": "$302", "2015-07-31": "$227", "2015-04-30": "$231", "2015-01-31": "$272", "2014-10-31": "$303", "2014-07-31": "$221", "2014-04-30": "$188", "2014-01-31": "$255", "2013-10-31": "$311", "2013-07-31": "$217", "2013-04-30": "$177", "2013-01-31": "$237", "2012-10-31": "$262", "2012-07-31": "$222", "2012-04-30": "$150", "2012-01-31": "$206", "2011-10-31": "$246", "2011-07-31": "$186", "2011-04-30": "$222", "2011-01-31": "$226", "2010-10-31": "$235", "2010-07-31": "$173", "2010-04-30": "$119", "2010-01-31": "$174", "2009-10-31": "$226", "2009-07-31": "$192", "2009-04-30": "$122", "2009-01-31": "$177", "2008-10-31": "$222", "2008-07-31": "$141", "2008-04-30": "$135", "2008-01-31": "$182", "2007-10-31": "$213", "2007-07-31": "$155", "2007-04-30": "$108", "2007-01-31": "$169", "2006-10-31": "$183", "2006-07-31": "$142", "2006-04-30": "$103", "2006-01-31": "$165", "2005-10-31": "$160", "2005-07-31": "$134", "2005-04-30": "$88", "2005-01-31": "$117"}}, "ebitda": {"Brown-Forman Annual EBITDA (Millions of US $)": {"2020": "$1,165", "2019": "$1,216", "2018": "$1,112", "2017": "$1,068", "2016": "$1,589", "2015": "$1,078", "2014": "$1,021", "2013": "$949", "2012": "$837", "2011": "$911", "2010": "$769", "2009": "$716", "2008": "$737", "2007": "$646", "2006": "$605", "2005": "$488"}, "Brown-Forman Quarterly EBITDA (Millions of US $)": {"2020-10-31": "$350", "2020-07-31": "$406", "2020-04-30": "$206", "2020-01-31": "$323", "2019-10-31": "$370", "2019-07-31": "$266", "2019-04-30": "$248", "2019-01-31": "$336", "2018-10-31": "$350", "2018-07-31": "$282", "2018-04-30": "$163", "2018-01-31": "$323", "2017-10-31": "$365", "2017-07-31": "$261", "2017-04-30": "$249", "2017-01-31": "$287", "2016-10-31": "$304", "2016-07-31": "$228", "2016-04-30": "$742", "2016-01-31": "$291", "2015-10-31": "$316", "2015-07-31": "$240", "2015-04-30": "$244", "2015-01-31": "$285", "2014-10-31": "$315", "2014-07-31": "$234", "2014-04-30": "$202", "2014-01-31": "$267", "2013-10-31": "$323", "2013-07-31": "$229", "2013-04-30": "$192", "2013-01-31": "$249", "2012-10-31": "$274", "2012-07-31": "$234", "2012-04-30": "$161", "2012-01-31": "$218", "2011-10-31": "$259", "2011-07-31": "$199", "2011-04-30": "$235", "2011-01-31": "$240", "2010-10-31": "$249", "2010-07-31": "$187", "2010-04-30": "$134", "2010-01-31": "$189", "2009-10-31": "$240", "2009-07-31": "$206", "2009-04-30": "$136", "2009-01-31": "$191", "2008-10-31": "$235", "2008-07-31": "$154", "2008-04-30": "$149", "2008-01-31": "$194", "2007-10-31": "$226", "2007-07-31": "$168", "2007-04-30": "$120", "2007-01-31": "$181", "2006-10-31": "$193", "2006-07-31": "$152", "2006-04-30": "$114", "2006-01-31": "$175", "2005-10-31": "$171", "2005-07-31": "$145", "2005-04-30": "$98", "2005-01-31": "$121"}}, "net-income": {"Brown-Forman Annual Net Income (Millions of US $)": {"2020": "$827", "2019": "$835", "2018": "$717", "2017": "$669", "2016": "$1,067", "2015": "$684", "2014": "$659", "2013": "$591", "2012": "$513", "2011": "$571", "2010": "$449", "2009": "$435", "2008": "$440", "2007": "$389", "2006": "$320", "2005": "$308"}, "Brown-Forman Quarterly Net Income (Millions of US $)": {"2020-10-31": "$240", "2020-07-31": "$324", "2020-04-30": "$128", "2020-01-31": "$231", "2019-10-31": "$282", "2019-07-31": "$186", "2019-04-30": "$159", "2019-01-31": "$227", "2018-10-31": "$249", "2018-07-31": "$200", "2018-04-30": "$110", "2018-01-31": "$190", "2017-10-31": "$239", "2017-07-31": "$178", "2017-04-30": "$146", "2017-01-31": "$182", "2016-10-31": "$197", "2016-07-31": "$144", "2016-04-30": "$521", "2016-01-31": "$190", "2015-10-31": "$200", "2015-07-31": "$156", "2015-04-30": "$140", "2015-01-31": "$186", "2014-10-31": "$208", "2014-07-31": "$150", "2014-04-30": "$133", "2014-01-31": "$177", "2013-10-31": "$206", "2013-07-31": "$143", "2013-04-30": "$114", "2013-01-31": "$157", "2012-10-31": "$173", "2012-07-31": "$147", "2012-04-30": "$104", "2012-01-31": "$133", "2011-10-31": "$158", "2011-07-31": "$118", "2011-04-30": "$165", "2011-01-31": "$141", "2010-10-31": "$154", "2010-07-31": "$111", "2010-04-30": "$72", "2010-01-31": "$108", "2009-10-31": "$147", "2009-07-31": "$121", "2009-04-30": "$80", "2009-01-31": "$123", "2008-10-31": "$143", "2008-07-31": "$88", "2008-04-30": "$99", "2008-01-31": "$116", "2007-10-31": "$129", "2007-07-31": "$95", "2007-04-30": "$66", "2007-01-31": "$105", "2006-10-31": "$124", "2006-07-31": "$94", "2006-04-30": "$78", "2006-01-31": "$121", "2005-10-31": "$109", "2005-07-31": "$13", "2005-04-30": "$60", "2005-01-31": "$95"}}, "eps-earnings-per-share-diluted": {"Brown-Forman Annual EPS": {"2020": "$1.72", "2019": "$1.73", "2018": "$1.48", "2017": "$1.37", "2016": "$2.09", "2015": "$1.28", "2014": "$1.22", "2013": "$1.10", "2012": "$0.95", "2011": "$1.04", "2010": "$0.81", "2009": "$0.77", "2008": "$0.76", "2007": "$0.67", "2006": "$0.56", "2005": "$0.54"}, "Brown-Forman Quarterly EPS": {"2020-10-31": "$0.50", "2020-07-31": "$0.67", "2020-04-30": "$0.26", "2020-01-31": "$0.48", "2019-10-31": "$0.59", "2019-07-31": "$0.39", "2019-04-30": "$0.33", "2019-01-31": "$0.47", "2018-10-31": "$0.52", "2018-07-31": "$0.41", "2018-04-30": "$0.23", "2018-01-31": "$0.39", "2017-10-31": "$0.49", "2017-07-31": "$0.37", "2017-04-30": "$0.30", "2017-01-31": "$0.38", "2016-10-31": "$0.40", "2016-07-31": "$0.29", "2016-04-30": "$1.03", "2016-01-31": "$0.38", "2015-10-31": "$0.39", "2015-07-31": "$0.30", "2015-04-30": "$0.26", "2015-01-31": "$0.35", "2014-10-31": "$0.39", "2014-07-31": "$0.28", "2014-04-30": "$0.25", "2014-01-31": "$0.33", "2013-10-31": "$0.38", "2013-07-31": "$0.26", "2013-04-30": "$0.21", "2013-01-31": "$0.29", "2012-10-31": "$0.32", "2012-07-31": "$0.28", "2012-04-30": "$0.19", "2012-01-31": "$0.25", "2011-10-31": "$0.29", "2011-07-31": "$0.22", "2011-04-30": "$0.30", "2011-01-31": "$0.26", "2010-10-31": "$0.28", "2010-07-31": "$0.20", "2010-04-30": "$0.13", "2010-01-31": "$0.20", "2009-10-31": "$0.26", "2009-07-31": "$0.22", "2009-04-30": "$0.14", "2009-01-31": "$0.22", "2008-10-31": "$0.25", "2008-07-31": "$0.16", "2008-04-30": "$0.17", "2008-01-31": "$0.20", "2007-10-31": "$0.22", "2007-07-31": "$0.16", "2007-04-30": "$0.11", "2007-01-31": "$0.18", "2006-10-31": "$0.21", "2006-07-31": "$0.16", "2006-04-30": "$0.14", "2006-01-31": "$0.21", "2005-10-31": "$0.19", "2005-07-31": "$0.02", "2005-04-30": "$0.10", "2005-01-31": "$0.17"}}, "shares-outstanding": {"Brown-Forman Annual Shares Outstanding (Millions of Shares)": {"2020": "480", "2019": "482", "2018": "484", "2017": "488", "2016": "511", "2015": "533", "2014": "538", "2013": "537", "2012": "540", "2011": "549", "2010": "557", "2009": "568", "2008": "579", "2007": "582", "2006": "579", "2005": "574"}, "Brown-Forman Quarterly Shares Outstanding (Millions of Shares)": {"2020-10-31": "481", "2020-07-31": "480", "2020-04-30": "480", "2020-01-31": "481", "2019-10-31": "480", "2019-07-31": "480", "2019-04-30": "482", "2019-01-31": "480", "2018-10-31": "484", "2018-07-31": "484", "2018-04-30": "484", "2018-01-31": "484", "2017-10-31": "483", "2017-07-31": "483", "2017-04-30": "488", "2017-01-31": "484", "2016-10-31": "490", "2016-07-31": "495", "2016-04-30": "511", "2016-01-31": "506", "2015-10-31": "514", "2015-07-31": "522", "2015-04-30": "533", "2015-01-31": "532", "2014-10-31": "534", "2014-07-31": "538", "2014-04-30": "538", "2014-01-31": "537", "2013-10-31": "538", "2013-07-31": "538", "2013-04-30": "537", "2013-01-31": "538", "2012-10-31": "537", "2012-07-31": "537", "2012-04-30": "540", "2012-01-31": "536", "2011-10-31": "541", "2011-07-31": "547", "2011-04-30": "549", "2011-01-31": "548", "2010-10-31": "549", "2010-07-31": "553", "2010-04-30": "557", "2010-01-31": "553", "2009-10-31": "558", "2009-07-31": "564", "2009-04-30": "568", "2009-01-31": "568", "2008-10-31": "569", "2008-07-31": "569", "2008-04-30": "579", "2008-01-31": "581", "2007-10-31": "584", "2007-07-31": "583", "2007-04-30": "582", "2007-01-31": "582", "2006-10-31": "583", "2006-07-31": "582", "2006-04-30": "579", "2006-01-31": "579", "2005-10-31": "578", "2005-07-31": "577", "2005-04-30": "574", "2005-01-31": "574"}}, "total-assets": {"Brown-Forman Annual Total Assets (Millions of US $)": {"2020": "$5,766", "2019": "$5,139", "2018": "$4,976", "2017": "$4,625", "2016": "$4,183", "2015": "$4,188", "2014": "$4,103", "2013": "$3,626", "2012": "$3,477", "2011": "$3,712", "2010": "$3,383", "2009": "$3,475", "2008": "$3,405", "2007": "$3,551", "2006": "$2,728", "2005": "$2,649"}, "Brown-Forman Quarterly Total Assets (Millions of US $)": {"2020-10-31": "$6,350", "2020-07-31": "$6,191", "2020-04-30": "$5,766", "2020-01-31": "$5,518", "2019-10-31": "$5,553", "2019-07-31": "$5,322", "2019-04-30": "$5,139", "2019-01-31": "$5,163", "2018-10-31": "$5,149", "2018-07-31": "$5,025", "2018-04-30": "$4,976", "2018-01-31": "$5,042", "2017-10-31": "$4,978", "2017-07-31": "$4,802", "2017-04-30": "$4,625", "2017-01-31": "$4,600", "2016-10-31": "$4,720", "2016-07-31": "$4,755", "2016-04-30": "$4,183", "2016-01-31": "$4,333", "2015-10-31": "$4,319", "2015-07-31": "$4,334", "2015-04-30": "$4,188", "2015-01-31": "$4,161", "2014-10-31": "$4,243", "2014-07-31": "$4,191", "2014-04-30": "$4,103", "2014-01-31": "$3,993", "2013-10-31": "$3,882", "2013-07-31": "$3,686", "2013-04-30": "$3,626", "2013-01-31": "$3,832", "2012-10-31": "$3,804", "2012-07-31": "$3,583", "2012-04-30": "$3,477", "2012-01-31": "$3,676", "2011-10-31": "$3,674", "2011-07-31": "$3,749", "2011-04-30": "$3,712", "2011-01-31": "$3,523", "2010-10-31": "$3,440", "2010-07-31": "$3,382", "2010-04-30": "$3,383", "2010-01-31": "$3,418", "2009-10-31": "$3,585", "2009-07-31": "$3,444", "2009-04-30": "$3,475", "2009-01-31": "$3,500", "2008-10-31": "$3,681", "2008-07-31": "$3,449", "2008-04-30": "$3,405", "2008-01-31": "$3,392", "2007-10-31": "$3,546", "2007-07-31": "$3,342", "2007-04-30": "$3,551", "2007-01-31": "$3,731", "2006-10-31": "$2,925", "2006-07-31": "$2,757", "2006-04-30": "$2,728", "2006-01-31": "$2,655", "2005-10-31": "$2,592", "2005-07-31": "$2,597", "2005-04-30": "$2,649", "2005-01-31": "$2,622"}}, "cash-on-hand": {"Brown-Forman Annual Cash on Hand (Millions of US $)": {"2020": "$675", "2019": "$307", "2018": "$239", "2017": "$182", "2016": "$263", "2015": "$370", "2014": "$437", "2013": "$204", "2012": "$338", "2011": "$567", "2010": "$232", "2009": "$340", "2008": "$119", "2007": "$369", "2006": "$635", "2005": "$295"}, "Brown-Forman Quarterly Cash on Hand (Millions of US $)": {"2020-10-31": "$964", "2020-07-31": "$908", "2020-04-30": "$675", "2020-01-31": "$276", "2019-10-31": "$235", "2019-07-31": "$307", "2019-04-30": "$307", "2019-01-31": "$260", "2018-10-31": "$193", "2018-07-31": "$211", "2018-04-30": "$239", "2018-01-31": "$287", "2017-10-31": "$212", "2017-07-31": "$238", "2017-04-30": "$182", "2017-01-31": "$197", "2016-10-31": "$211", "2016-07-31": "$459", "2016-04-30": "$263", "2016-01-31": "$317", "2015-10-31": "$195", "2015-07-31": "$494", "2015-04-30": "$370", "2015-01-31": "$250", "2014-10-31": "$235", "2014-07-31": "$460", "2014-04-30": "$437", "2014-01-31": "$287", "2013-10-31": "$192", "2013-07-31": "$217", "2013-04-30": "$204", "2013-01-31": "$387", "2012-10-31": "$369", "2012-07-31": "$362", "2012-04-30": "$338", "2012-01-31": "$495", "2011-10-31": "$380", "2011-07-31": "$553", "2011-04-30": "$567", "2011-01-31": "$279", "2010-10-31": "$156", "2010-07-31": "$261", "2010-04-30": "$232", "2010-01-31": "$242", "2009-10-31": "$289", "2009-07-31": "$287", "2009-04-30": "$340", "2009-01-31": "$335", "2008-10-31": "$327", "2008-07-31": "$160", "2008-04-30": "$119", "2008-01-31": "$137", "2007-10-31": "$193", "2007-07-31": "$180", "2007-04-30": "$369", "2007-01-31": "$404", "2006-10-31": "$413", "2006-07-31": "$406", "2006-04-30": "$635", "2006-01-31": "$596", "2005-10-31": "$452", "2005-07-31": "$265", "2005-04-30": "$295", "2005-01-31": "$290"}}, "long-term-debt": {"Brown-Forman Annual Long Term Debt (Millions of US $)": {"2020": "$2,269", "2019": "$2,290", "2018": "$2,341", "2017": "$1,689", "2016": "$1,230", "2015": "$743", "2014": "$997", "2013": "$997", "2012": "$503", "2011": "$504", "2010": "$508", "2009": "$509", "2008": "$417", "2007": "$422", "2006": "$351", "2005": "$351"}, "Brown-Forman Quarterly Long Term Debt (Millions of US $)": {"2020-10-31": "$2,309", "2020-07-31": "$2,316", "2020-04-30": "$2,269", "2020-01-31": "$2,293", "2019-10-31": "$2,288", "2019-07-31": "$2,267", "2019-04-30": "$2,290", "2019-01-31": "$2,301", "2018-10-31": "$2,288", "2018-07-31": "$2,310", "2018-04-30": "$2,341", "2018-01-31": "$1,770", "2017-10-31": "$1,719", "2017-07-31": "$1,720", "2017-04-30": "$1,689", "2017-01-31": "$1,669", "2016-10-31": "$1,917", "2016-07-31": "$1,953", "2016-04-30": "$1,230", "2016-01-31": "$1,229", "2015-10-31": "$1,229", "2015-07-31": "$1,229", "2015-04-30": "$743", "2015-01-31": "$748", "2014-10-31": "$998", "2014-07-31": "$998", "2014-04-30": "$997", "2014-01-31": "$997", "2013-10-31": "$997", "2013-07-31": "$997", "2013-04-30": "$997", "2013-01-31": "$997", "2012-10-31": "$501", "2012-07-31": "$502", "2012-04-30": "$503", "2012-01-31": "$504", "2011-10-31": "$504", "2011-07-31": "$505", "2011-04-30": "$504", "2011-01-31": "$757", "2010-10-31": "$509", "2010-07-31": "$509", "2010-04-30": "$508", "2010-01-31": "$508", "2009-10-31": "$509", "2009-07-31": "$509", "2009-04-30": "$509", "2009-01-31": "$661", "2008-10-31": "$412", "2008-07-31": "$417", "2008-04-30": "$417", "2008-01-31": "$417", "2007-10-31": "$418", "2007-07-31": "$421", "2007-04-30": "$422", "2007-01-31": "$369", "2006-10-31": "$354", "2006-07-31": "$354", "2006-04-30": "$351", "2006-01-31": "$352", "2005-10-31": "$352", "2005-07-31": "$352", "2005-04-30": "$351", "2005-01-31": "$601"}}, "total-liabilities": {"Brown-Forman Annual Total Liabilities (Millions of US $)": {"2020": "$3,791", "2019": "$3,492", "2018": "$3,660", "2017": "$3,255", "2016": "$2,621", "2015": "$2,283", "2014": "$2,071", "2013": "$1,998", "2012": "$1,408", "2011": "$1,652", "2010": "$1,488", "2009": "$1,659", "2008": "$1,680", "2007": "$1,978", "2006": "$1,165", "2005": "$1,339"}, "Brown-Forman Quarterly Total Liabilities (Millions of US $)": {"2020-10-31": "$3,947", "2020-07-31": "$4,041", "2020-04-30": "$3,791", "2020-01-31": "$3,513", "2019-10-31": "$3,611", "2019-07-31": "$3,659", "2019-04-30": "$3,492", "2019-01-31": "$3,670", "2018-10-31": "$3,652", "2018-07-31": "$3,657", "2018-04-30": "$3,660", "2018-01-31": "$3,841", "2017-10-31": "$3,331", "2017-07-31": "$3,382", "2017-04-30": "$3,255", "2017-01-31": "$3,416", "2016-10-31": "$3,437", "2016-07-31": "$3,425", "2016-04-30": "$2,621", "2016-01-31": "$2,916", "2015-10-31": "$2,918", "2015-07-31": "$2,627", "2015-04-30": "$2,283", "2015-01-31": "$2,120", "2014-10-31": "$2,168", "2014-07-31": "$2,137", "2014-04-30": "$2,071", "2014-01-31": "$2,104", "2013-10-31": "$2,044", "2013-07-31": "$2,020", "2013-04-30": "$1,998", "2013-01-31": "$2,314", "2012-10-31": "$1,499", "2012-07-31": "$1,461", "2012-04-30": "$1,408", "2012-01-31": "$1,642", "2011-10-31": "$1,667", "2011-07-31": "$1,679", "2011-04-30": "$1,652", "2011-01-31": "$1,649", "2010-10-31": "$1,465", "2010-07-31": "$1,515", "2010-04-30": "$1,488", "2010-01-31": "$1,537", "2009-10-31": "$1,711", "2009-07-31": "$1,641", "2009-04-30": "$1,659", "2009-01-31": "$1,688", "2008-10-31": "$1,868", "2008-07-31": "$1,698", "2008-04-30": "$1,680", "2008-01-31": "$1,697", "2007-10-31": "$1,796", "2007-07-31": "$1,735", "2007-04-30": "$1,978", "2007-01-31": "$1,942", "2006-10-31": "$1,176", "2006-07-31": "$1,143", "2006-04-30": "$1,165", "2006-01-31": "$1,193", "2005-10-31": "$1,192", "2005-07-31": "$1,335", "2005-04-30": "$1,339", "2005-01-31": "$1,381"}}, "total-share-holder-equity": {"Brown-Forman Annual Share Holder Equity (Millions of US $)": {"2020": "$1,975", "2019": "$1,647", "2018": "$1,316", "2017": "$1,370", "2016": "$1,562", "2015": "$1,905", "2014": "$2,032", "2013": "$1,628", "2012": "$2,069", "2011": "$2,060", "2010": "$1,895", "2009": "$1,816", "2008": "$1,725", "2007": "$1,573", "2006": "$1,563", "2005": "$1,310"}, "Brown-Forman Quarterly Share Holder Equity (Millions of US $)": {"2020-10-31": "$2,403", "2020-07-31": "$2,150", "2020-04-30": "$1,975", "2020-01-31": "$2,005", "2019-10-31": "$1,942", "2019-07-31": "$1,663", "2019-04-30": "$1,647", "2019-01-31": "$1,493", "2018-10-31": "$1,497", "2018-07-31": "$1,368", "2018-04-30": "$1,316", "2018-01-31": "$1,201", "2017-10-31": "$1,647", "2017-07-31": "$1,420", "2017-04-30": "$1,370", "2017-01-31": "$1,184", "2016-10-31": "$1,283", "2016-07-31": "$1,330", "2016-04-30": "$1,562", "2016-01-31": "$1,417", "2015-10-31": "$1,401", "2015-07-31": "$1,707", "2015-04-30": "$1,905", "2015-01-31": "$2,041", "2014-10-31": "$2,075", "2014-07-31": "$2,054", "2014-04-30": "$2,032", "2014-01-31": "$1,889", "2013-10-31": "$1,838", "2013-07-31": "$1,666", "2013-04-30": "$1,628", "2013-01-31": "$1,519", "2012-10-31": "$2,305", "2012-07-31": "$2,122", "2012-04-30": "$2,069", "2012-01-31": "$2,035", "2011-10-31": "$2,006", "2011-07-31": "$2,070", "2011-04-30": "$2,060", "2011-01-31": "$1,874", "2010-10-31": "$1,975", "2010-07-31": "$1,867", "2010-04-30": "$1,895", "2010-01-31": "$1,882", "2009-10-31": "$1,874", "2009-07-31": "$1,803", "2009-04-30": "$1,816", "2009-01-31": "$1,812", "2008-10-31": "$1,812", "2008-07-31": "$1,751", "2008-04-30": "$1,725", "2008-01-31": "$1,695", "2007-10-31": "$1,750", "2007-07-31": "$1,607", "2007-04-30": "$1,573", "2007-01-31": "$1,789", "2006-10-31": "$1,750", "2006-07-31": "$1,614", "2006-04-30": "$1,563", "2006-01-31": "$1,462", "2005-10-31": "$1,400", "2005-07-31": "$1,262", "2005-04-30": "$1,310", "2005-01-31": "$1,241"}}, "profit-margins": {"current": "27.58%"}, "gross margin": {"2020-10-31": "61.45%", "2020-07-31": "62.51%", "2020-04-30": "63.25%", "2020-01-31": "63.45%", "2019-10-31": "63.77%", "2019-07-31": "64.41%", "2019-04-30": "65.16%", "2019-01-31": "66.28%", "2018-10-31": "67.30%", "2018-07-31": "67.82%", "2018-04-30": "67.80%", "2018-01-31": "67.60%", "2017-10-31": "67.48%", "2017-07-31": "67.44%", "2017-04-30": "67.50%", "2017-01-31": "67.85%", "2016-10-31": "68.45%", "2016-07-31": "69.03%", "2016-04-30": "69.41%", "2016-01-31": "69.59%", "2015-10-31": "69.44%", "2015-07-31": "69.66%", "2015-04-30": "69.66%", "2015-01-31": "69.69%", "2014-10-31": "69.71%", "2014-07-31": "69.63%", "2014-04-30": "69.48%", "2014-01-31": "69.05%", "2013-10-31": "69.03%", "2013-07-31": "68.60%", "2013-04-30": "68.62%", "2013-01-31": "68.67%", "2012-10-31": "67.76%", "2012-07-31": "66.82%", "2012-04-30": "65.90%", "2012-01-31": "65.76%", "2011-10-31": "66.09%", "2011-07-31": "66.54%", "2011-04-30": "66.73%", "2011-01-31": "66.18%", "2010-10-31": "65.94%", "2010-07-31": "65.26%", "2010-04-30": "65.25%", "2010-01-31": "65.18%", "2009-10-31": "64.74%", "2009-07-31": "64.68%", "2009-04-30": "63.60%", "2009-01-31": "63.50%", "2008-10-31": "63.93%", "2008-07-31": "64.58%", "2008-04-30": "65.65%", "2008-01-31": "65.61%", "2007-10-31": "66.15%", "2007-07-31": "66.22%", "2007-04-30": "66.77%", "2007-01-31": "67.80%", "2006-10-31": "67.95%", "2006-07-31": "67.73%", "2006-04-30": "67.28%", "2006-01-31": "67.02%", "2005-10-31": "66.20%"}, "operating margin": {"2020-10-31": "36.10%", "2020-07-31": "36.72%", "2020-04-30": "32.44%", "2020-01-31": "33.31%", "2019-10-31": "33.73%", "2019-07-31": "33.94%", "2019-04-30": "34.42%", "2019-01-31": "32.09%", "2018-10-31": "31.91%", "2018-07-31": "32.39%", "2018-04-30": "32.27%", "2018-01-31": "35.33%", "2017-10-31": "35.06%", "2017-07-31": "34.13%", "2017-04-30": "33.73%", "2017-01-31": "49.67%", "2016-10-31": "49.82%", "2016-07-31": "49.79%", "2016-04-30": "49.63%", "2016-01-31": "33.47%", "2015-10-31": "33.24%", "2015-07-31": "33.02%", "2015-04-30": "32.77%", "2015-01-31": "31.90%", "2014-10-31": "31.66%", "2014-07-31": "32.39%", "2014-04-30": "32.46%", "2014-01-31": "32.43%", "2013-10-31": "32.21%", "2013-07-31": "31.13%", "2013-04-30": "31.52%", "2013-01-31": "31.19%", "2012-10-31": "30.57%", "2012-07-31": "29.94%", "2012-04-30": "28.93%", "2012-01-31": "31.49%", "2011-10-31": "32.15%", "2011-07-31": "32.74%", "2011-04-30": "33.11%", "2011-01-31": "29.68%", "2010-10-31": "28.43%", "2010-07-31": "28.05%", "2010-04-30": "28.80%", "2010-01-31": "29.21%", "2009-10-31": "29.89%", "2009-07-31": "29.25%", "2009-04-30": "26.68%", "2009-01-31": "26.46%", "2008-10-31": "25.85%", "2008-07-31": "25.72%", "2008-04-30": "26.53%", "2008-01-31": "26.07%", "2007-10-31": "26.50%", "2007-07-31": "26.74%", "2007-04-30": "27.14%", "2007-01-31": "28.19%", "2006-10-31": "29.20%", "2006-07-31": "28.51%", "2006-04-30": "28.91%", "2006-01-31": "29.14%", "2005-10-31": "26.81%"}, "ebitda margin": {"2020-10-31": "38.40%", "2020-07-31": "38.96%", "2020-04-30": "34.64%", "2020-01-31": "35.52%", "2019-10-31": "35.85%", "2019-07-31": "36.10%", "2019-04-30": "36.58%", "2019-01-31": "34.14%", "2018-10-31": "34.01%", "2018-07-31": "34.43%", "2018-04-30": "34.24%", "2018-01-31": "37.32%", "2017-10-31": "37.01%", "2017-07-31": "36.03%", "2017-04-30": "35.67%", "2017-01-31": "51.59%", "2016-10-31": "51.70%", "2016-07-31": "51.69%", "2016-04-30": "51.44%", "2016-01-31": "35.18%", "2015-10-31": "34.94%", "2015-07-31": "34.65%", "2015-04-30": "34.40%", "2015-01-31": "33.58%", "2014-10-31": "33.33%", "2014-07-31": "34.09%", "2014-04-30": "34.14%", "2014-01-31": "34.16%", "2013-10-31": "33.95%", "2013-07-31": "32.90%", "2013-04-30": "33.31%", "2013-01-31": "32.87%", "2012-10-31": "32.28%", "2012-07-31": "31.69%", "2012-04-30": "30.73%", "2012-01-31": "33.36%", "2011-10-31": "34.09%", "2011-07-31": "34.78%", "2011-04-30": "35.24%", "2011-01-31": "31.93%", "2010-10-31": "30.78%", "2010-07-31": "30.40%", "2010-04-30": "31.15%", "2010-01-31": "31.55%", "2009-10-31": "32.22%", "2009-07-31": "31.50%", "2009-04-30": "28.86%", "2009-01-31": "28.58%", "2008-10-31": "27.82%", "2008-07-31": "27.71%", "2008-04-30": "28.54%", "2008-01-31": "28.05%", "2007-10-31": "28.55%", "2007-07-31": "28.78%", "2007-04-30": "29.13%", "2007-01-31": "30.22%", "2006-10-31": "31.22%", "2006-07-31": "30.62%", "2006-04-30": "31.12%", "2006-01-31": "31.38%", "2005-10-31": "28.75%"}, "pre tax profit margin": {"2020-10-31": "33.62%", "2020-07-31": "34.24%", "2020-04-30": "30.00%", "2020-01-31": "30.87%", "2019-10-31": "30.83%", "2019-07-31": "30.93%", "2019-04-30": "31.35%", "2019-01-31": "29.10%", "2018-10-31": "29.48%", "2018-07-31": "30.08%", "2018-04-30": "30.08%", "2018-01-31": "32.62%", "2017-10-31": "32.36%", "2017-07-31": "31.45%", "2017-04-30": "31.16%", "2017-01-31": "47.92%", "2016-10-31": "48.17%", "2016-07-31": "48.25%", "2016-04-30": "48.20%", "2016-01-31": "32.25%", "2015-10-31": "32.21%", "2015-07-31": "32.16%", "2015-04-30": "31.97%", "2015-01-31": "31.05%", "2014-10-31": "30.81%", "2014-07-31": "31.56%", "2014-04-30": "31.66%", "2014-01-31": "31.28%", "2013-10-31": "30.97%", "2013-07-31": "29.94%", "2013-04-30": "30.36%", "2013-01-31": "30.33%", "2012-10-31": "29.73%", "2012-07-31": "29.00%", "2012-04-30": "27.90%", "2012-01-31": "30.47%", "2011-10-31": "31.13%", "2011-07-31": "31.73%", "2011-04-30": "32.11%", "2011-01-31": "28.66%", "2010-10-31": "27.37%", "2010-07-31": "26.92%", "2010-04-30": "27.62%", "2010-01-31": "27.99%", "2009-10-31": "28.60%", "2009-07-31": "27.97%", "2009-04-30": "25.39%", "2009-01-31": "25.21%", "2008-10-31": "24.59%", "2008-07-31": "24.26%", "2008-04-30": "24.94%", "2008-01-31": "24.37%", "2007-10-31": "24.98%", "2007-07-31": "25.61%", "2007-04-30": "26.42%", "2007-01-31": "27.90%", "2006-10-31": "29.10%", "2006-07-31": "28.46%", "2006-04-30": "28.81%", "2006-01-31": "28.88%", "2005-10-31": "30.36%"}, "net profit margin": {"2020-10-31": "27.59%", "2020-07-31": "28.81%", "2020-04-30": "24.59%", "2020-01-31": "25.25%", "2019-10-31": "25.10%", "2019-07-31": "24.70%", "2019-04-30": "25.12%", "2019-01-31": "23.72%", "2018-10-31": "22.79%", "2018-07-31": "22.46%", "2018-04-30": "22.08%", "2018-01-31": "23.46%", "2017-10-31": "23.73%", "2017-07-31": "23.00%", "2017-04-30": "22.34%", "2017-01-31": "34.50%", "2016-10-31": "34.75%", "2016-07-31": "34.58%", "2016-04-30": "34.54%", "2016-01-31": "22.12%", "2015-10-31": "21.96%", "2015-07-31": "22.06%", "2015-04-30": "21.83%", "2015-01-31": "21.94%", "2014-10-31": "21.87%", "2014-07-31": "22.13%", "2014-04-30": "22.03%", "2014-01-31": "21.62%", "2013-10-31": "21.20%", "2013-07-31": "20.46%", "2013-04-30": "20.74%", "2013-01-31": "20.80%", "2012-10-31": "20.27%", "2012-07-31": "19.69%", "2012-04-30": "18.83%", "2012-01-31": "21.02%", "2011-10-31": "21.26%", "2011-07-31": "21.78%", "2011-04-30": "22.09%", "2011-01-31": "18.84%", "2010-10-31": "18.05%", "2010-07-31": "17.75%", "2010-04-30": "18.14%", "2010-01-31": "18.66%", "2009-10-31": "19.63%", "2009-07-31": "19.16%", "2009-04-30": "17.49%", "2009-01-31": "17.76%", "2008-10-31": "16.95%", "2008-07-31": "16.56%", "2008-04-30": "17.00%", "2008-01-31": "16.09%", "2007-10-31": "16.23%", "2007-07-31": "16.96%", "2007-04-30": "17.54%", "2007-01-31": "18.93%", "2006-10-31": "20.53%", "2006-07-31": "20.11%", "2006-04-30": "16.51%", "2006-01-31": "16.14%", "2005-10-31": "14.88%"}, "pe ratio": {"current": "46.42", "2021-02-11": "39.82", "2020-10-31": "36.31", "2020-07-31": "34.42", "2020-04-30": "35.78", "2020-01-31": "37.50", "2019-10-31": "36.44", "2019-07-31": "31.64", "2019-04-30": "30.32", "2019-01-31": "28.44", "2018-10-31": "29.22", "2018-07-31": "33.99", "2018-04-30": "36.70", "2018-01-31": "34.04", "2017-10-31": "28.18", "2017-07-31": "25.95", "2017-04-30": "26.23", "2017-01-31": "16.28", "2016-10-31": "16.41", "2016-07-31": "17.50", "2016-04-30": "17.00", "2016-01-31": "27.27", "2015-10-31": "30.13", "2015-07-31": "30.67", "2015-04-30": "25.84", "2015-01-31": "25.68", "2014-10-31": "27.12", "2014-07-31": "25.36", "2014-04-30": "26.52", "2014-01-31": "23.45", "2013-10-31": "22.83", "2013-07-31": "23.93", "2013-04-30": "22.93", "2013-01-31": "21.20", "2012-10-31": "20.54", "2012-07-31": "20.48", "2012-04-30": "20.01", "2012-01-31": "16.89", "2011-10-31": "15.36", "2011-07-31": "15.22", "2011-04-30": "14.99", "2011-01-31": "16.46", "2010-10-31": "15.93", "2010-07-31": "16.80", "2010-04-30": "15.13", "2010-01-31": "13.10", "2009-10-31": "12.07", "2009-07-31": "10.97", "2009-04-30": "12.45", "2009-01-31": "11.60", "2008-10-31": "11.75", "2008-07-31": "15.39", "2008-04-30": "14.36", "2008-01-31": "14.14", "2007-10-31": "17.21", "2007-07-31": "15.59", "2007-04-30": "14.94", "2007-01-31": "14.45", "2006-10-31": "15.23"}, "price sales": {"2021-02-11": "10.98", "2020-10-31": "10.01", "2020-07-31": "9.92", "2020-04-30": "8.84", "2020-01-31": "9.50", "2019-10-31": "9.16", "2019-07-31": "7.84", "2019-04-30": "7.61", "2019-01-31": "6.76", "2018-10-31": "6.67", "2018-07-31": "7.63", "2018-04-30": "8.11", "2018-01-31": "7.96", "2017-10-31": "6.68", "2017-07-31": "5.95", "2017-04-30": "5.83", "2017-01-31": "5.59", "2016-10-31": "5.71", "2016-07-31": "6.08", "2016-04-30": "5.94", "2016-01-31": "6.05", "2015-10-31": "6.62", "2015-07-31": "6.76", "2015-04-30": "5.63", "2015-01-31": "5.63", "2014-10-31": "5.93", "2014-07-31": "5.62", "2014-04-30": "5.84", "2014-01-31": "5.04", "2013-10-31": "4.82", "2013-07-31": "4.86", "2013-04-30": "4.74", "2013-01-31": "4.43", "2012-10-31": "4.18", "2012-07-31": "4.06", "2012-04-30": "3.78", "2012-01-31": "3.55", "2011-10-31": "3.26", "2011-07-31": "3.31", "2011-04-30": "3.31", "2011-01-31": "3.11", "2010-10-31": "2.88", "2010-07-31": "2.99", "2010-04-30": "2.75", "2010-01-31": "2.45", "2009-10-31": "2.37", "2009-07-31": "2.10", "2009-04-30": "2.18", "2009-01-31": "2.06", "2008-10-31": "2.00", "2008-07-31": "2.56", "2008-04-30": "2.45", "2008-01-31": "2.28", "2007-10-31": "2.81", "2007-07-31": "2.65", "2007-04-30": "2.63", "2007-01-31": "2.74", "2006-10-31": "3.13"}, "price book": {"current": "15.25", "2021-02-11": "15.23", "2020-10-31": "13.88", "2020-07-31": "15.40", "2020-04-30": "14.99", "2020-01-31": "16.01", "2019-10-31": "15.96", "2019-07-31": "15.54", "2019-04-30": "15.20", "2019-01-31": "14.81", "2018-10-31": "14.48", "2018-07-31": "18.24", "2018-04-30": "19.91", "2018-01-31": "21.12", "2017-10-31": "12.62", "2017-07-31": "12.64", "2017-04-30": "12.50", "2017-01-31": "13.88", "2016-10-31": "13.00", "2016-07-31": "13.47", "2016-04-30": "11.32", "2016-01-31": "12.85", "2015-10-31": "14.07", "2015-07-31": "12.06", "2015-04-30": "9.06", "2015-01-31": "8.38", "2014-10-31": "8.59", "2014-07-31": "8.17", "2014-04-30": "8.52", "2014-01-31": "7.84", "2013-10-31": "7.60", "2013-07-31": "8.32", "2013-04-30": "8.25", "2013-01-31": "8.08", "2012-10-31": "4.95", "2012-07-31": "5.21", "2012-04-30": "3.27", "2012-01-31": "4.67", "2011-10-31": "4.34", "2011-07-31": "4.20", "2011-04-30": "4.11", "2011-01-31": "4.16", "2010-10-31": "3.55", "2010-07-31": "3.91", "2010-04-30": "3.54", "2010-01-31": "3.13", "2009-10-31": "2.98", "2009-07-31": "2.80", "2009-04-30": "2.95", "2009-01-31": "2.87", "2008-10-31": "2.86", "2008-07-31": "3.73", "2008-04-30": "3.57", "2008-01-31": "3.34", "2007-10-31": "3.87", "2007-07-31": "3.77", "2007-04-30": "3.69", "2007-01-31": "3.22", "2006-10-31": "3.61", "2006-07-31": "3.96", "2006-04-30": "4.12", "2006-01-31": "4.17"}, "price fcf": {"2021-02-11": "", "2020-10-31": "$1.51", "2020-07-31": "$1.32", "2020-04-30": "$1.27", "2020-01-31": "$1.27", "2019-10-31": "$1.25", "2019-07-31": "$1.31", "2019-04-30": "$1.41", "2019-01-31": "$1.12", "2018-10-31": "$1.22", "2018-07-31": "$1.14", "2018-04-30": "$1.09", "2018-01-31": "$1.34", "2017-10-31": "$1.16", "2017-07-31": "$1.05", "2017-04-30": "$1.11", "2017-01-31": "$0.88", "2016-10-31": "$0.90", "2016-07-31": "$0.83", "2016-04-30": "$0.81", "2016-01-31": "$1.10", "2015-10-31": "$1.08", "2015-07-31": "$0.97", "2015-04-30": "$0.92", "2015-01-31": "$0.94", "2014-10-31": "$0.73", "2014-07-31": "$1.00", "2014-04-30": "$0.98", "2014-01-31": "$0.81", "2013-10-31": "$0.85", "2013-07-31": "$0.82", "2013-04-30": "$0.82", "2013-01-31": "$0.84", "2012-10-31": "$0.83", "2012-07-31": "$0.87", "2012-04-30": "$0.85", "2012-01-31": "$0.79", "2011-10-31": "$0.84", "2011-07-31": "$0.83", "2011-04-30": "$0.91", "2011-01-31": "$0.89", "2010-10-31": "$0.89", "2010-07-31": "$0.91", "2010-04-30": "$0.92", "2010-01-31": "$0.98", "2009-10-31": "$0.97", "2009-07-31": "$0.81", "2009-04-30": "$0.78", "2009-01-31": "$0.76", "2008-10-31": "$0.71", "2008-07-31": "$0.82", "2008-04-30": "$0.86", "2008-01-31": "$0.74", "2007-10-31": "$0.67", "2007-07-31": "$0.62", "2007-04-30": "$0.53", "2007-01-31": "$0.58", "2006-10-31": "$0.69"}, "net worth": {"value": "$36.65B"}, "current ratio": {"current": "3.73", "2020-10-31": "3.73", "2020-07-31": "3.34", "2020-04-30": "3.71", "2020-01-31": "4.51", "2019-10-31": "3.94", "2019-07-31": "3.27", "2019-04-30": "3.87", "2019-01-31": "3.08", "2018-10-31": "3.07", "2018-07-31": "3.02", "2018-04-30": "3.11", "2018-01-31": "1.78", "2017-10-31": "2.53", "2017-07-31": "2.30", "2017-04-30": "2.42", "2017-01-31": "2.10", "2016-10-31": "2.80", "2016-07-31": "2.93", "2016-04-30": "2.82", "2016-01-31": "2.19", "2015-10-31": "2.08", "2015-07-31": "2.85", "2015-04-30": "2.35", "2015-01-31": "2.57", "2014-10-31": "3.39", "2014-07-31": "3.55", "2014-04-30": "3.88", "2014-01-31": "3.48", "2013-10-31": "3.75", "2013-07-31": "3.61", "2013-04-30": "3.85", "2013-01-31": "2.54", "2012-10-31": "4.06", "2012-07-31": "3.88", "2012-04-30": "4.33", "2012-01-31": "2.69", "2011-10-31": "2.59", "2011-07-31": "2.62", "2011-04-30": "2.80", "2011-01-31": "3.85", "2010-10-31": "2.96", "2010-07-31": "2.54", "2010-04-30": "2.80", "2010-01-31": "2.26", "2009-10-31": "1.94", "2009-07-31": "1.90", "2009-04-30": "1.88", "2009-01-31": "2.14", "2008-10-31": "1.52", "2008-07-31": "1.46", "2008-04-30": "1.48", "2008-01-31": "1.43", "2007-10-31": "1.42", "2007-07-31": "1.32", "2007-04-30": "1.21", "2007-01-31": "1.28", "2006-10-31": "2.64", "2006-07-31": "2.46", "2006-04-30": "2.83", "2006-01-31": "2.59", "2005-10-31": "2.51", "2005-07-31": "2.08", "2005-04-30": "2.06", "2005-01-31": "2.68"}, "quick ratio": {"2020-10-31": "2.06", "2020-07-31": "1.75", "2020-04-30": "1.80", "2020-01-31": "2.00", "2019-10-31": "1.80", "2019-07-31": "1.42", "2019-04-30": "1.71", "2019-01-31": "1.44", "2018-10-31": "1.42", "2018-07-31": "1.35", "2018-04-30": "1.43", "2018-01-31": "0.87", "2017-10-31": "1.24", "2017-07-31": "1.07", "2017-04-30": "1.11", "2017-01-31": "1.01", "2016-10-31": "1.38", "2016-07-31": "1.49", "2016-04-30": "1.49", "2016-01-31": "1.25", "2015-10-31": "1.13", "2015-07-31": "1.60", "2015-04-30": "1.36", "2015-01-31": "1.50", "2014-10-31": "1.96", "2014-07-31": "2.06", "2014-04-30": "2.31", "2014-01-31": "2.04", "2013-10-31": "2.09", "2013-07-31": "1.92", "2013-04-30": "2.10", "2013-01-31": "1.54", "2012-10-31": "2.49", "2012-07-31": "2.28", "2012-04-30": "2.57", "2012-01-31": "1.75", "2011-10-31": "1.66", "2011-07-31": "1.73", "2011-04-30": "1.88", "2011-01-31": "2.31", "2010-10-31": "1.67", "2010-07-31": "1.44", "2010-04-30": "1.60", "2010-01-31": "1.30", "2009-10-31": "1.14", "2009-07-31": "1.05", "2009-04-30": "1.10", "2009-01-31": "1.28", "2008-10-31": "0.94", "2008-07-31": "0.77", "2008-04-30": "0.78", "2008-01-31": "0.76", "2007-10-31": "0.77", "2007-07-31": "0.64", "2007-04-30": "0.70", "2007-01-31": "0.76", "2006-10-31": "1.63", "2006-07-31": "1.49", "2006-04-30": "1.93", "2006-01-31": "1.71", "2005-10-31": "1.63", "2005-07-31": "1.32", "2005-04-30": "1.32", "2005-01-31": "1.51"}, "debt equity ratio": {"current": "0.96", "2020-10-31": "1.64", "2020-07-31": "1.88", "2020-04-30": "1.92", "2020-01-31": "1.75", "2019-10-31": "1.86", "2019-07-31": "2.20", "2019-04-30": "2.12", "2019-01-31": "2.46", "2018-10-31": "2.44", "2018-07-31": "2.67", "2018-04-30": "2.78", "2018-01-31": "3.20", "2017-10-31": "2.02", "2017-07-31": "2.38", "2017-04-30": "2.38", "2017-01-31": "2.89", "2016-10-31": "2.68", "2016-07-31": "2.58", "2016-04-30": "1.68", "2016-01-31": "2.06", "2015-10-31": "2.08", "2015-07-31": "1.54", "2015-04-30": "1.20", "2015-01-31": "1.04", "2014-10-31": "1.05", "2014-07-31": "1.04", "2014-04-30": "1.02", "2014-01-31": "1.11", "2013-10-31": "1.11", "2013-07-31": "1.21", "2013-04-30": "1.23", "2013-01-31": "1.52", "2012-10-31": "0.65", "2012-07-31": "0.69", "2012-04-30": "0.68", "2012-01-31": "0.81", "2011-10-31": "0.83", "2011-07-31": "0.81", "2011-04-30": "0.80", "2011-01-31": "0.88", "2010-10-31": "0.74", "2010-07-31": "0.81", "2010-04-30": "0.79", "2010-01-31": "0.82", "2009-10-31": "0.91", "2009-07-31": "0.91", "2009-04-30": "0.91", "2009-01-31": "0.93", "2008-10-31": "1.03", "2008-07-31": "0.97", "2008-04-30": "0.97", "2008-01-31": "1.00", "2007-10-31": "1.03", "2007-07-31": "1.08", "2007-04-30": "1.26", "2007-01-31": "1.09", "2006-10-31": "0.67", "2006-07-31": "0.71", "2006-04-30": "0.75", "2006-01-31": "0.82", "2005-10-31": "0.85", "2005-07-31": "1.06", "2005-04-30": "1.02", "2005-01-31": "1.11"}, "return on equity": {"2020-10-31": "43.27%", "2020-07-31": "47.82%", "2020-04-30": "43.61%", "2020-01-31": "47.29%", "2019-10-31": "50.64%", "2019-07-31": "52.13%", "2019-04-30": "55.62%", "2019-01-31": "55.41%", "2018-10-31": "55.67%", "2018-07-31": "53.43%", "2018-04-30": "51.36%", "2018-01-31": "53.42%", "2017-10-31": "53.02%", "2017-07-31": "53.49%", "2017-04-30": "51.79%", "2017-01-31": "77.92%", "2016-10-31": "75.25%", "2016-07-31": "73.91%", "2016-04-30": "70.12%", "2016-01-31": "42.67%", "2015-10-31": "38.67%", "2015-07-31": "35.71%", "2015-04-30": "33.88%", "2015-01-31": "33.02%", "2014-10-31": "33.19%", "2014-07-31": "34.10%", "2014-04-30": "35.50%", "2014-01-31": "36.46%", "2013-10-31": "37.29%", "2013-07-31": "32.99%", "2013-04-30": "31.21%", "2013-01-31": "29.00%", "2012-10-31": "26.12%", "2012-07-31": "26.34%", "2012-04-30": "25.09%", "2012-01-31": "28.10%", "2011-10-31": "29.06%", "2011-07-31": "28.98%", "2011-04-30": "29.37%", "2011-01-31": "25.12%", "2010-10-31": "23.36%", "2010-07-31": "23.30%", "2010-04-30": "24.04%", "2010-01-31": "24.73%", "2009-10-31": "25.79%", "2009-07-31": "25.79%", "2009-04-30": "24.14%", "2009-01-31": "25.52%", "2008-10-31": "25.55%", "2008-07-31": "24.97%", "2008-04-30": "25.91%", "2008-01-31": "24.51%", "2007-10-31": "23.52%", "2007-07-31": "23.22%", "2007-04-30": "23.13%", "2007-01-31": "23.88%", "2006-10-31": "26.11%", "2006-07-31": "26.63%", "2006-04-30": "22.58%", "2006-01-31": "22.30%", "2005-10-31": "21.25%"}, "return on assets": {"2020-10-31": "15.50%", "2020-07-31": "16.76%", "2020-04-30": "14.93%", "2020-01-31": "15.94%", "2019-10-31": "16.13%", "2019-07-31": "15.81%", "2019-04-30": "16.31%", "2019-01-31": "15.48%", "2018-10-31": "14.84%", "2018-07-31": "14.76%", "2018-04-30": "14.49%", "2018-01-31": "15.49%", "2017-10-31": "15.68%", "2017-07-31": "15.00%", "2017-04-30": "14.31%", "2017-01-31": "22.87%", "2016-10-31": "23.39%", "2016-07-31": "23.99%", "2016-04-30": "24.86%", "2016-01-31": "15.98%", "2015-10-31": "16.05%", "2015-07-31": "16.31%", "2015-04-30": "16.30%", "2015-01-31": "16.22%", "2014-10-31": "16.16%", "2014-07-31": "16.48%", "2014-04-30": "16.83%", "2014-01-31": "16.86%", "2013-10-31": "16.50%", "2013-07-31": "15.71%", "2013-04-30": "15.92%", "2013-01-31": "15.81%", "2012-10-31": "15.32%", "2012-07-31": "15.05%", "2012-04-30": "14.08%", "2012-01-31": "15.50%", "2011-10-31": "15.88%", "2011-07-31": "16.03%", "2011-04-30": "16.25%", "2011-01-31": "13.93%", "2010-10-31": "13.07%", "2010-07-31": "12.73%", "2010-04-30": "12.96%", "2010-01-31": "13.10%", "2009-10-31": "13.45%", "2009-07-31": "13.25%", "2009-04-30": "12.31%", "2009-01-31": "12.91%", "2008-10-31": "12.81%", "2008-07-31": "12.53%", "2008-04-30": "12.83%", "2008-01-31": "11.74%", "2007-10-31": "11.15%", "2007-07-31": "11.51%", "2007-04-30": "12.00%", "2007-01-31": "13.21%", "2006-10-31": "15.07%", "2006-07-31": "14.98%", "2006-04-30": "12.15%", "2006-01-31": "11.55%", "2005-10-31": "10.59%"}, "return on investments": {"2020-10-31": "27.27%", "2020-07-31": "28.54%", "2020-04-30": "26.13%", "2020-01-31": "27.62%", "2019-10-31": "28.90%", "2019-07-31": "29.21%", "2019-04-30": "30.12%", "2019-01-31": "28.51%", "2018-10-31": "29.78%", "2018-07-31": "31.19%", "2018-04-30": "31.92%", "2018-01-31": "36.18%", "2017-10-31": "35.46%", "2017-07-31": "34.05%", "2017-04-30": "32.59%", "2017-01-31": "49.57%", "2016-10-31": "50.60%", "2016-07-31": "53.53%", "2016-04-30": "55.73%", "2016-01-31": "38.23%", "2015-10-31": "37.52%", "2015-07-31": "36.10%", "2015-04-30": "35.53%", "2015-01-31": "32.96%", "2014-10-31": "32.13%", "2014-07-31": "33.05%", "2014-04-30": "34.03%", "2014-01-31": "34.88%", "2013-10-31": "35.42%", "2013-07-31": "33.67%", "2013-04-30": "33.98%", "2013-01-31": "33.13%", "2012-10-31": "31.88%", "2012-07-31": "32.17%", "2012-04-30": "30.92%", "2012-01-31": "33.77%", "2011-10-31": "34.24%", "2011-07-31": "33.90%", "2011-04-30": "34.06%", "2011-01-31": "30.45%", "2010-10-31": "29.05%", "2010-07-31": "28.98%", "2010-04-30": "29.97%", "2010-01-31": "30.35%", "2009-10-31": "30.21%", "2009-07-31": "30.55%", "2009-04-30": "28.81%", "2009-01-31": "29.98%", "2008-10-31": "31.46%", "2008-07-31": "31.25%", "2008-04-30": "32.43%", "2008-01-31": "31.70%", "2007-10-31": "30.90%", "2007-07-31": "29.69%", "2007-04-30": "29.28%", "2007-01-31": "29.33%", "2006-10-31": "30.42%", "2006-07-31": "30.62%", "2006-04-30": "31.69%", "2006-01-31": "31.98%", "2005-10-31": "29.06%"}, "return on tangible equity": {"2020-10-31": "127.62%", "2020-07-31": "158.98%", "2020-04-30": "169.64%", "2020-01-31": "212.51%", "2019-10-31": "305.82%", "2019-07-31": "475.25%", "2019-04-30": "854.22%", "2019-01-31": "12576.00%", "2018-10-31": "-966.45%", "2018-07-31": "-1670.06%", "2018-04-30": "-2240.63%", "2018-01-31": "-8605.71%", "2017-10-31": "21285.71%", "2017-07-31": "-884.28%", "2017-04-30": "-674.06%", "2017-01-31": "104400.00%", "2016-10-31": "939.29%", "2016-07-31": "574.15%", "2016-04-30": "326.55%", "2016-01-31": "169.70%", "2015-10-31": "124.79%", "2015-07-31": "98.26%", "2015-04-30": "88.77%", "2015-01-31": "86.52%", "2014-10-31": "91.66%", "2014-07-31": "100.45%", "2014-04-30": "116.59%", "2014-01-31": "136.97%", "2013-10-31": "165.44%", "2013-07-31": "119.01%", "2013-04-30": "96.92%", "2013-01-31": "80.69%", "2012-10-31": "65.53%", "2012-07-31": "70.14%", "2012-04-30": "67.97%", "2012-01-31": "76.53%", "2011-10-31": "83.47%", "2011-07-31": "85.19%", "2011-04-30": "92.28%", "2011-01-31": "84.23%", "2010-10-31": "78.69%", "2010-07-31": "82.33%", "2010-04-30": "88.19%", "2010-01-31": "94.65%", "2009-10-31": "101.95%", "2009-07-31": "103.89%", "2009-04-30": "100.64%", "2009-01-31": "112.69%", "2008-10-31": "121.53%", "2008-07-31": "125.04%", "2008-04-30": "139.48%", "2008-01-31": "142.46%", "2007-10-31": "124.61%", "2007-07-31": "82.80%", "2007-04-30": "62.52%", "2007-01-31": "48.37%", "2006-10-31": "43.70%", "2006-07-31": "43.28%", "2006-04-30": "35.57%", "2006-01-31": "36.21%", "2005-10-31": "36.57%"}, "dividend yield history": {"last payout": "$0.72", "last yield": "0.94%"}}