{"ticker": "BGCP", "price": {"title": "BGC Partners Historical Annual Stock Price Data", "value": 4.04, "historical": {"2021": {"Average Stock Price": "3.8827", "Year Open": "3.8400", "Year High": "4.1200", "Year Low": "3.5500", "Year Close": "4.0350", "Annual % Change": "0.88%"}, "2020": {"Average Stock Price": "3.4322", "Year Open": "5.9100", "Year High": "6.0700", "Year Low": "2.1900", "Year Close": "4.0000", "Annual % Change": "-32.66%"}, "2019": {"Average Stock Price": "5.5300", "Year Open": "5.3300", "Year High": "6.3400", "Year Low": "4.6400", "Year Close": "5.9400", "Annual % Change": "14.89%"}, "2018": {"Average Stock Price": "11.7933", "Year Open": "15.1300", "Year High": "15.1300", "Year Low": "5.1400", "Year Close": "5.1700", "Annual % Change": "-65.78%"}, "2017": {"Average Stock Price": "12.8822", "Year Open": "10.4300", "Year High": "16.7500", "Year Low": "10.4300", "Year Close": "15.1100", "Annual % Change": "47.70%"}, "2016": {"Average Stock Price": "9.0631", "Year Open": "9.4500", "Year High": "10.3400", "Year Low": "8.2900", "Year Close": "10.2300", "Annual % Change": "4.28%"}, "2015": {"Average Stock Price": "9.0641", "Year Open": "9.1400", "Year High": "10.2400", "Year Low": "7.8300", "Year Close": "9.8100", "Annual % Change": "7.21%"}, "2014": {"Average Stock Price": "7.4367", "Year Open": "6.0300", "Year High": "9.4300", "Year Low": "6.0300", "Year Close": "9.1500", "Annual % Change": "51.24%"}, "2013": {"Average Stock Price": "5.3606", "Year Open": "3.6100", "Year High": "6.4700", "Year Low": "3.4700", "Year Close": "6.0500", "Annual % Change": "74.86%"}, "2012": {"Average Stock Price": "5.6143", "Year Open": "6.0700", "Year High": "7.9700", "Year Low": "3.1800", "Year Close": "3.4600", "Annual % Change": "-41.75%"}, "2011": {"Average Stock Price": "7.6639", "Year Open": "8.5800", "Year High": "9.9200", "Year Low": "5.4300", "Year Close": "5.9400", "Annual % Change": "-28.52%"}, "2010": {"Average Stock Price": "5.9949", "Year Open": "4.8400", "Year High": "8.6800", "Year Low": "3.7300", "Year Close": "8.3100", "Annual % Change": "79.87%"}, "2009": {"Average Stock Price": "3.6498", "Year Open": "2.8100", "Year High": "5.6600", "Year Low": "1.4000", "Year Close": "4.6200", "Annual % Change": "67.39%"}, "2008": {"Average Stock Price": "7.6238", "Year Open": "11.8900", "Year High": "12.4700", "Year Low": "2.4300", "Year Close": "2.7600", "Annual % Change": "-75.58%"}, "2007": {"Average Stock Price": "9.0052", "Year Open": "8.4300", "Year High": "11.3000", "Year Low": "7.3200", "Year Close": "11.3000", "Annual % Change": "29.44%"}, "2006": {"Average Stock Price": "8.4922", "Year Open": "7.9800", "Year High": "10.2400", "Year Low": "7.3600", "Year Close": "8.7300", "Annual % Change": "13.23%"}, "2005": {"Average Stock Price": "8.4967", "Year Open": "11.9800", "Year High": "11.9800", "Year Low": "6.8400", "Year Close": "7.7100", "Annual % Change": "-37.67%"}, "2004": {"Average Stock Price": "15.1177", "Year Open": "23.8700", "Year High": "24.3200", "Year Low": "9.0000", "Year Close": "12.3700", "Annual % Change": "-47.32%"}, "2003": {"Average Stock Price": "18.6448", "Year Open": "17.6800", "Year High": "27.6000", "Year Low": "9.3500", "Year Close": "23.4800", "Annual % Change": "38.61%"}, "2002": {"Average Stock Price": "11.1246", "Year Open": "8.3500", "Year High": "18.4400", "Year Low": "7.4600", "Year Close": "16.9400", "Annual % Change": "104.59%"}, "2001": {"Average Stock Price": "16.0629", "Year Open": "14.9400", "Year High": "34.1200", "Year Low": "5.1000", "Year Close": "8.2800", "Annual % Change": "-47.23%"}, "2000": {"Average Stock Price": "36.9717", "Year Open": "39.7500", "Year High": "82.8800", "Year Low": "13.6200", "Year Close": "15.6900", "Annual % Change": "-55.88%"}}}, "market cap": {"value": "$1.46B"}, "income statement": {"Revenue": {"2019-12-31": "2104.23100", "2018-12-31": "1937.81000", "2017-12-31": "1750.95100", "2016-12-31": "1554.31100", "2015-12-31": "2783.74600", "2014-12-31": "1789.57900", "2013-12-31": "1744.98100", "2012-12-31": "1726.29700", "2011-12-31": "1464.68500", "2010-12-31": "1331.11200", "2009-12-31": "1162.32200", "2008-12-31": "1228.93200", "2007-12-31": "1116.92600", "2006-12-31": "854.84400", "2005-12-31": "151.83400"}, "Cost Of Goods Sold": {"2019-12-31": "63.61700", "2018-12-31": "61.89100", "2017-12-31": "43.13000", "2016-12-31": "37.54700", "2015-12-31": "35.45600", "2014-12-31": "19.34900", "2013-12-31": "22.53000", "2012-12-31": "22.73300", "2011-12-31": "25.87700", "2010-12-31": "20.05500", "2009-12-31": "16.53600", "2008-12-31": "819.41300", "2007-12-31": "22.05000", "2006-12-31": "13.06500", "2005-12-31": ""}, "Gross Profit": {"2019-12-31": "2040.61400", "2018-12-31": "1875.91900", "2017-12-31": "1707.82100", "2016-12-31": "1516.76400", "2015-12-31": "2748.29000", "2014-12-31": "1770.23000", "2013-12-31": "1722.45100", "2012-12-31": "1703.56400", "2011-12-31": "1438.80800", "2010-12-31": "1311.05700", "2009-12-31": "1145.78600", "2008-12-31": "409.51900", "2007-12-31": "1094.87600", "2006-12-31": "841.77900", "2005-12-31": "151.83400"}, "Research And Development Expenses": {"2019-12-31": "", "2018-12-31": "", "2017-12-31": "", "2016-12-31": "", "2015-12-31": "", "2014-12-31": "", "2013-12-31": "", "2012-12-31": "", "2011-12-31": "", "2010-12-31": "", "2009-12-31": "", "2008-12-31": "", "2007-12-31": "", "2006-12-31": "", "2005-12-31": ""}, "SG&A Expenses": {"2019-12-31": "1791.48900", "2018-12-31": "1647.90500", "2017-12-31": "1587.63300", "2016-12-31": "1243.70300", "2015-12-31": "2296.16400", "2014-12-31": "1499.80700", "2013-12-31": "1643.54400", "2012-12-31": "1449.31700", "2011-12-31": "1163.48100", "2010-12-31": "1157.24000", "2009-12-31": "1004.85000", "2008-12-31": "332.81900", "2007-12-31": "975.36200", "2006-12-31": "861.19900", "2005-12-31": "113.79000"}, "Other Operating Income Or Expenses": {"2019-12-31": "-89.00200", "2018-12-31": "-64.30900", "2017-12-31": "-69.58400", "2016-12-31": "-187.50100", "2015-12-31": "-453.97300", "2014-12-31": "-287.69800", "2013-12-31": "195.38800", "2012-12-31": "-151.85000", "2011-12-31": "-196.36200", "2010-12-31": "-82.82200", "2009-12-31": "-66.52800", "2008-12-31": "-36.57600", "2007-12-31": "-50.58900", "2006-12-31": "-47.71900", "2005-12-31": "-9.89600"}, "Operating Expenses": {"2019-12-31": "1944.10800", "2018-12-31": "1774.10500", "2017-12-31": "1700.34700", "2016-12-31": "1468.75100", "2015-12-31": "2785.59300", "2014-12-31": "1806.85400", "2013-12-31": "1470.68600", "2012-12-31": "1623.90000", "2011-12-31": "1385.72000", "2010-12-31": "1260.11700", "2009-12-31": "1087.91400", "2008-12-31": "1200.20800", "2007-12-31": "1048.00100", "2006-12-31": "921.98300", "2005-12-31": "144.09700"}, "Operating Income": {"2019-12-31": "160.12290", "2018-12-31": "163.70500", "2017-12-31": "50.60410", "2016-12-31": "85.56010", "2015-12-31": "-1.84690", "2014-12-31": "-17.27500", "2013-12-31": "274.29500", "2012-12-31": "102.39700", "2011-12-31": "78.96510", "2010-12-31": "70.99510", "2009-12-31": "74.40810", "2008-12-31": "28.72390", "2007-12-31": "68.92510", "2006-12-31": "-67.13900", "2005-12-31": "7.73700"}, "Total Non-Operating Income/Expense": {"2019-12-31": "-22.00900", "2018-12-31": "16.11200", "2017-12-31": "-46.46800", "2016-12-31": "34.90100", "2015-12-31": "440.62300", "2014-12-31": "3.51300", "2013-12-31": "-8.37400", "2012-12-31": "-46.66000", "2011-12-31": "-24.60600", "2010-12-31": "-14.08000", "2009-12-31": "-9.92000", "2008-12-31": "-18.95000", "2007-12-31": "-26.25100", "2006-12-31": "-30.06900", "2005-12-31": "-5.71300"}, "Pre-Tax Income": {"2019-12-31": "138.11400", "2018-12-31": "179.81700", "2017-12-31": "4.13600", "2016-12-31": "120.46100", "2015-12-31": "438.77600", "2014-12-31": "-13.76200", "2013-12-31": "265.92100", "2012-12-31": "55.73700", "2011-12-31": "54.35900", "2010-12-31": "56.91500", "2009-12-31": "64.48800", "2008-12-31": "9.77400", "2007-12-31": "42.67400", "2006-12-31": "-97.20800", "2005-12-31": "2.02400"}, "Income Taxes": {"2019-12-31": "53.17100", "2018-12-31": "76.12000", "2017-12-31": "92.77200", "2016-12-31": "56.33900", "2015-12-31": "120.61900", "2014-12-31": "0.65100", "2013-12-31": "92.16600", "2012-12-31": "20.22400", "2011-12-31": "15.99900", "2010-12-31": "11.54300", "2009-12-31": "23.67500", "2008-12-31": "20.11500", "2007-12-31": "9.32000", "2006-12-31": "-1.54700", "2005-12-31": "0.49000"}, "Income After Taxes": {"2019-12-31": "84.94300", "2018-12-31": "103.69700", "2017-12-31": "-88.63600", "2016-12-31": "64.12200", "2015-12-31": "318.15700", "2014-12-31": "-14.41300", "2013-12-31": "173.75500", "2012-12-31": "35.51300", "2011-12-31": "38.36000", "2010-12-31": "45.37200", "2009-12-31": "40.81300", "2008-12-31": "-10.34100", "2007-12-31": "33.35400", "2006-12-31": "-95.66100", "2005-12-31": "1.53400"}, "Other Income": {"2019-12-31": "", "2018-12-31": "", "2017-12-31": "", "2016-12-31": "", "2015-12-31": "", "2014-12-31": "", "2013-12-31": "", "2012-12-31": "", "2011-12-31": "", "2010-12-31": "", "2009-12-31": "", "2008-12-31": "", "2007-12-31": "", "2006-12-31": "", "2005-12-31": ""}, "Income From Continuous Operations": {"2019-12-31": "84.94300", "2018-12-31": "103.69700", "2017-12-31": "-88.63600", "2016-12-31": "64.12200", "2015-12-31": "318.15700", "2014-12-31": "-14.41300", "2013-12-31": "173.75500", "2012-12-31": "35.51300", "2011-12-31": "38.36000", "2010-12-31": "45.37200", "2009-12-31": "40.81300", "2008-12-31": "-10.34100", "2007-12-31": "33.35400", "2006-12-31": "-95.66100", "2005-12-31": "1.53400"}, "Income From Discontinued Operations": {"2019-12-31": "", "2018-12-31": "176.16900", "2017-12-31": "170.36500", "2016-12-31": "189.71600", "2015-12-31": "", "2014-12-31": "", "2013-12-31": "", "2012-12-31": "", "2011-12-31": "", "2010-12-31": "", "2009-12-31": "", "2008-12-31": "", "2007-12-31": "", "2006-12-31": "-10.73000", "2005-12-31": ""}, "Net Income": {"2019-12-31": "55.70700", "2018-12-31": "197.52000", "2017-12-31": "51.47500", "2016-12-31": "185.02200", "2015-12-31": "159.95900", "2014-12-31": "-3.05000", "2013-12-31": "70.92400", "2012-12-31": "23.86400", "2011-12-31": "20.13700", "2010-12-31": "21.16200", "2009-12-31": "20.02500", "2008-12-31": "-29.70900", "2007-12-31": "31.00200", "2006-12-31": "-106.39100", "2005-12-31": "1.53400"}, "EBITDA": {"2019-12-31": "278.46190", "2018-12-31": "247.13400", "2017-12-31": "143.82110", "2016-12-31": "188.81710", "2015-12-31": "231.01110", "2014-12-31": "59.40900", "2013-12-31": "521.60000", "2012-12-31": "193.35600", "2011-12-31": "161.83910", "2010-12-31": "162.36710", "2009-12-31": "161.49710", "2008-12-31": "115.65490", "2007-12-31": "164.49100", "2006-12-31": "31.06800", "2005-12-31": "38.78100"}, "EBIT": {"2019-12-31": "160.12290", "2018-12-31": "163.70500", "2017-12-31": "50.60410", "2016-12-31": "85.56010", "2015-12-31": "-1.84690", "2014-12-31": "-17.27500", "2013-12-31": "274.29500", "2012-12-31": "102.39700", "2011-12-31": "78.96510", "2010-12-31": "70.99510", "2009-12-31": "74.40810", "2008-12-31": "28.72390", "2007-12-31": "68.92510", "2006-12-31": "-67.13900", "2005-12-31": "7.73700"}, "Basic Shares Outstanding": {"2019-12-31": "344.33200", "2018-12-31": "322.14100", "2017-12-31": "287.37800", "2016-12-31": "277.07300", "2015-12-31": "243.46000", "2014-12-31": "220.69700", "2013-12-31": "193.69400", "2012-12-31": "144.88600", "2011-12-31": "116.13200", "2010-12-31": "88.29400", "2009-12-31": "80.35000", "2008-12-31": "105.77100", "2007-12-31": "184.32600", "2006-12-31": "184.07400", "2005-12-31": "51.34900"}, "Shares Outstanding": {"2019-12-31": "524.55000", "2018-12-31": "323.84400", "2017-12-31": "287.37800", "2016-12-31": "277.07300", "2015-12-31": "286.32200", "2014-12-31": "220.69700", "2013-12-31": "265.34800", "2012-12-31": "280.80900", "2011-12-31": "116.51400", "2010-12-31": "228.56800", "2009-12-31": "211.03600", "2008-12-31": "105.77100", "2007-12-31": "185.48200", "2006-12-31": "184.07400", "2005-12-31": "52.06600"}, "Basic EPS": {"2019-12-31": "0.16000", "2018-12-31": "0.23000", "2017-12-31": "-0.43000", "2016-12-31": "-0.02000", "2015-12-31": "0.66000", "2014-12-31": "-0.01000", "2013-12-31": "0.37000", "2012-12-31": "0.16000", "2011-12-31": "0.17000", "2010-12-31": "0.24000", "2009-12-31": "0.25000", "2008-12-31": "-0.28000", "2007-12-31": "0.17000", "2006-12-31": "-0.58000", "2005-12-31": "0.03000"}, "EPS - Earnings Per Share": {"2019-12-31": "0.16000", "2018-12-31": "0.23000", "2017-12-31": "-0.43000", "2016-12-31": "-0.02000", "2015-12-31": "0.62000", "2014-12-31": "-0.01000", "2013-12-31": "0.36000", "2012-12-31": "0.16000", "2011-12-31": "0.17000", "2010-12-31": "0.24000", "2009-12-31": "0.24000", "2008-12-31": "-0.28000", "2007-12-31": "0.17000", "2006-12-31": "-0.58000", "2005-12-31": "0.03000"}}, "income statement, quarterly": {"Revenue": {"2020-09-30": "455.03900", "2020-06-30": "519.08800", "2020-03-31": "603.16700", "2019-12-31": "487.15600", "2019-09-30": "521.13700", "2019-06-30": "551.18700", "2019-03-31": "544.75100", "2018-12-31": "466.35100", "2018-09-30": "455.64200", "2018-06-30": "491.04300", "2018-03-31": "524.77400", "2017-12-31": "431.96600", "2017-09-30": "827.02800", "2017-06-30": "848.90100", "2017-03-31": "783.19300", "2016-12-31": "-474.93300", "2016-09-30": "734.82000", "2016-06-30": "653.77000", "2016-03-31": "640.65400", "2015-12-31": "881.75320", "2015-09-30": "685.29500", "2015-06-30": "669.13100", "2015-03-31": "547.56700", "2014-12-31": "489.28300", "2014-09-30": "436.21600", "2014-06-30": "417.20200", "2014-03-31": "444.78900", "2013-12-31": "421.29100", "2013-09-30": "404.18900", "2013-06-30": "1193.16700", "2013-03-31": "444.96900", "2012-12-31": "441.48100", "2012-09-30": "440.31700", "2012-06-30": "449.53800", "2012-03-31": "394.96100", "2011-12-31": "355.16900", "2011-09-30": "379.93500", "2011-06-30": "364.55800", "2011-03-31": "365.02300", "2010-12-31": "321.75500", "2010-09-30": "326.50200", "2010-06-30": "335.70400", "2010-03-31": "347.15100", "2009-12-31": "296.83310", "2009-09-30": "289.43900", "2009-06-30": "292.13600", "2009-03-31": "283.91400", "2008-12-31": "285.48200", "2008-09-30": "300.86800", "2008-06-30": "305.47200", "2008-03-31": "337.11000", "2007-12-31": "502.95800", "2007-09-30": "299.37800", "2007-06-30": "272.95600", "2007-03-31": "41.63400", "2006-12-31": "735.25490", "2006-09-30": "38.10300", "2006-06-30": "38.93400", "2006-03-31": "42.55200", "2005-12-31": "36.70300", "2005-09-30": "38.77200", "2005-06-30": "37.45500", "2005-03-31": "38.90400"}, "Cost Of Goods Sold": {"2020-09-30": "12.93300", "2020-06-30": "13.52000", "2020-03-31": "19.27700", "2019-12-31": "16.37700", "2019-09-30": "15.83100", "2019-06-30": "16.79100", "2019-03-31": "14.61800", "2018-12-31": "17.54900", "2018-09-30": "15.08200", "2018-06-30": "15.34500", "2018-03-31": "13.91500", "2017-12-31": "12.51700", "2017-09-30": "10.41000", "2017-06-30": "10.47600", "2017-03-31": "10.43000", "2016-12-31": "9.76200", "2016-09-30": "8.64500", "2016-06-30": "10.09700", "2016-03-31": "9.04300", "2015-12-31": "9.84000", "2015-09-30": "8.86500", "2015-06-30": "10.47300", "2015-03-31": "6.27800", "2014-12-31": "4.76200", "2014-09-30": "4.80600", "2014-06-30": "5.57500", "2014-03-31": "4.20600", "2013-12-31": "5.28700", "2013-09-30": "5.07500", "2013-06-30": "6.39700", "2013-03-31": "5.77100", "2012-12-31": "5.54500", "2012-09-30": "5.67500", "2012-06-30": "5.83300", "2012-03-31": "5.68000", "2011-12-31": "6.31100", "2011-09-30": "6.53900", "2011-06-30": "6.93200", "2011-03-31": "6.09500", "2010-12-31": "5.68800", "2010-09-30": "4.56400", "2010-06-30": "4.91600", "2010-03-31": "4.88700", "2009-12-31": "4.70200", "2009-09-30": "4.08400", "2009-06-30": "4.07500", "2009-03-31": "3.67500", "2008-12-31": "11.28400", "2008-09-30": "3.41800", "2008-06-30": "6.18500", "2008-03-31": "3.71300", "2007-12-31": "17.10800", "2007-09-30": "2.35400", "2007-06-30": "2.58800", "2007-03-31": "", "2006-12-31": "", "2006-09-30": "", "2006-06-30": "", "2006-03-31": "", "2005-12-31": "", "2005-09-30": "", "2005-06-30": "", "2005-03-31": ""}, "Gross Profit": {"2020-09-30": "442.10600", "2020-06-30": "505.56800", "2020-03-31": "583.89000", "2019-12-31": "470.77900", "2019-09-30": "505.30600", "2019-06-30": "534.39600", "2019-03-31": "530.13300", "2018-12-31": "448.80200", "2018-09-30": "440.56000", "2018-06-30": "475.69800", "2018-03-31": "510.85900", "2017-12-31": "419.44900", "2017-09-30": "816.61800", "2017-06-30": "838.42500", "2017-03-31": "772.76300", "2016-12-31": "-484.69500", "2016-09-30": "726.17500", "2016-06-30": "643.67300", "2016-03-31": "631.61100", "2015-12-31": "871.91310", "2015-09-30": "676.43000", "2015-06-30": "658.65800", "2015-03-31": "541.28900", "2014-12-31": "484.52100", "2014-09-30": "431.41000", "2014-06-30": "411.62700", "2014-03-31": "440.58300", "2013-12-31": "416.00400", "2013-09-30": "399.11400", "2013-06-30": "1186.77000", "2013-03-31": "439.19800", "2012-12-31": "435.93600", "2012-09-30": "434.64200", "2012-06-30": "443.70500", "2012-03-31": "389.28100", "2011-12-31": "348.85800", "2011-09-30": "373.39600", "2011-06-30": "357.62600", "2011-03-31": "358.92800", "2010-12-31": "316.06700", "2010-09-30": "321.93800", "2010-06-30": "330.78800", "2010-03-31": "342.26400", "2009-12-31": "292.13110", "2009-09-30": "285.35500", "2009-06-30": "288.06100", "2009-03-31": "280.23900", "2008-12-31": "274.19800", "2008-09-30": "297.45000", "2008-06-30": "299.28700", "2008-03-31": "333.39700", "2007-12-31": "485.85000", "2007-09-30": "297.02400", "2007-06-30": "270.36800", "2007-03-31": "41.63400", "2006-12-31": "735.25490", "2006-09-30": "38.10300", "2006-06-30": "38.93400", "2006-03-31": "42.55200", "2005-12-31": "36.70300", "2005-09-30": "38.77200", "2005-06-30": "37.45500", "2005-03-31": "38.90400"}, "Research And Development Expenses": {"2020-09-30": "", "2020-06-30": "", "2020-03-31": "", "2019-12-31": "", "2019-09-30": "", "2019-06-30": "", "2019-03-31": "", "2018-12-31": "", "2018-09-30": "", "2018-06-30": "", "2018-03-31": "", "2017-12-31": "", "2017-09-30": "", "2017-06-30": "", "2017-03-31": "", "2016-12-31": "", "2016-09-30": "", "2016-06-30": "", "2016-03-31": "", "2015-12-31": "", "2015-09-30": "", "2015-06-30": "", "2015-03-31": "", "2014-12-31": "", "2014-09-30": "", "2014-06-30": "", "2014-03-31": "", "2013-12-31": "", "2013-09-30": "", "2013-06-30": "", "2013-03-31": "", "2012-12-31": "", "2012-09-30": "", "2012-06-30": "", "2012-03-31": "", "2011-12-31": "", "2011-09-30": "", "2011-06-30": "", "2011-03-31": "", "2010-12-31": "", "2010-09-30": "", "2010-06-30": "", "2010-03-31": "", "2009-12-31": "", "2009-09-30": "", "2009-06-30": "", "2009-03-31": "", "2008-12-31": "", "2008-09-30": "", "2008-06-30": "", "2008-03-31": "", "2007-12-31": "", "2007-09-30": "", "2007-06-30": "", "2007-03-31": "", "2006-12-31": "", "2006-09-30": "", "2006-06-30": "", "2006-03-31": "", "2005-12-31": "", "2005-09-30": "", "2005-06-30": "", "2005-03-31": ""}, "SG&A Expenses": {"2020-09-30": "381.74900", "2020-06-30": "420.66000", "2020-03-31": "512.63800", "2019-12-31": "471.23000", "2019-09-30": "442.17000", "2019-06-30": "460.20100", "2019-03-31": "417.88800", "2018-12-31": "364.09700", "2018-09-30": "368.82100", "2018-06-30": "406.68400", "2018-03-31": "423.96600", "2017-12-31": "362.65600", "2017-09-30": "636.09100", "2017-06-30": "673.69800", "2017-03-31": "596.43400", "2016-12-31": "-450.33710", "2016-09-30": "566.06400", "2016-06-30": "587.00710", "2016-03-31": "540.96900", "2015-12-31": "698.56300", "2015-09-30": "562.18200", "2015-06-30": "572.60890", "2015-03-31": "462.81000", "2014-12-31": "410.94600", "2014-09-30": "356.28000", "2014-06-30": "351.87500", "2014-03-31": "398.92200", "2013-12-31": "364.76200", "2013-09-30": "362.99900", "2013-06-30": "545.67300", "2013-03-31": "398.49700", "2012-12-31": "292.66300", "2012-09-30": "394.59400", "2012-06-30": "414.72000", "2012-03-31": "347.34000", "2011-12-31": "206.06700", "2011-09-30": "347.75900", "2011-06-30": "313.94200", "2011-03-31": "295.71300", "2010-12-31": "265.97200", "2010-09-30": "258.50800", "2010-06-30": "283.85600", "2010-03-31": "348.90400", "2009-12-31": "263.79390", "2009-09-30": "250.50400", "2009-06-30": "246.74400", "2009-03-31": "243.80800", "2008-12-31": "260.08500", "2008-09-30": "255.48900", "2008-06-30": "252.75000", "2008-03-31": "359.30800", "2007-12-31": "455.10300", "2007-09-30": "252.09600", "2007-06-30": "235.87500", "2007-03-31": "32.28800", "2006-12-31": "769.60000", "2006-09-30": "29.23400", "2006-06-30": "32.17800", "2006-03-31": "30.18700", "2005-12-31": "27.72000", "2005-09-30": "28.31500", "2005-06-30": "28.22800", "2005-03-31": "29.52700"}, "Other Operating Income Or Expenses": {"2020-09-30": "-18.46700", "2020-06-30": "-21.49900", "2020-03-31": "-19.18800", "2019-12-31": "-18.90000", "2019-09-30": "-42.75700", "2019-06-30": "-23.38400", "2019-03-31": "-3.96100", "2018-12-31": "-101.87800", "2018-09-30": "-14.88200", "2018-06-30": "-14.54800", "2018-03-31": "-17.33800", "2017-12-31": "-106.98600", "2017-09-30": "-104.04200", "2017-06-30": "-50.26900", "2017-03-31": "-105.02900", "2016-12-31": "-18.86800", "2016-09-30": "-89.15500", "2016-06-30": "-23.71300", "2016-03-31": "-55.76500", "2015-12-31": "-268.42600", "2015-09-30": "-74.75200", "2015-06-30": "-52.48500", "2015-03-31": "-58.31000", "2014-12-31": "-127.69300", "2014-09-30": "-79.24800", "2014-06-30": "-35.98600", "2014-03-31": "-16.58200", "2013-12-31": "-45.76700", "2013-09-30": "-13.44400", "2013-06-30": "-422.85700", "2013-03-31": "-17.30400", "2012-12-31": "-92.74400", "2012-09-30": "-26.67800", "2012-06-30": "-16.95700", "2012-03-31": "-15.47100", "2011-12-31": "-123.28000", "2011-09-30": "-23.36500", "2011-06-30": "-15.43600", "2011-03-31": "-34.28100", "2010-12-31": "-19.35800", "2010-09-30": "-33.26000", "2010-06-30": "-25.81500", "2010-03-31": "-4.38900", "2009-12-31": "-12.31900", "2009-09-30": "-24.32000", "2009-06-30": "-17.18000", "2009-03-31": "-12.70900", "2008-12-31": "-9.34700", "2008-09-30": "-21.61800", "2008-06-30": "-10.77600", "2008-03-31": "-6.23500", "2007-12-31": "-10.59800", "2007-09-30": "-22.97200", "2007-06-30": "-14.58000", "2007-03-31": "-2.43900", "2006-12-31": "-41.87100", "2006-09-30": "-1.88800", "2006-06-30": "-1.91500", "2006-03-31": "-2.04500", "2005-12-31": "-2.05100", "2005-09-30": "-2.49100", "2005-06-30": "-2.86300", "2005-03-31": "-2.49100"}, "Operating Expenses": {"2020-09-30": "413.14900", "2020-06-30": "455.67900", "2020-03-31": "551.10300", "2019-12-31": "506.50710", "2019-09-30": "500.75800", "2019-06-30": "500.37600", "2019-03-31": "436.46700", "2018-12-31": "483.52400", "2018-09-30": "398.78500", "2018-06-30": "436.57700", "2018-03-31": "455.21900", "2017-12-31": "482.15900", "2017-09-30": "750.54300", "2017-06-30": "734.44300", "2017-03-31": "711.89300", "2016-12-31": "-421.70720", "2016-09-30": "663.86410", "2016-06-30": "620.81710", "2016-03-31": "605.77700", "2015-12-31": "976.82900", "2015-09-30": "645.79900", "2015-06-30": "635.56700", "2015-03-31": "527.39800", "2014-12-31": "543.40100", "2014-09-30": "440.33400", "2014-06-30": "393.43600", "2014-03-31": "419.71000", "2013-12-31": "415.81600", "2013-09-30": "381.51800", "2013-06-30": "974.92700", "2013-03-31": "421.57200", "2012-12-31": "390.95200", "2012-09-30": "426.94710", "2012-06-30": "437.51000", "2012-03-31": "368.49100", "2011-12-31": "335.65800", "2011-09-30": "377.66300", "2011-06-30": "336.31000", "2011-03-31": "336.08900", "2010-12-31": "291.01790", "2010-09-30": "296.33200", "2010-06-30": "314.58700", "2010-03-31": "358.18000", "2009-12-31": "280.81490", "2009-09-30": "278.90800", "2009-06-30": "267.99900", "2009-03-31": "260.19200", "2008-12-31": "280.71600", "2008-09-30": "280.52500", "2008-06-30": "269.71100", "2008-03-31": "369.25600", "2007-12-31": "477.28400", "2007-09-30": "277.42200", "2007-06-30": "253.04300", "2007-03-31": "40.25200", "2006-12-31": "806.44400", "2006-09-30": "36.81300", "2006-06-30": "39.58500", "2006-03-31": "39.14100", "2005-12-31": "35.49600", "2005-09-30": "36.06200", "2005-06-30": "35.73800", "2005-03-31": "36.80100"}, "Operating Income": {"2020-09-30": "41.89000", "2020-06-30": "63.40900", "2020-03-31": "52.06400", "2019-12-31": "-19.35110", "2019-09-30": "20.37900", "2019-06-30": "50.81100", "2019-03-31": "108.28400", "2018-12-31": "-17.17300", "2018-09-30": "56.85700", "2018-06-30": "54.46600", "2018-03-31": "69.55500", "2017-12-31": "-50.19300", "2017-09-30": "76.48510", "2017-06-30": "114.45800", "2017-03-31": "71.30000", "2016-12-31": "-53.22580", "2016-09-30": "70.95590", "2016-06-30": "32.95290", "2016-03-31": "34.87700", "2015-12-31": "-95.07590", "2015-09-30": "39.49600", "2015-06-30": "33.56400", "2015-03-31": "20.16900", "2014-12-31": "-54.11800", "2014-09-30": "-4.11800", "2014-06-30": "23.76600", "2014-03-31": "25.07900", "2013-12-31": "5.47500", "2013-09-30": "22.67100", "2013-06-30": "218.24000", "2013-03-31": "23.39700", "2012-12-31": "50.52910", "2012-09-30": "13.36990", "2012-06-30": "12.02800", "2012-03-31": "26.47000", "2011-12-31": "19.51110", "2011-09-30": "2.27200", "2011-06-30": "28.24800", "2011-03-31": "28.93400", "2010-12-31": "30.73710", "2010-09-30": "30.17000", "2010-06-30": "21.11700", "2010-03-31": "-11.02900", "2009-12-31": "16.01820", "2009-09-30": "10.53100", "2009-06-30": "24.13700", "2009-03-31": "23.72200", "2008-12-31": "4.76600", "2008-09-30": "20.34300", "2008-06-30": "35.76100", "2008-03-31": "-32.14600", "2007-12-31": "25.67400", "2007-09-30": "21.95600", "2007-06-30": "19.91300", "2007-03-31": "1.38200", "2006-12-31": "-71.18910", "2006-09-30": "1.29000", "2006-06-30": "-0.65100", "2006-03-31": "3.41100", "2005-12-31": "1.20700", "2005-09-30": "2.71000", "2005-06-30": "1.71700", "2005-03-31": "2.10300"}, "Total Non-Operating Income/Expense": {"2020-09-30": "-13.18200", "2020-06-30": "-15.20900", "2020-03-31": "-22.32600", "2019-12-31": "-5.11000", "2019-09-30": "-11.63300", "2019-06-30": "-14.05300", "2019-03-31": "8.78700", "2018-12-31": "-6.74700", "2018-09-30": "5.72800", "2018-06-30": "-7.53600", "2018-03-31": "24.66700", "2017-12-31": "-21.00900", "2017-09-30": "65.91700", "2017-06-30": "-20.17500", "2017-03-31": "-13.50600", "2016-12-31": "-19.48300", "2016-09-30": "73.62000", "2016-06-30": "-3.74900", "2016-03-31": "-15.48700", "2015-12-31": "396.97100", "2015-09-30": "43.82600", "2015-06-30": "-16.27500", "2015-03-31": "16.10100", "2014-12-31": "-5.16800", "2014-09-30": "34.05500", "2014-06-30": "-8.85100", "2014-03-31": "-13.83300", "2013-12-31": "-4.16500", "2013-09-30": "19.99200", "2013-06-30": "-9.98900", "2013-03-31": "-9.70000", "2012-12-31": "-21.76600", "2012-09-30": "-9.75800", "2012-06-30": "-7.57800", "2012-03-31": "-7.55800", "2011-12-31": "-8.68900", "2011-09-30": "-6.75400", "2011-06-30": "-4.76800", "2011-03-31": "-4.39500", "2010-12-31": "-3.77700", "2010-09-30": "-3.79600", "2010-06-30": "-3.59600", "2010-03-31": "-2.91100", "2009-12-31": "-2.53500", "2009-09-30": "-2.47600", "2009-06-30": "-2.51200", "2009-03-31": "-2.39700", "2008-12-31": "-5.44200", "2008-09-30": "-2.21700", "2008-06-30": "-3.62800", "2008-03-31": "-7.66300", "2007-12-31": "-9.97300", "2007-09-30": "-7.21300", "2007-06-30": "-9.06500", "2007-03-31": "", "2006-12-31": "-28.04300", "2006-09-30": "-2.02600", "2006-06-30": "", "2006-03-31": "", "2005-12-31": "-1.58900", "2005-09-30": "", "2005-06-30": "-4.12400", "2005-03-31": ""}, "Pre-Tax Income": {"2020-09-30": "28.70800", "2020-06-30": "48.20000", "2020-03-31": "29.73800", "2019-12-31": "-24.46100", "2019-09-30": "8.74600", "2019-06-30": "36.75800", "2019-03-31": "117.07100", "2018-12-31": "-23.92000", "2018-09-30": "62.58500", "2018-06-30": "46.93000", "2018-03-31": "94.22200", "2017-12-31": "-71.20200", "2017-09-30": "142.40200", "2017-06-30": "94.28300", "2017-03-31": "57.79400", "2016-12-31": "-72.70900", "2016-09-30": "144.57600", "2016-06-30": "29.20400", "2016-03-31": "19.39000", "2015-12-31": "301.89500", "2015-09-30": "83.32200", "2015-06-30": "17.28900", "2015-03-31": "36.27000", "2014-12-31": "-59.28600", "2014-09-30": "29.93700", "2014-06-30": "14.91500", "2014-03-31": "11.24600", "2013-12-31": "1.31000", "2013-09-30": "42.66300", "2013-06-30": "208.25100", "2013-03-31": "13.69700", "2012-12-31": "28.76300", "2012-09-30": "3.61200", "2012-06-30": "4.45000", "2012-03-31": "18.91200", "2011-12-31": "10.82200", "2011-09-30": "-4.48200", "2011-06-30": "23.48000", "2011-03-31": "24.53900", "2010-12-31": "26.96000", "2010-09-30": "26.37400", "2010-06-30": "17.52100", "2010-03-31": "-13.94000", "2009-12-31": "13.48300", "2009-09-30": "8.05500", "2009-06-30": "21.62500", "2009-03-31": "21.32500", "2008-12-31": "-0.67600", "2008-09-30": "18.12600", "2008-06-30": "32.13300", "2008-03-31": "-39.80900", "2007-12-31": "15.70100", "2007-09-30": "14.74300", "2007-06-30": "10.84800", "2007-03-31": "1.38200", "2006-12-31": "-99.23200", "2006-09-30": "-0.73600", "2006-06-30": "-0.65100", "2006-03-31": "3.41100", "2005-12-31": "-0.38200", "2005-09-30": "2.71000", "2005-06-30": "-2.40700", "2005-03-31": "2.10300"}, "Income Taxes": {"2020-09-30": "3.77800", "2020-06-30": "8.64100", "2020-03-31": "8.70600", "2019-12-31": "2.09500", "2019-09-30": "6.18600", "2019-06-30": "14.99300", "2019-03-31": "29.89700", "2018-12-31": "16.98000", "2018-09-30": "23.01900", "2018-06-30": "14.57100", "2018-03-31": "21.55000", "2017-12-31": "41.08400", "2017-09-30": "31.85400", "2017-06-30": "16.55200", "2017-03-31": "6.67800", "2016-12-31": "10.67800", "2016-09-30": "30.27300", "2016-06-30": "10.54800", "2016-03-31": "4.84000", "2015-12-31": "79.56400", "2015-09-30": "28.73700", "2015-06-30": "2.27200", "2015-03-31": "10.04600", "2014-12-31": "-22.50100", "2014-09-30": "18.80800", "2014-06-30": "3.60000", "2014-03-31": "0.74400", "2013-12-31": "-0.31500", "2013-09-30": "10.67500", "2013-06-30": "78.71100", "2013-03-31": "3.09500", "2012-12-31": "10.32900", "2012-09-30": "2.62300", "2012-06-30": "0.07000", "2012-03-31": "7.20200", "2011-12-31": "3.90500", "2011-09-30": "-1.33800", "2011-06-30": "6.03100", "2011-03-31": "7.40100", "2010-12-31": "2.94200", "2010-09-30": "6.87800", "2010-06-30": "4.71000", "2010-03-31": "-2.98700", "2009-12-31": "6.39000", "2009-09-30": "3.31000", "2009-06-30": "6.94400", "2009-03-31": "7.03100", "2008-12-31": "-1.44000", "2008-09-30": "4.76200", "2008-06-30": "8.72300", "2008-03-31": "8.07000", "2007-12-31": "7.57200", "2007-09-30": "3.89900", "2007-06-30": "-2.69700", "2007-03-31": "0.54600", "2006-12-31": "-2.38100", "2006-09-30": "-0.21000", "2006-06-30": "-0.34700", "2006-03-31": "1.39100", "2005-12-31": "-0.16200", "2005-09-30": "0.83700", "2005-06-30": "-0.94900", "2005-03-31": "0.76400"}, "Income After Taxes": {"2020-09-30": "24.93000", "2020-06-30": "39.55900", "2020-03-31": "21.03200", "2019-12-31": "-26.55600", "2019-09-30": "2.56000", "2019-06-30": "21.76500", "2019-03-31": "87.17400", "2018-12-31": "-40.90000", "2018-09-30": "39.56600", "2018-06-30": "32.35900", "2018-03-31": "72.67200", "2017-12-31": "-112.28600", "2017-09-30": "110.54800", "2017-06-30": "77.73100", "2017-03-31": "51.11600", "2016-12-31": "-83.38700", "2016-09-30": "114.30300", "2016-06-30": "18.65600", "2016-03-31": "14.55000", "2015-12-31": "222.33100", "2015-09-30": "54.58500", "2015-06-30": "15.01700", "2015-03-31": "26.22400", "2014-12-31": "-36.78500", "2014-09-30": "11.12900", "2014-06-30": "11.31500", "2014-03-31": "10.50200", "2013-12-31": "1.62500", "2013-09-30": "31.98800", "2013-06-30": "129.54000", "2013-03-31": "10.60200", "2012-12-31": "18.43400", "2012-09-30": "0.98900", "2012-06-30": "4.38000", "2012-03-31": "11.71000", "2011-12-31": "6.91700", "2011-09-30": "-3.14400", "2011-06-30": "17.44900", "2011-03-31": "17.13800", "2010-12-31": "24.01800", "2010-09-30": "19.49600", "2010-06-30": "12.81100", "2010-03-31": "-10.95300", "2009-12-31": "7.09300", "2009-09-30": "4.74500", "2009-06-30": "14.68100", "2009-03-31": "14.29400", "2008-12-31": "0.76400", "2008-09-30": "13.36400", "2008-06-30": "23.41000", "2008-03-31": "-47.87900", "2007-12-31": "8.12900", "2007-09-30": "10.84400", "2007-06-30": "13.54500", "2007-03-31": "0.83600", "2006-12-31": "-96.85100", "2006-09-30": "-0.52600", "2006-06-30": "-0.30400", "2006-03-31": "2.02000", "2005-12-31": "-0.22000", "2005-09-30": "1.87300", "2005-06-30": "-1.45800", "2005-03-31": "1.33900"}, "Other Income": {"2020-09-30": "", "2020-06-30": "", "2020-03-31": "", "2019-12-31": "", "2019-09-30": "", "2019-06-30": "", "2019-03-31": "", "2018-12-31": "", "2018-09-30": "", "2018-06-30": "", "2018-03-31": "", "2017-12-31": "", "2017-09-30": "", "2017-06-30": "", "2017-03-31": "", "2016-12-31": "", "2016-09-30": "", "2016-06-30": "", "2016-03-31": "", "2015-12-31": "", "2015-09-30": "", "2015-06-30": "", "2015-03-31": "", "2014-12-31": "", "2014-09-30": "", "2014-06-30": "", "2014-03-31": "", "2013-12-31": "", "2013-09-30": "", "2013-06-30": "", "2013-03-31": "", "2012-12-31": "", "2012-09-30": "", "2012-06-30": "", "2012-03-31": "", "2011-12-31": "", "2011-09-30": "", "2011-06-30": "", "2011-03-31": "", "2010-12-31": "", "2010-09-30": "", "2010-06-30": "", "2010-03-31": "", "2009-12-31": "", "2009-09-30": "", "2009-06-30": "", "2009-03-31": "", "2008-12-31": "", "2008-09-30": "", "2008-06-30": "", "2008-03-31": "", "2007-12-31": "", "2007-09-30": "", "2007-06-30": "", "2007-03-31": "", "2006-12-31": "", "2006-09-30": "", "2006-06-30": "", "2006-03-31": "", "2005-12-31": "", "2005-09-30": "", "2005-06-30": "", "2005-03-31": ""}, "Income From Continuous Operations": {"2020-09-30": "24.93000", "2020-06-30": "39.55900", "2020-03-31": "21.03200", "2019-12-31": "-26.55600", "2019-09-30": "2.56000", "2019-06-30": "21.76500", "2019-03-31": "87.17400", "2018-12-31": "-40.90000", "2018-09-30": "39.56600", "2018-06-30": "32.35900", "2018-03-31": "72.67200", "2017-12-31": "-112.28600", "2017-09-30": "110.54800", "2017-06-30": "77.73100", "2017-03-31": "51.11600", "2016-12-31": "-83.38700", "2016-09-30": "114.30300", "2016-06-30": "18.65600", "2016-03-31": "14.55000", "2015-12-31": "222.33100", "2015-09-30": "54.58500", "2015-06-30": "15.01700", "2015-03-31": "26.22400", "2014-12-31": "-36.78500", "2014-09-30": "11.12900", "2014-06-30": "11.31500", "2014-03-31": "10.50200", "2013-12-31": "1.62500", "2013-09-30": "31.98800", "2013-06-30": "129.54000", "2013-03-31": "10.60200", "2012-12-31": "18.43400", "2012-09-30": "0.98900", "2012-06-30": "4.38000", "2012-03-31": "11.71000", "2011-12-31": "6.91700", "2011-09-30": "-3.14400", "2011-06-30": "17.44900", "2011-03-31": "17.13800", "2010-12-31": "24.01800", "2010-09-30": "19.49600", "2010-06-30": "12.81100", "2010-03-31": "-10.95300", "2009-12-31": "7.09300", "2009-09-30": "4.74500", "2009-06-30": "14.68100", "2009-03-31": "14.29400", "2008-12-31": "0.76400", "2008-09-30": "13.36400", "2008-06-30": "23.41000", "2008-03-31": "-47.87900", "2007-12-31": "9.39800", "2007-09-30": "10.46900", "2007-06-30": "12.65100", "2007-03-31": "0.83600", "2006-12-31": "-96.85100", "2006-09-30": "-0.52600", "2006-06-30": "-0.30400", "2006-03-31": "2.02000", "2005-12-31": "-0.22000", "2005-09-30": "1.87300", "2005-06-30": "-1.45800", "2005-03-31": "1.33900"}, "Income From Discontinued Operations": {"2020-09-30": "", "2020-06-30": "", "2020-03-31": "", "2019-12-31": "", "2019-09-30": "", "2019-06-30": "", "2019-03-31": "", "2018-12-31": "11.04100", "2018-09-30": "122.73800", "2018-06-30": "17.63100", "2018-03-31": "24.75900", "2017-12-31": "-45.38000", "2017-09-30": "", "2017-06-30": "", "2017-03-31": "", "2016-12-31": "", "2016-09-30": "", "2016-06-30": "", "2016-03-31": "", "2015-12-31": "", "2015-09-30": "", "2015-06-30": "", "2015-03-31": "", "2014-12-31": "", "2014-09-30": "", "2014-06-30": "", "2014-03-31": "", "2013-12-31": "", "2013-09-30": "", "2013-06-30": "", "2013-03-31": "", "2012-12-31": "", "2012-09-30": "", "2012-06-30": "", "2012-03-31": "", "2011-12-31": "", "2011-09-30": "", "2011-06-30": "", "2011-03-31": "", "2010-12-31": "", "2010-09-30": "", "2010-06-30": "", "2010-03-31": "", "2009-12-31": "", "2009-09-30": "", "2009-06-30": "", "2009-03-31": "", "2008-12-31": "", "2008-09-30": "", "2008-06-30": "", "2008-03-31": "", "2007-12-31": "", "2007-09-30": "", "2007-06-30": "", "2007-03-31": "", "2006-12-31": "", "2006-09-30": "", "2006-06-30": "", "2006-03-31": "", "2005-12-31": "", "2005-09-30": "", "2005-06-30": "", "2005-03-31": ""}, "Net Income": {"2020-09-30": "19.38100", "2020-06-30": "28.09900", "2020-03-31": "14.31400", "2019-12-31": "-16.24300", "2019-09-30": "-3.52900", "2019-06-30": "13.61100", "2019-03-31": "61.86800", "2018-12-31": "-16.74300", "2018-09-30": "120.28600", "2018-06-30": "35.20300", "2018-03-31": "58.77400", "2017-12-31": "-119.79900", "2017-09-30": "81.52900", "2017-06-30": "52.92000", "2017-03-31": "36.82500", "2016-12-31": "70.83900", "2016-09-30": "87.21100", "2016-06-30": "14.46700", "2016-03-31": "12.50500", "2015-12-31": "98.18600", "2015-09-30": "38.37100", "2015-06-30": "9.34700", "2015-03-31": "14.05500", "2014-12-31": "-18.68500", "2014-09-30": "7.21100", "2014-06-30": "7.60100", "2014-03-31": "8.00800", "2013-12-31": "4.13400", "2013-09-30": "25.32600", "2013-06-30": "34.46600", "2013-03-31": "6.99800", "2012-12-31": "14.16800", "2012-09-30": "-0.45100", "2012-06-30": "1.95800", "2012-03-31": "8.18900", "2011-12-31": "3.84000", "2011-09-30": "-2.03300", "2011-06-30": "9.66400", "2011-03-31": "8.66600", "2010-12-31": "11.75100", "2010-09-30": "6.22400", "2010-06-30": "7.39800", "2010-03-31": "-4.21100", "2009-12-31": "1.70200", "2009-09-30": "2.17500", "2009-06-30": "8.06800", "2009-03-31": "8.08000", "2008-12-31": "-0.01300", "2008-09-30": "6.85300", "2008-06-30": "11.98400", "2008-03-31": "-48.53300", "2007-12-31": "7.04600", "2007-09-30": "10.46900", "2007-06-30": "12.65100", "2007-03-31": "0.83600", "2006-12-31": "-107.58100", "2006-09-30": "-0.52600", "2006-06-30": "-0.30400", "2006-03-31": "2.02000", "2005-12-31": "-0.22000", "2005-09-30": "1.87300", "2005-06-30": "-1.45800", "2005-03-31": "1.33900"}, "EBITDA": {"2020-09-30": "75.12000", "2020-06-30": "101.61900", "2020-03-31": "89.63600", "2019-12-31": "14.77590", "2019-09-30": "50.66500", "2019-06-30": "79.18000", "2019-03-31": "133.84100", "2018-12-31": "12.90300", "2018-09-30": "72.53000", "2018-06-30": "73.82700", "2018-03-31": "87.87400", "2017-12-31": "-112.49300", "2017-09-30": "141.02700", "2017-06-30": "164.69900", "2017-03-31": "112.03400", "2016-12-31": "-100.96180", "2016-09-30": "162.84490", "2016-06-30": "63.11990", "2016-03-31": "63.81400", "2015-12-31": "40.06610", "2015-09-30": "74.21000", "2015-06-30": "70.43700", "2015-03-31": "46.29800", "2014-12-31": "-31.62200", "2014-09-30": "11.79000", "2014-06-30": "42.93700", "2014-03-31": "44.18800", "2013-12-31": "25.44200", "2013-09-30": "202.75600", "2013-06-30": "242.25800", "2013-03-31": "46.63200", "2012-12-31": "75.87610", "2012-09-30": "37.68690", "2012-06-30": "32.77300", "2012-03-31": "47.02000", "2011-12-31": "41.49100", "2011-09-30": "22.86100", "2011-06-30": "47.48400", "2011-03-31": "50.00300", "2010-12-31": "56.39310", "2010-09-30": "51.80400", "2010-06-30": "43.80000", "2010-03-31": "10.37000", "2009-12-31": "41.22120", "2009-09-30": "30.95400", "2009-06-30": "45.33700", "2009-03-31": "43.98500", "2008-12-31": "25.94400", "2008-09-30": "42.21000", "2008-06-30": "56.55000", "2008-03-31": "-9.04900", "2007-12-31": "49.51000", "2007-09-30": "43.38900", "2007-06-30": "61.78700", "2007-03-31": "9.80500", "2006-12-31": "-0.54610", "2006-09-30": "10.13100", "2006-06-30": "8.22700", "2006-03-31": "13.25600", "2005-12-31": "10.20100", "2005-09-30": "10.59000", "2005-06-30": "8.78900", "2005-03-31": "9.20100"}, "EBIT": {"2020-09-30": "41.89000", "2020-06-30": "63.40900", "2020-03-31": "52.06400", "2019-12-31": "-19.35110", "2019-09-30": "20.37900", "2019-06-30": "50.81100", "2019-03-31": "108.28400", "2018-12-31": "-17.17300", "2018-09-30": "56.85700", "2018-06-30": "54.46600", "2018-03-31": "69.55500", "2017-12-31": "-50.19300", "2017-09-30": "76.48510", "2017-06-30": "114.45800", "2017-03-31": "71.30000", "2016-12-31": "-53.22580", "2016-09-30": "70.95590", "2016-06-30": "32.95290", "2016-03-31": "34.87700", "2015-12-31": "-95.07590", "2015-09-30": "39.49600", "2015-06-30": "33.56400", "2015-03-31": "20.16900", "2014-12-31": "-54.11800", "2014-09-30": "-4.11800", "2014-06-30": "23.76600", "2014-03-31": "25.07900", "2013-12-31": "5.47500", "2013-09-30": "22.67100", "2013-06-30": "218.24000", "2013-03-31": "23.39700", "2012-12-31": "50.52910", "2012-09-30": "13.36990", "2012-06-30": "12.02800", "2012-03-31": "26.47000", "2011-12-31": "19.51110", "2011-09-30": "2.27200", "2011-06-30": "28.24800", "2011-03-31": "28.93400", "2010-12-31": "30.73710", "2010-09-30": "30.17000", "2010-06-30": "21.11700", "2010-03-31": "-11.02900", "2009-12-31": "16.01820", "2009-09-30": "10.53100", "2009-06-30": "24.13700", "2009-03-31": "23.72200", "2008-12-31": "4.76600", "2008-09-30": "20.34300", "2008-06-30": "35.76100", "2008-03-31": "-32.14600", "2007-12-31": "25.67410", "2007-09-30": "21.95600", "2007-06-30": "19.91300", "2007-03-31": "1.38200", "2006-12-31": "-71.18900", "2006-09-30": "1.29000", "2006-06-30": "-0.65100", "2006-03-31": "3.41100", "2005-12-31": "1.20700", "2005-09-30": "2.71000", "2005-06-30": "1.71700", "2005-03-31": "2.10300"}, "Basic Shares Outstanding": {"2020-09-30": "363.24400", "2020-06-30": "360.61400", "2020-03-31": "358.00100", "2019-12-31": "344.33200", "2019-09-30": "346.06000", "2019-06-30": "341.27200", "2019-03-31": "338.40300", "2018-12-31": "331.38200", "2018-09-30": "327.93200", "2018-06-30": "321.19900", "2018-03-31": "307.72800", "2017-12-31": "290.87100", "2017-09-30": "288.30800", "2017-06-30": "286.84000", "2017-03-31": "283.39900", "2016-12-31": "277.07300", "2016-09-30": "278.60100", "2016-06-30": "275.99700", "2016-03-31": "273.78000", "2015-12-31": "243.46000", "2015-09-30": "252.35400", "2015-06-30": "244.86200", "2015-03-31": "222.01900", "2014-12-31": "221.02000", "2014-09-30": "220.38800", "2014-06-30": "220.77000", "2014-03-31": "220.60800", "2013-12-31": "219.72000", "2013-09-30": "219.17400", "2013-06-30": "171.75800", "2013-03-31": "163.22500", "2012-12-31": "144.88600", "2012-09-30": "146.70300", "2012-06-30": "140.36800", "2012-03-31": "136.12400", "2011-12-31": "116.13200", "2011-09-30": "124.27900", "2011-06-30": "112.64400", "2011-03-31": "97.32600", "2010-12-31": "88.29400", "2010-09-30": "91.22500", "2010-06-30": "84.47300", "2010-03-31": "82.87300", "2009-12-31": "80.35000", "2009-09-30": "79.89100", "2009-06-30": "78.92900", "2009-03-31": "80.56100", "2008-12-31": "78.79100", "2008-09-30": "82.43200", "2008-06-30": "75.19400", "2008-03-31": "184.96700", "2007-12-31": "184.32600", "2007-09-30": "184.31500", "2007-06-30": "184.30800", "2007-03-31": "50.42300", "2006-12-31": "184.07400", "2006-09-30": "50.17600", "2006-06-30": "50.14200", "2006-03-31": "50.07700", "2005-12-31": "51.34900", "2005-09-30": "50.99800", "2005-06-30": "51.28100", "2005-03-31": "53.14100"}, "Shares Outstanding": {"2020-09-30": "549.24400", "2020-06-30": "546.12300", "2020-03-31": "538.44200", "2019-12-31": "524.55000", "2019-09-30": "346.06000", "2019-06-30": "522.98400", "2019-03-31": "516.06600", "2018-12-31": "498.54800", "2018-09-30": "437.08700", "2018-06-30": "322.72000", "2018-03-31": "478.93500", "2017-12-31": "290.87100", "2017-09-30": "457.34100", "2017-06-30": "451.85700", "2017-03-31": "444.82600", "2016-12-31": "277.07300", "2016-09-30": "429.76100", "2016-06-30": "437.25700", "2016-03-31": "434.85500", "2015-12-31": "286.32200", "2015-09-30": "394.02600", "2015-06-30": "366.77400", "2015-03-31": "338.48400", "2014-12-31": "221.02000", "2014-09-30": "331.20900", "2014-06-30": "326.58600", "2014-03-31": "322.07400", "2013-12-31": "318.08000", "2013-09-30": "355.16700", "2013-06-30": "378.09200", "2013-03-31": "317.82300", "2012-12-31": "280.80900", "2012-09-30": "146.70300", "2012-06-30": "274.75600", "2012-03-31": "264.17000", "2011-12-31": "116.51400", "2011-09-30": "124.27900", "2011-06-30": "244.11000", "2011-03-31": "237.06500", "2010-12-31": "228.56800", "2010-09-30": "228.28800", "2010-06-30": "226.49500", "2010-03-31": "82.87300", "2009-12-31": "211.03600", "2009-09-30": "215.62000", "2009-06-30": "211.07400", "2009-03-31": "199.98100", "2008-12-31": "189.05800", "2008-09-30": "196.57400", "2008-06-30": "190.12100", "2008-03-31": "184.96700", "2007-12-31": "185.48200", "2007-09-30": "184.31500", "2007-06-30": "185.35300", "2007-03-31": "51.44100", "2006-12-31": "184.07400", "2006-09-30": "50.17600", "2006-06-30": "50.14200", "2006-03-31": "51.13700", "2005-12-31": "52.06600", "2005-09-30": "51.69700", "2005-06-30": "51.28100", "2005-03-31": "54.09500"}, "Basic EPS": {"2020-09-30": "0.05000", "2020-06-30": "0.08000", "2020-03-31": "0.04000", "2019-12-31": "-0.05000", "2019-09-30": "-0.01000", "2019-06-30": "0.04000", "2019-03-31": "0.18000", "2018-12-31": "-0.06000", "2018-09-30": "0.37000", "2018-06-30": "0.11000", "2018-03-31": "0.14000", "2017-12-31": "-0.41000", "2017-09-30": "0.28000", "2017-06-30": "0.18000", "2017-03-31": "0.13000", "2016-12-31": "-0.43000", "2016-09-30": "0.31000", "2016-06-30": "0.05000", "2016-03-31": "0.05000", "2015-12-31": "0.41000", "2015-09-30": "0.15000", "2015-06-30": "0.04000", "2015-03-31": "0.06000", "2014-12-31": "-0.08000", "2014-09-30": "0.03000", "2014-06-30": "0.03000", "2014-03-31": "0.04000", "2013-12-31": "0.02000", "2013-09-30": "0.12000", "2013-06-30": "0.20000", "2013-03-31": "0.04000", "2012-12-31": "0.09000", "2012-09-30": "0.00000", "2012-06-30": "0.01000", "2012-03-31": "0.06000", "2011-12-31": "0.01000", "2011-09-30": "-0.02000", "2011-06-30": "0.09000", "2011-03-31": "0.09000", "2010-12-31": "0.13000", "2010-09-30": "0.07000", "2010-06-30": "0.09000", "2010-03-31": "-0.05000", "2009-12-31": "0.02000", "2009-09-30": "0.03000", "2009-06-30": "0.10000", "2009-03-31": "0.10000", "2008-12-31": "-0.01300", "2008-09-30": "0.08000", "2008-06-30": "0.16000", "2008-03-31": "-0.26000", "2007-12-31": "0.02000", "2007-09-30": "0.06000", "2007-06-30": "0.07000", "2007-03-31": "0.02000", "2006-12-31": "-0.60000", "2006-09-30": "-0.01000", "2006-06-30": "-0.01000", "2006-03-31": "0.04000", "2005-12-31": "-0.01000", "2005-09-30": "0.04000", "2005-06-30": "-0.03000", "2005-03-31": "0.03000"}, "EPS - Earnings Per Share": {"2020-09-30": "0.05000", "2020-06-30": "0.07000", "2020-03-31": "0.04000", "2019-12-31": "-0.05000", "2019-09-30": "-0.01000", "2019-06-30": "0.04000", "2019-03-31": "0.18000", "2018-12-31": "-0.03000", "2018-09-30": "0.28000", "2018-06-30": "0.11000", "2018-03-31": "0.14000", "2017-12-31": "-0.41000", "2017-09-30": "0.28000", "2017-06-30": "0.18000", "2017-03-31": "0.13000", "2016-12-31": "-0.43000", "2016-09-30": "0.31000", "2016-06-30": "0.05000", "2016-03-31": "0.05000", "2015-12-31": "0.37000", "2015-09-30": "0.15000", "2015-06-30": "0.04000", "2015-03-31": "0.06000", "2014-12-31": "-0.08000", "2014-09-30": "0.03000", "2014-06-30": "0.03000", "2014-03-31": "0.04000", "2013-12-31": "0.02000", "2013-09-30": "0.11000", "2013-06-30": "0.18000", "2013-03-31": "0.04000", "2012-12-31": "0.09000", "2012-09-30": "0.00000", "2012-06-30": "0.01000", "2012-03-31": "0.06000", "2011-12-31": "0.01000", "2011-09-30": "-0.02000", "2011-06-30": "0.09000", "2011-03-31": "0.09000", "2010-12-31": "0.13000", "2010-09-30": "0.07000", "2010-06-30": "0.09000", "2010-03-31": "-0.05000", "2009-12-31": "0.01000", "2009-09-30": "0.03000", "2009-06-30": "0.10000", "2009-03-31": "0.10000", "2008-12-31": "-0.03100", "2008-09-30": "0.08000", "2008-06-30": "0.16000", "2008-03-31": "-0.26000", "2007-12-31": "0.02000", "2007-09-30": "0.06000", "2007-06-30": "0.07000", "2007-03-31": "0.02000", "2006-12-31": "-0.60000", "2006-09-30": "-0.01000", "2006-06-30": "-0.01000", "2006-03-31": "0.04000", "2005-12-31": "0.00000", "2005-09-30": "0.04000", "2005-06-30": "-0.03000", "2005-03-31": "0.02000"}}, "balance sheet": {"Cash On Hand": {"2019-12-31": "707.86710", "2018-12-31": "507.25000", "2017-12-31": "773.96900", "2016-12-31": "812.91400", "2015-12-31": "1115.73300", "2014-12-31": "867.87600", "2013-12-31": "770.60800", "2012-12-31": "391.80100", "2011-12-31": "388.96300", "2010-12-31": "371.10200", "2009-12-31": "473.01100", "2008-12-31": "362.17500", "2007-12-31": "430.58400", "2006-12-31": "187.84700", "2005-12-31": "178.43500"}, "Receivables": {"2019-12-31": "1645.45000", "2018-12-31": "1674.82500", "2017-12-31": "1267.68400", "2016-12-31": "2251.85600", "2015-12-31": "1312.83700", "2014-12-31": "1063.58600", "2013-12-31": "758.60400", "2012-12-31": "740.08500", "2011-12-31": "607.00400", "2010-12-31": "758.48200", "2009-12-31": "660.58800", "2008-12-31": "386.06700", "2007-12-31": "425.27000", "2006-12-31": "", "2005-12-31": ""}, "Inventory": {"2019-12-31": "", "2018-12-31": "", "2017-12-31": "33.00700", "2016-12-31": "35.35700", "2015-12-31": "32.36100", "2014-12-31": "32.50800", "2013-12-31": "33.11900", "2012-12-31": "32.00300", "2011-12-31": "", "2010-12-31": "11.09600", "2009-12-31": "2.55300", "2008-12-31": "0.88700", "2007-12-31": "31.73500", "2006-12-31": "", "2005-12-31": ""}, "Pre-Paid Expenses": {"2019-12-31": "", "2018-12-31": "", "2017-12-31": "", "2016-12-31": "", "2015-12-31": "", "2014-12-31": "", "2013-12-31": "", "2012-12-31": "", "2011-12-31": "", "2010-12-31": "", "2009-12-31": "", "2008-12-31": "", "2007-12-31": "", "2006-12-31": "", "2005-12-31": ""}, "Other Current Assets": {"2019-12-31": "", "2018-12-31": "", "2017-12-31": "", "2016-12-31": "", "2015-12-31": "", "2014-12-31": "", "2013-12-31": "", "2012-12-31": "", "2011-12-31": "", "2010-12-31": "", "2009-12-31": "", "2008-12-31": "", "2007-12-31": "", "2006-12-31": "", "2005-12-31": ""}, "Total Current Assets": {"2019-12-31": "2353.31700", "2018-12-31": "2182.07500", "2017-12-31": "2074.66000", "2016-12-31": "3100.12700", "2015-12-31": "2460.93100", "2014-12-31": "1963.97000", "2013-12-31": "1577.54200", "2012-12-31": "1185.54400", "2011-12-31": "1001.72100", "2010-12-31": "1140.68000", "2009-12-31": "1137.13200", "2008-12-31": "750.10900", "2007-12-31": "952.58900", "2006-12-31": "187.84700", "2005-12-31": "178.43500"}, "Property, Plant, And Equipment": {"2019-12-31": "204.84100", "2018-12-31": "157.16900", "2017-12-31": "124.52600", "2016-12-31": "167.23900", "2015-12-31": "147.50500", "2014-12-31": "112.02000", "2013-12-31": "127.61500", "2012-12-31": "141.10900", "2011-12-31": "136.06800", "2010-12-31": "133.42800", "2009-12-31": "132.96600", "2008-12-31": "136.81200", "2007-12-31": "137.81500", "2006-12-31": "57.44300", "2005-12-31": "58.29100"}, "Long-Term Investments": {"2019-12-31": "40.34900", "2018-12-31": "35.40300", "2017-12-31": "34.22200", "2016-12-31": "33.43900", "2015-12-31": "29.75900", "2014-12-31": "17.39200", "2013-12-31": "17.70300", "2012-12-31": "25.55600", "2011-12-31": "20.36700", "2010-12-31": "25.10700", "2009-12-31": "23.17300", "2008-12-31": "26.55900", "2007-12-31": "12.26400", "2006-12-31": "7.78000", "2005-12-31": "7.74200"}, "Goodwill And Intangible Assets": {"2019-12-31": "856.96900", "2018-12-31": "803.42500", "2017-12-31": "754.15000", "2016-12-31": "1456.86000", "2015-12-31": "1045.73300", "2014-12-31": "420.55000", "2013-12-31": "181.51900", "2012-12-31": "185.19400", "2011-12-31": "158.13600", "2010-12-31": "96.45600", "2009-12-31": "91.03000", "2008-12-31": "80.56600", "2007-12-31": "78.50200", "2006-12-31": "19.13300", "2005-12-31": "23.54000"}, "Other Long-Term Assets": {"2019-12-31": "446.37100", "2018-12-31": "246.93700", "2017-12-31": "2442.15400", "2016-12-31": "289.92100", "2015-12-31": "289.65900", "2014-12-31": "228.33100", "2013-12-31": "174.98400", "2012-12-31": "101.53600", "2011-12-31": "88.89300", "2010-12-31": "68.70500", "2009-12-31": "65.78900", "2008-12-31": "59.51500", "2007-12-31": "64.64800", "2006-12-31": "13.72500", "2005-12-31": "8.58100"}, "Total Long-Term Assets": {"2019-12-31": "1562.80300", "2018-12-31": "1250.68200", "2017-12-31": "3355.05200", "2016-12-31": "1947.45900", "2015-12-31": "1521.70600", "2014-12-31": "787.15700", "2013-12-31": "501.82100", "2012-12-31": "453.39500", "2011-12-31": "403.46400", "2010-12-31": "329.63400", "2009-12-31": "327.41700", "2008-12-31": "318.23200", "2007-12-31": "425.04000", "2006-12-31": "105.22600", "2005-12-31": "102.49900"}, "Total Assets": {"2019-12-31": "3916.12000", "2018-12-31": "3432.75700", "2017-12-31": "5429.71200", "2016-12-31": "5047.58600", "2015-12-31": "3982.63700", "2014-12-31": "2751.12700", "2013-12-31": "2079.36300", "2012-12-31": "1638.93900", "2011-12-31": "1405.18500", "2010-12-31": "1470.31400", "2009-12-31": "1464.54900", "2008-12-31": "1068.34100", "2007-12-31": "1377.62900", "2006-12-31": "293.07300", "2005-12-31": "280.93400"}, "Total Current Liabilities": {"2019-12-31": "2006.05800", "2018-12-31": "1781.32900", "2017-12-31": "1670.37500", "2016-12-31": "1705.70200", "2015-12-31": "1852.68100", "2014-12-31": "1403.00400", "2013-12-31": "901.34200", "2012-12-31": "681.24400", "2011-12-31": "572.30200", "2010-12-31": "856.01400", "2009-12-31": "849.26000", "2008-12-31": "460.78600", "2007-12-31": "702.28200", "2006-12-31": "31.88000", "2005-12-31": "27.23700"}, "Long Term Debt": {"2019-12-31": "1142.68700", "2018-12-31": "763.54800", "2017-12-31": "575.02900", "2016-12-31": "1655.76700", "2015-12-31": "840.87700", "2014-12-31": "706.70000", "2013-12-31": "408.35600", "2012-12-31": "451.44400", "2011-12-31": "331.91600", "2010-12-31": "189.25800", "2009-12-31": "167.58600", "2008-12-31": "150.00000", "2007-12-31": "196.81800", "2006-12-31": "", "2005-12-31": ""}, "Other Non-Current Liabilities": {"2019-12-31": "", "2018-12-31": "", "2017-12-31": "1998.15200", "2016-12-31": "", "2015-12-31": "", "2014-12-31": "", "2013-12-31": "", "2012-12-31": "", "2011-12-31": "", "2010-12-31": "", "2009-12-31": "", "2008-12-31": "", "2007-12-31": "", "2006-12-31": "", "2005-12-31": ""}, "Total Long Term Liabilities": {"2019-12-31": "1166.32500", "2018-12-31": "788.25400", "2017-12-31": "2619.59600", "2016-12-31": "1708.34400", "2015-12-31": "898.02200", "2014-12-31": "766.20100", "2013-12-31": "475.27400", "2012-12-31": "530.28300", "2011-12-31": "418.18500", "2010-12-31": "282.44400", "2009-12-31": "281.21100", "2008-12-31": "266.35300", "2007-12-31": "206.02200", "2006-12-31": "8.11400", "2005-12-31": "7.59300"}, "Total Liabilities": {"2019-12-31": "3172.38300", "2018-12-31": "2569.58300", "2017-12-31": "4289.97100", "2016-12-31": "3414.04600", "2015-12-31": "2750.70300", "2014-12-31": "2169.20500", "2013-12-31": "1376.61600", "2012-12-31": "1211.52700", "2011-12-31": "990.48700", "2010-12-31": "1138.45800", "2009-12-31": "1130.47100", "2008-12-31": "727.13900", "2007-12-31": "908.30400", "2006-12-31": "39.99400", "2005-12-31": "34.83000"}, "Common Stock Net": {"2019-12-31": "4.04300", "2018-12-31": "3.87600", "2017-12-31": "3.41100", "2016-12-31": "3.27300", "2015-12-31": "2.90700", "2014-12-31": "2.55000", "2013-12-31": "2.37500", "2012-12-31": "1.76700", "2011-12-31": "1.50000", "2010-12-31": "1.13900", "2009-12-31": "0.97100", "2008-12-31": "0.91800", "2007-12-31": "0.57300", "2006-12-31": "0.56900", "2005-12-31": "0.56400"}, "Retained Earnings (Accumulated Deficit)": {"2019-12-31": "-1274.85600", "2018-12-31": "-1129.48400", "2017-12-31": "-859.00900", "2016-12-31": "-212.85800", "2015-12-31": "-290.20800", "2014-12-31": "-268.92000", "2013-12-31": "-167.92300", "2012-12-31": "-147.45200", "2011-12-31": "-80.72600", "2010-12-31": "-23.61600", "2009-12-31": "-2.17100", "2008-12-31": "1.95800", "2007-12-31": "-17.28200", "2006-12-31": "15.42500", "2005-12-31": "14.63100"}, "Comprehensive Income": {"2019-12-31": "", "2018-12-31": "", "2017-12-31": "-10.48600", "2016-12-31": "-23.19900", "2015-12-31": "-25.05600", "2014-12-31": "4.30300", "2013-12-31": "-6.06000", "2012-12-31": "-4.18200", "2011-12-31": "-3.75200", "2010-12-31": "-0.97700", "2009-12-31": "-0.03600", "2008-12-31": "-3.94200", "2007-12-31": "-0.06100", "2006-12-31": "", "2005-12-31": ""}, "Other Share Holders Equity": {"2019-12-31": "57.91100", "2018-12-31": "94.80100", "2017-12-31": "505.85500", "2016-12-31": "449.98000", "2015-12-31": "597.52700", "2014-12-31": "", "2013-12-31": "", "2012-12-31": "", "2011-12-31": "", "2010-12-31": "", "2009-12-31": "", "2008-12-31": "", "2007-12-31": "", "2006-12-31": "", "2005-12-31": ""}, "Share Holder Equity": {"2019-12-31": "743.73700", "2018-12-31": "863.17400", "2017-12-31": "1139.74100", "2016-12-31": "1633.54000", "2015-12-31": "1231.93400", "2014-12-31": "581.92200", "2013-12-31": "702.74700", "2012-12-31": "427.41200", "2011-12-31": "414.69800", "2010-12-31": "331.85600", "2009-12-31": "334.07800", "2008-12-31": "341.20200", "2007-12-31": "469.32500", "2006-12-31": "253.07900", "2005-12-31": "246.10400"}, "Total Liabilities And Share Holders Equity": {"2019-12-31": "3916.12000", "2018-12-31": "3432.75700", "2017-12-31": "5429.71200", "2016-12-31": "5047.58600", "2015-12-31": "3982.63700", "2014-12-31": "2751.12700", "2013-12-31": "2079.36300", "2012-12-31": "1638.93900", "2011-12-31": "1405.18500", "2010-12-31": "1470.31400", "2009-12-31": "1464.54900", "2008-12-31": "1068.34100", "2007-12-31": "1377.62900", "2006-12-31": "293.07300", "2005-12-31": "280.93400"}}, "balance sheet, quarterly": {"Cash On Hand": {"2020-09-30": "795.38300", "2020-06-30": "745.96300", "2020-03-31": "715.13600", "2019-12-31": "707.86710", "2019-09-30": "711.09800", "2019-06-30": "628.89100", "2019-03-31": "558.10500", "2018-12-31": "507.25000", "2018-09-30": "1003.81400", "2018-06-30": "900.13400", "2018-03-31": "789.10900", "2017-12-31": "773.96900", "2017-09-30": "945.38500", "2017-06-30": "750.75290", "2017-03-31": "686.17800", "2016-12-31": "812.91400", "2016-09-30": "635.33000", "2016-06-30": "597.04800", "2016-03-31": "653.56400", "2015-12-31": "1115.73300", "2015-09-30": "539.43900", "2015-06-30": "420.96300", "2015-03-31": "484.65300", "2014-12-31": "867.87600", "2014-09-30": "604.51800", "2014-06-30": "624.27300", "2014-03-31": "698.97900", "2013-12-31": "770.60800", "2013-09-30": "875.14100", "2013-06-30": "1157.99100", "2013-03-31": "373.58300", "2012-12-31": "391.80100", "2012-09-30": "351.89600", "2012-06-30": "411.69600", "2012-03-31": "331.55100", "2011-12-31": "388.96300", "2011-09-30": "454.40400", "2011-06-30": "292.12500", "2011-03-31": "508.38000", "2010-12-31": "371.10200", "2010-09-30": "402.56000", "2010-06-30": "380.57600", "2010-03-31": "428.48800", "2009-12-31": "473.01100", "2009-09-30": "477.36800", "2009-06-30": "433.64300", "2009-03-31": "391.16200", "2008-12-31": "362.17500", "2008-09-30": "361.88500", "2008-06-30": "484.82300", "2008-03-31": "18.79500", "2007-12-31": "430.58400", "2007-09-30": "105.86000", "2007-06-30": "190.87800", "2007-03-31": "194.77300", "2006-12-31": "187.84700", "2006-09-30": "191.12100", "2006-06-30": "178.16100", "2006-03-31": "177.24700", "2005-12-31": "178.43500", "2005-09-30": "184.31100", "2005-06-30": "182.15900", "2005-03-31": "189.66400"}, "Receivables": {"2020-09-30": "2230.79900", "2020-06-30": "2206.28900", "2020-03-31": "3462.87200", "2019-12-31": "1645.45000", "2019-09-30": "4280.66500", "2019-06-30": "3135.40500", "2019-03-31": "2855.24400", "2018-12-31": "1674.82500", "2018-09-30": "5255.55900", "2018-06-30": "3494.25900", "2018-03-31": "3532.89700", "2017-12-31": "1267.68400", "2017-09-30": "3910.83700", "2017-06-30": "2523.87600", "2017-03-31": "2471.81000", "2016-12-31": "2251.85600", "2016-09-30": "2395.58400", "2016-06-30": "2639.05600", "2016-03-31": "2300.01500", "2015-12-31": "1312.83700", "2015-09-30": "1723.10500", "2015-06-30": "1679.51300", "2015-03-31": "2968.89700", "2014-12-31": "1063.58600", "2014-09-30": "1443.88200", "2014-06-30": "1243.68400", "2014-03-31": "1798.95200", "2013-12-31": "758.60400", "2013-09-30": "1588.77800", "2013-06-30": "1820.65700", "2013-03-31": "1651.48300", "2012-12-31": "740.08500", "2012-09-30": "1223.94700", "2012-06-30": "1014.21200", "2012-03-31": "1029.88000", "2011-12-31": "607.00400", "2011-09-30": "1105.83100", "2011-06-30": "1196.49700", "2011-03-31": "907.64400", "2010-12-31": "758.48200", "2010-09-30": "724.99400", "2010-06-30": "868.29200", "2010-03-31": "1175.97000", "2009-12-31": "660.58800", "2009-09-30": "767.94600", "2009-06-30": "831.59000", "2009-03-31": "471.01700", "2008-12-31": "386.06700", "2008-09-30": "817.59700", "2008-06-30": "843.44090", "2008-03-31": "", "2007-12-31": "425.27000", "2007-09-30": "", "2007-06-30": "", "2007-03-31": "", "2006-12-31": "", "2006-09-30": "", "2006-06-30": "", "2006-03-31": "", "2005-12-31": "", "2005-09-30": "", "2005-06-30": "", "2005-03-31": ""}, "Inventory": {"2020-09-30": "", "2020-06-30": "", "2020-03-31": "", "2019-12-31": "", "2019-09-30": "", "2019-06-30": "62.08500", "2019-03-31": "60.14600", "2018-12-31": "", "2018-09-30": "", "2018-06-30": "57.41400", "2018-03-31": "89.35700", "2017-12-31": "33.00700", "2017-09-30": "32.12100", "2017-06-30": "33.74300", "2017-03-31": "34.08800", "2016-12-31": "35.35700", "2016-09-30": "212.05600", "2016-06-30": "318.58000", "2016-03-31": "32.76700", "2015-12-31": "32.36100", "2015-09-30": "34.50300", "2015-06-30": "32.46700", "2015-03-31": "32.74100", "2014-12-31": "32.50800", "2014-09-30": "36.92800", "2014-06-30": "35.77900", "2014-03-31": "36.54100", "2013-12-31": "33.11900", "2013-09-30": "32.15300", "2013-06-30": "", "2013-03-31": "", "2012-12-31": "32.00300", "2012-09-30": "", "2012-06-30": "", "2012-03-31": "38.23500", "2011-12-31": "", "2011-09-30": "", "2011-06-30": "12.83100", "2011-03-31": "11.01900", "2010-12-31": "11.09600", "2010-09-30": "3.14400", "2010-06-30": "1.58700", "2010-03-31": "2.12400", "2009-12-31": "2.55300", "2009-09-30": "1.44300", "2009-06-30": "627.65400", "2009-03-31": "4.80100", "2008-12-31": "0.88700", "2008-09-30": "19.57700", "2008-06-30": "31.67200", "2008-03-31": "2.26700", "2007-12-31": "31.73500", "2007-09-30": "", "2007-06-30": "", "2007-03-31": "", "2006-12-31": "", "2006-09-30": "", "2006-06-30": "", "2006-03-31": "", "2005-12-31": "", "2005-09-30": "", "2005-06-30": "", "2005-03-31": ""}, "Pre-Paid Expenses": {"2020-09-30": "", "2020-06-30": "", "2020-03-31": "", "2019-12-31": "", "2019-09-30": "", "2019-06-30": "", "2019-03-31": "", "2018-12-31": "", "2018-09-30": "", "2018-06-30": "", "2018-03-31": "", "2017-12-31": "", "2017-09-30": "", "2017-06-30": "", "2017-03-31": "", "2016-12-31": "", "2016-09-30": "", "2016-06-30": "", "2016-03-31": "", "2015-12-31": "", "2015-09-30": "", "2015-06-30": "", "2015-03-31": "", "2014-12-31": "", "2014-09-30": "", "2014-06-30": "", "2014-03-31": "", "2013-12-31": "", "2013-09-30": "", "2013-06-30": "", "2013-03-31": "", "2012-12-31": "", "2012-09-30": "", "2012-06-30": "", "2012-03-31": "", "2011-12-31": "", "2011-09-30": "", "2011-06-30": "", "2011-03-31": "", "2010-12-31": "", "2010-09-30": "", "2010-06-30": "", "2010-03-31": "", "2009-12-31": "", "2009-09-30": "", "2009-06-30": "", "2009-03-31": "", "2008-12-31": "", "2008-09-30": "", "2008-06-30": "", "2008-03-31": "", "2007-12-31": "", "2007-09-30": "", "2007-06-30": "", "2007-03-31": "", "2006-12-31": "", "2006-09-30": "", "2006-06-30": "", "2006-03-31": "", "2005-12-31": "", "2005-09-30": "", "2005-06-30": "", "2005-03-31": ""}, "Other Current Assets": {"2020-09-30": "", "2020-06-30": "", "2020-03-31": "", "2019-12-31": "", "2019-09-30": "", "2019-06-30": "", "2019-03-31": "", "2018-12-31": "", "2018-09-30": "", "2018-06-30": "", "2018-03-31": "", "2017-12-31": "", "2017-09-30": "", "2017-06-30": "", "2017-03-31": "", "2016-12-31": "", "2016-09-30": "", "2016-06-30": "", "2016-03-31": "", "2015-12-31": "", "2015-09-30": "", "2015-06-30": "", "2015-03-31": "", "2014-12-31": "", "2014-09-30": "", "2014-06-30": "", "2014-03-31": "", "2013-12-31": "", "2013-09-30": "", "2013-06-30": "", "2013-03-31": "", "2012-12-31": "", "2012-09-30": "", "2012-06-30": "", "2012-03-31": "", "2011-12-31": "", "2011-09-30": "", "2011-06-30": "", "2011-03-31": "", "2010-12-31": "", "2010-09-30": "", "2010-06-30": "", "2010-03-31": "", "2009-12-31": "", "2009-09-30": "", "2009-06-30": "", "2009-03-31": "", "2008-12-31": "", "2008-09-30": "", "2008-06-30": "", "2008-03-31": "", "2007-12-31": "", "2007-09-30": "", "2007-06-30": "", "2007-03-31": "", "2006-12-31": "", "2006-09-30": "", "2006-06-30": "", "2006-03-31": "", "2005-12-31": "", "2005-09-30": "", "2005-06-30": "", "2005-03-31": ""}, "Total Current Assets": {"2020-09-30": "3026.18200", "2020-06-30": "2952.25200", "2020-03-31": "4178.00800", "2019-12-31": "2353.31700", "2019-09-30": "4991.76300", "2019-06-30": "3826.38100", "2019-03-31": "3473.49500", "2018-12-31": "2182.07500", "2018-09-30": "6259.37300", "2018-06-30": "4451.80700", "2018-03-31": "4411.36300", "2017-12-31": "2074.66000", "2017-09-30": "4888.34300", "2017-06-30": "3458.37200", "2017-03-31": "3192.07600", "2016-12-31": "3100.12700", "2016-09-30": "3242.97000", "2016-06-30": "3554.68400", "2016-03-31": "2986.34600", "2015-12-31": "2460.93100", "2015-09-30": "2297.04700", "2015-06-30": "2143.99700", "2015-03-31": "3495.56200", "2014-12-31": "1963.97000", "2014-09-30": "2093.69900", "2014-06-30": "1914.61300", "2014-03-31": "2542.33700", "2013-12-31": "1577.54200", "2013-09-30": "2496.07200", "2013-06-30": "2978.64800", "2013-03-31": "2044.82400", "2012-12-31": "1185.54400", "2012-09-30": "1582.24300", "2012-06-30": "1425.90800", "2012-03-31": "1399.66600", "2011-12-31": "1001.72100", "2011-09-30": "1561.21500", "2011-06-30": "1502.43300", "2011-03-31": "1428.02300", "2010-12-31": "1140.68000", "2010-09-30": "1131.67800", "2010-06-30": "1251.43500", "2010-03-31": "1607.56200", "2009-12-31": "1137.13200", "2009-09-30": "1247.73700", "2009-06-30": "1893.86700", "2009-03-31": "867.96000", "2008-12-31": "750.10900", "2008-09-30": "1200.03900", "2008-06-30": "1359.93600", "2008-03-31": "136.06200", "2007-12-31": "952.58900", "2007-09-30": "185.86000", "2007-06-30": "190.87800", "2007-03-31": "194.77300", "2006-12-31": "187.84700", "2006-09-30": "191.12100", "2006-06-30": "178.16100", "2006-03-31": "177.24700", "2005-12-31": "178.43500", "2005-09-30": "184.31100", "2005-06-30": "182.15900", "2005-03-31": "189.66400"}, "Property, Plant, And Equipment": {"2020-09-30": "218.65400", "2020-06-30": "214.29600", "2020-03-31": "203.01500", "2019-12-31": "204.84100", "2019-09-30": "195.38000", "2019-06-30": "179.32400", "2019-03-31": "169.59900", "2018-12-31": "157.16900", "2018-09-30": "216.13100", "2018-06-30": "210.46200", "2018-03-31": "196.90600", "2017-12-31": "124.52600", "2017-09-30": "185.60400", "2017-06-30": "175.73700", "2017-03-31": "167.38500", "2016-12-31": "167.23900", "2016-09-30": "155.34000", "2016-06-30": "148.01800", "2016-03-31": "145.37800", "2015-12-31": "147.50500", "2015-09-30": "150.67900", "2015-06-30": "147.26100", "2015-03-31": "162.21900", "2014-12-31": "112.02000", "2014-09-30": "114.36700", "2014-06-30": "116.64500", "2014-03-31": "119.74500", "2013-12-31": "127.61500", "2013-09-30": "131.26300", "2013-06-30": "132.20300", "2013-03-31": "139.54800", "2012-12-31": "141.10900", "2012-09-30": "140.78100", "2012-06-30": "141.91800", "2012-03-31": "135.56800", "2011-12-31": "136.06800", "2011-09-30": "129.23300", "2011-06-30": "132.33600", "2011-03-31": "133.29100", "2010-12-31": "133.42800", "2010-09-30": "136.24800", "2010-06-30": "134.37900", "2010-03-31": "136.85900", "2009-12-31": "132.96600", "2009-09-30": "134.12000", "2009-06-30": "133.76000", "2009-03-31": "135.43300", "2008-12-31": "136.81200", "2008-09-30": "140.38200", "2008-06-30": "137.99100", "2008-03-31": "60.62700", "2007-12-31": "137.81500", "2007-09-30": "60.68000", "2007-06-30": "53.06400", "2007-03-31": "57.48300", "2006-12-31": "57.44300", "2006-09-30": "56.73200", "2006-06-30": "56.41200", "2006-03-31": "56.42100", "2005-12-31": "58.29100", "2005-09-30": "60.46900", "2005-06-30": "56.84900", "2005-03-31": "54.38000"}, "Long-Term Investments": {"2020-09-30": "40.16900", "2020-06-30": "38.75100", "2020-03-31": "38.96600", "2019-12-31": "40.34900", "2019-09-30": "35.96900", "2019-06-30": "36.66100", "2019-03-31": "36.70800", "2018-12-31": "35.40300", "2018-09-30": "164.89200", "2018-06-30": "167.75900", "2018-03-31": "153.45200", "2017-12-31": "34.22200", "2017-09-30": "137.99300", "2017-06-30": "35.12200", "2017-03-31": "33.39700", "2016-12-31": "33.43900", "2016-09-30": "42.70900", "2016-06-30": "42.11700", "2016-03-31": "41.11100", "2015-12-31": "29.75900", "2015-09-30": "34.46300", "2015-06-30": "33.23300", "2015-03-31": "32.23000", "2014-12-31": "17.39200", "2014-09-30": "18.55400", "2014-06-30": "21.06500", "2014-03-31": "15.52200", "2013-12-31": "17.70300", "2013-09-30": "19.43600", "2013-06-30": "21.72700", "2013-03-31": "23.16800", "2012-12-31": "25.55600", "2012-09-30": "29.46900", "2012-06-30": "32.00800", "2012-03-31": "34.28300", "2011-12-31": "20.36700", "2011-09-30": "21.78300", "2011-06-30": "22.98200", "2011-03-31": "23.99800", "2010-12-31": "25.10700", "2010-09-30": "19.98700", "2010-06-30": "21.01800", "2010-03-31": "22.13400", "2009-12-31": "23.17300", "2009-09-30": "25.45100", "2009-06-30": "26.51300", "2009-03-31": "25.28700", "2008-12-31": "26.55900", "2008-09-30": "28.65100", "2008-06-30": "29.74800", "2008-03-31": "26.94400", "2007-12-31": "12.26400", "2007-09-30": "8.70000", "2007-06-30": "9.01200", "2007-03-31": "7.80200", "2006-12-31": "7.78000", "2006-09-30": "7.77600", "2006-06-30": "7.78700", "2006-03-31": "7.76400", "2005-12-31": "7.74200", "2005-09-30": "7.74700", "2005-06-30": "12.50400", "2005-03-31": "12.67300"}, "Goodwill And Intangible Assets": {"2020-09-30": "845.02700", "2020-06-30": "848.42600", "2020-03-31": "854.42500", "2019-12-31": "856.96900", "2019-09-30": "860.92700", "2019-06-30": "871.03500", "2019-03-31": "879.28200", "2018-12-31": "803.42500", "2018-09-30": "1678.84800", "2018-06-30": "1637.00400", "2018-03-31": "1633.50400", "2017-12-31": "754.15000", "2017-09-30": "1625.78000", "2017-06-30": "1200.80200", "2017-03-31": "1211.83000", "2016-12-31": "1456.86000", "2016-09-30": "1049.30500", "2016-06-30": "1039.91400", "2016-03-31": "1042.59800", "2015-12-31": "1045.73300", "2015-09-30": "1274.32300", "2015-06-30": "1270.76800", "2015-03-31": "1196.22700", "2014-12-31": "420.55000", "2014-09-30": "269.55200", "2014-06-30": "201.45600", "2014-03-31": "189.15600", "2013-12-31": "181.51900", "2013-09-30": "183.08100", "2013-06-30": "184.32800", "2013-03-31": "183.32800", "2012-12-31": "185.19400", "2012-09-30": "163.28100", "2012-06-30": "163.45300", "2012-03-31": "158.47800", "2011-12-31": "158.13600", "2011-09-30": "93.17900", "2011-06-30": "96.02000", "2011-03-31": "96.03700", "2010-12-31": "96.45600", "2010-09-30": "98.78400", "2010-06-30": "88.96000", "2010-03-31": "89.88500", "2009-12-31": "91.03000", "2009-09-30": "90.30200", "2009-06-30": "91.18200", "2009-03-31": "79.74000", "2008-12-31": "80.56600", "2008-09-30": "81.92700", "2008-06-30": "82.35500", "2008-03-31": "17.70700", "2007-12-31": "78.50200", "2007-09-30": "18.16800", "2007-06-30": "18.16500", "2007-03-31": "18.38700", "2006-12-31": "19.13300", "2006-09-30": "20.66300", "2006-06-30": "22.00400", "2006-03-31": "23.44500", "2005-12-31": "23.54000", "2005-09-30": "24.98500", "2005-06-30": "26.18900", "2005-03-31": "26.89000"}, "Other Long-Term Assets": {"2020-09-30": "450.00700", "2020-06-30": "436.37400", "2020-03-31": "447.15600", "2019-12-31": "446.37100", "2019-09-30": "464.01800", "2019-06-30": "472.13800", "2019-03-31": "485.79200", "2018-12-31": "246.93700", "2018-09-30": "406.18800", "2018-06-30": "381.64100", "2018-03-31": "382.27100", "2017-12-31": "2442.15400", "2017-09-30": "415.64900", "2017-06-30": "301.87900", "2017-03-31": "294.83700", "2016-12-31": "289.92100", "2016-09-30": "318.92200", "2016-06-30": "319.42000", "2016-03-31": "311.03700", "2015-12-31": "289.65900", "2015-09-30": "347.90300", "2015-06-30": "376.46700", "2015-03-31": "404.00400", "2014-12-31": "228.33100", "2014-09-30": "187.61500", "2014-06-30": "198.63400", "2014-03-31": "206.13400", "2013-12-31": "174.98400", "2013-09-30": "118.19500", "2013-06-30": "118.95400", "2013-03-31": "109.49100", "2012-12-31": "101.53600", "2012-09-30": "107.20200", "2012-06-30": "105.77700", "2012-03-31": "92.53100", "2011-12-31": "88.89300", "2011-09-30": "85.64000", "2011-06-30": "69.06400", "2011-03-31": "72.28400", "2010-12-31": "68.70500", "2010-09-30": "72.77500", "2010-06-30": "57.30700", "2010-03-31": "50.98700", "2009-12-31": "65.78900", "2009-09-30": "54.39900", "2009-06-30": "54.54900", "2009-03-31": "58.16100", "2008-12-31": "59.51500", "2008-09-30": "62.76900", "2008-06-30": "68.20400", "2008-03-31": "19.24200", "2007-12-31": "64.64800", "2007-09-30": "13.86200", "2007-06-30": "12.73200", "2007-03-31": "12.28600", "2006-12-31": "13.72500", "2006-09-30": "13.23100", "2006-06-30": "15.83100", "2006-03-31": "11.69500", "2005-12-31": "8.58100", "2005-09-30": "6.96500", "2005-06-30": "8.14400", "2005-03-31": "8.37300"}, "Total Long-Term Assets": {"2020-09-30": "1568.10300", "2020-06-30": "1550.10200", "2020-03-31": "1550.15100", "2019-12-31": "1562.80300", "2019-09-30": "1556.29400", "2019-06-30": "1565.43700", "2019-03-31": "1571.38100", "2018-12-31": "1250.68200", "2018-09-30": "2472.92300", "2018-06-30": "2396.86600", "2018-03-31": "2366.13300", "2017-12-31": "3355.05200", "2017-09-30": "2365.02600", "2017-06-30": "1722.51000", "2017-03-31": "1715.61500", "2016-12-31": "1947.45900", "2016-09-30": "1568.93900", "2016-06-30": "1557.70000", "2016-03-31": "1563.38100", "2015-12-31": "1521.70600", "2015-09-30": "1820.79900", "2015-06-30": "1827.72900", "2015-03-31": "1794.68000", "2014-12-31": "787.15700", "2014-09-30": "590.08800", "2014-06-30": "537.80000", "2014-03-31": "530.55700", "2013-12-31": "501.82100", "2013-09-30": "451.97500", "2013-06-30": "469.62000", "2013-03-31": "455.53500", "2012-12-31": "453.39500", "2012-09-30": "440.73300", "2012-06-30": "449.61300", "2012-03-31": "453.18100", "2011-12-31": "403.46400", "2011-09-30": "340.78800", "2011-06-30": "326.97500", "2011-03-31": "330.85800", "2010-12-31": "329.63400", "2010-09-30": "338.73000", "2010-06-30": "314.51400", "2010-03-31": "314.02600", "2009-12-31": "327.41700", "2009-09-30": "315.11900", "2009-06-30": "320.64600", "2009-03-31": "327.72300", "2008-12-31": "318.23200", "2008-09-30": "352.60400", "2008-06-30": "421.08800", "2008-03-31": "164.91500", "2007-12-31": "425.04000", "2007-09-30": "115.73500", "2007-06-30": "103.34400", "2007-03-31": "103.04500", "2006-12-31": "105.22600", "2006-09-30": "103.03500", "2006-06-30": "110.66100", "2006-03-31": "107.93000", "2005-12-31": "102.49900", "2005-09-30": "107.98300", "2005-06-30": "109.74700", "2005-03-31": "102.31600"}, "Total Assets": {"2020-09-30": "4594.28500", "2020-06-30": "4502.35400", "2020-03-31": "5728.15900", "2019-12-31": "3916.12000", "2019-09-30": "6548.05700", "2019-06-30": "5391.81800", "2019-03-31": "5044.87600", "2018-12-31": "3432.75700", "2018-09-30": "8732.29600", "2018-06-30": "6848.67300", "2018-03-31": "6777.49600", "2017-12-31": "5429.71200", "2017-09-30": "7253.36900", "2017-06-30": "5180.88200", "2017-03-31": "4907.69100", "2016-12-31": "5047.58600", "2016-09-30": "4811.90900", "2016-06-30": "5112.38400", "2016-03-31": "4549.72700", "2015-12-31": "3982.63700", "2015-09-30": "4117.84600", "2015-06-30": "3971.72600", "2015-03-31": "5290.24200", "2014-12-31": "2751.12700", "2014-09-30": "2683.78700", "2014-06-30": "2452.41300", "2014-03-31": "3072.89400", "2013-12-31": "2079.36300", "2013-09-30": "2948.04700", "2013-06-30": "3448.26800", "2013-03-31": "2500.35900", "2012-12-31": "1638.93900", "2012-09-30": "2022.97600", "2012-06-30": "1875.52100", "2012-03-31": "1852.84700", "2011-12-31": "1405.18500", "2011-09-30": "1902.00300", "2011-06-30": "1829.40800", "2011-03-31": "1758.88100", "2010-12-31": "1470.31400", "2010-09-30": "1470.40800", "2010-06-30": "1565.94900", "2010-03-31": "1921.58800", "2009-12-31": "1464.54900", "2009-09-30": "1562.85600", "2009-06-30": "2214.51300", "2009-03-31": "1195.68300", "2008-12-31": "1068.34100", "2008-09-30": "1552.64300", "2008-06-30": "1781.02400", "2008-03-31": "300.97700", "2007-12-31": "1377.62900", "2007-09-30": "301.59500", "2007-06-30": "294.22200", "2007-03-31": "297.81800", "2006-12-31": "293.07300", "2006-09-30": "294.15600", "2006-06-30": "288.82200", "2006-03-31": "285.17700", "2005-12-31": "280.93400", "2005-09-30": "292.29400", "2005-06-30": "291.90600", "2005-03-31": "291.98000"}, "Total Current Liabilities": {"2020-09-30": "3768.38000", "2020-06-30": "2425.36000", "2020-03-31": "4988.74700", "2019-12-31": "3148.74500", "2019-09-30": "4618.46000", "2019-06-30": "3453.22200", "2019-03-31": "3132.85900", "2018-12-31": "1781.32900", "2018-09-30": "5468.83700", "2018-06-30": "3844.93400", "2018-03-31": "3869.16400", "2017-12-31": "1670.37500", "2017-09-30": "3704.95000", "2017-06-30": "3019.09000", "2017-03-31": "2733.37600", "2016-12-31": "1705.70200", "2016-09-30": "2599.33200", "2016-06-30": "2748.55200", "2016-03-31": "2486.17600", "2015-12-31": "1852.68100", "2015-09-30": "2240.28400", "2015-06-30": "2000.24900", "2015-03-31": "3296.94700", "2014-12-31": "1403.00400", "2014-09-30": "1571.58900", "2014-06-30": "1341.52300", "2014-03-31": "1917.89700", "2013-12-31": "901.34200", "2013-09-30": "1716.56100", "2013-06-30": "2186.46800", "2013-03-31": "1563.08100", "2012-12-31": "681.24400", "2012-09-30": "1103.87100", "2012-06-30": "929.79900", "2012-03-31": "1009.34500", "2011-12-31": "572.30200", "2011-09-30": "1096.87300", "2011-06-30": "1187.40000", "2011-03-31": "1124.90200", "2010-12-31": "856.01400", "2010-09-30": "867.00300", "2010-06-30": "981.64600", "2010-03-31": "1352.91800", "2009-12-31": "849.26000", "2009-09-30": "937.45200", "2009-06-30": "1600.48000", "2009-03-31": "584.88600", "2008-12-31": "460.78600", "2008-09-30": "927.76500", "2008-06-30": "1121.23600", "2008-03-31": "47.17800", "2007-12-31": "702.28200", "2007-09-30": "50.36400", "2007-06-30": "37.27900", "2007-03-31": "36.99500", "2006-12-31": "31.88000", "2006-09-30": "35.94500", "2006-06-30": "30.71800", "2006-03-31": "27.24500", "2005-12-31": "27.23700", "2005-09-30": "38.92200", "2005-06-30": "31.59300", "2005-03-31": "23.31100"}, "Long Term Debt": {"2020-09-30": "", "2020-06-30": "1290.97300", "2020-03-31": "", "2019-12-31": "", "2019-09-30": "1105.49800", "2019-06-30": "1062.22100", "2019-03-31": "1008.23100", "2018-12-31": "763.54800", "2018-09-30": "1323.03000", "2018-06-30": "1289.26900", "2018-03-31": "1421.62500", "2017-12-31": "575.02900", "2017-09-30": "2615.53900", "2017-06-30": "990.88700", "2017-03-31": "981.68300", "2016-12-31": "1655.76700", "2016-09-30": "969.11100", "2016-06-30": "1155.87600", "2016-03-31": "838.63500", "2015-12-31": "840.87700", "2015-09-30": "841.04200", "2015-06-30": "841.20000", "2015-03-31": "991.38200", "2014-12-31": "706.70000", "2014-09-30": "410.34800", "2014-06-30": "409.14800", "2014-03-31": "407.95700", "2013-12-31": "408.35600", "2013-09-30": "422.99000", "2013-06-30": "423.80500", "2013-03-31": "446.50200", "2012-12-31": "451.44400", "2012-09-30": "446.53200", "2012-06-30": "452.21600", "2012-03-31": "338.29700", "2011-12-31": "331.91600", "2011-09-30": "336.67100", "2011-06-30": "186.49000", "2011-03-31": "185.56000", "2010-12-31": "189.25800", "2010-09-30": "177.05200", "2010-06-30": "164.67200", "2010-03-31": "166.14400", "2009-12-31": "167.58600", "2009-09-30": "169.00000", "2009-06-30": "150.00000", "2009-03-31": "150.00000", "2008-12-31": "150.00000", "2008-09-30": "150.00000", "2008-06-30": "150.00000", "2008-03-31": "", "2007-12-31": "196.81800", "2007-09-30": "", "2007-06-30": "", "2007-03-31": "", "2006-12-31": "", "2006-09-30": "", "2006-06-30": "", "2006-03-31": "", "2005-12-31": "", "2005-09-30": "", "2005-06-30": "", "2005-03-31": ""}, "Other Non-Current Liabilities": {"2020-09-30": "", "2020-06-30": "", "2020-03-31": "", "2019-12-31": "", "2019-09-30": "", "2019-06-30": "", "2019-03-31": "", "2018-12-31": "", "2018-09-30": "", "2018-06-30": "", "2018-03-31": "", "2017-12-31": "1998.15200", "2017-09-30": "", "2017-06-30": "", "2017-03-31": "", "2016-12-31": "", "2016-09-30": "", "2016-06-30": "", "2016-03-31": "", "2015-12-31": "", "2015-09-30": "", "2015-06-30": "", "2015-03-31": "18.15300", "2014-12-31": "", "2014-09-30": "", "2014-06-30": "", "2014-03-31": "", "2013-12-31": "", "2013-09-30": "", "2013-06-30": "", "2013-03-31": "", "2012-12-31": "", "2012-09-30": "", "2012-06-30": "", "2012-03-31": "", "2011-12-31": "", "2011-09-30": "", "2011-06-30": "", "2011-03-31": "", "2010-12-31": "", "2010-09-30": "", "2010-06-30": "", "2010-03-31": "", "2009-12-31": "", "2009-09-30": "", "2009-06-30": "", "2009-03-31": "", "2008-12-31": "", "2008-09-30": "", "2008-06-30": "", "2008-03-31": "", "2007-12-31": "", "2007-09-30": "", "2007-06-30": "", "2007-03-31": "", "2006-12-31": "", "2006-09-30": "", "2006-06-30": "", "2006-03-31": "", "2005-12-31": "", "2005-09-30": "", "2005-06-30": "", "2005-03-31": ""}, "Total Long Term Liabilities": {"2020-09-30": "23.28000", "2020-06-30": "1314.31600", "2020-03-31": "23.45700", "2019-12-31": "23.63800", "2019-09-30": "1130.05800", "2019-06-30": "1087.15000", "2019-03-31": "1033.37100", "2018-12-31": "788.25400", "2018-09-30": "1373.30000", "2018-06-30": "1336.38500", "2018-03-31": "1469.13000", "2017-12-31": "2619.59600", "2017-09-30": "2667.54700", "2017-06-30": "1042.36200", "2017-03-31": "1033.51600", "2016-12-31": "1708.34400", "2016-09-30": "1025.55200", "2016-06-30": "1211.33800", "2016-03-31": "894.08400", "2015-12-31": "898.02200", "2015-09-30": "902.76800", "2015-06-30": "1245.51400", "2015-03-31": "1414.39900", "2014-12-31": "766.20100", "2014-09-30": "471.38100", "2014-06-30": "477.21400", "2014-03-31": "474.95400", "2013-12-31": "475.27400", "2013-09-30": "500.82500", "2013-06-30": "503.17900", "2013-03-31": "525.39300", "2012-12-31": "530.28300", "2012-09-30": "523.49400", "2012-06-30": "532.65100", "2012-03-31": "420.37600", "2011-12-31": "418.18500", "2011-09-30": "427.24100", "2011-06-30": "284.82300", "2011-03-31": "286.55300", "2010-12-31": "282.44400", "2010-09-30": "275.70700", "2010-06-30": "269.39700", "2010-03-31": "276.86400", "2009-12-31": "281.21100", "2009-09-30": "284.16900", "2009-06-30": "273.04700", "2009-03-31": "275.75500", "2008-12-31": "266.35300", "2008-09-30": "439.18400", "2008-06-30": "453.21300", "2008-03-31": "18.67400", "2007-12-31": "206.02200", "2007-09-30": "7.06900", "2007-06-30": "7.47700", "2007-03-31": "3.97100", "2006-12-31": "8.11400", "2006-09-30": "7.28000", "2006-06-30": "7.38400", "2006-03-31": "7.48900", "2005-12-31": "7.59300", "2005-09-30": "7.69800", "2005-06-30": "7.80200", "2005-03-31": "7.90600"}, "Total Liabilities": {"2020-09-30": "3791.66000", "2020-06-30": "3739.67600", "2020-03-31": "5012.20300", "2019-12-31": "3172.38300", "2019-09-30": "5748.51800", "2019-06-30": "4540.37200", "2019-03-31": "4166.23000", "2018-12-31": "2569.58300", "2018-09-30": "6842.13700", "2018-06-30": "5181.31900", "2018-03-31": "5338.29400", "2017-12-31": "4289.97100", "2017-09-30": "6372.49700", "2017-06-30": "4061.45200", "2017-03-31": "3766.89200", "2016-12-31": "3414.04600", "2016-09-30": "3624.88400", "2016-06-30": "3959.89000", "2016-03-31": "3380.26000", "2015-12-31": "2750.70300", "2015-09-30": "3143.05200", "2015-06-30": "3245.76300", "2015-03-31": "4711.34600", "2014-12-31": "2169.20500", "2014-09-30": "2042.97000", "2014-06-30": "1818.73700", "2014-03-31": "2392.85100", "2013-12-31": "1376.61600", "2013-09-30": "2217.38600", "2013-06-30": "2689.64700", "2013-03-31": "2088.47400", "2012-12-31": "1211.52700", "2012-09-30": "1627.36500", "2012-06-30": "1462.45000", "2012-03-31": "1429.72100", "2011-12-31": "990.48700", "2011-09-30": "1524.11400", "2011-06-30": "1472.22300", "2011-03-31": "1411.45500", "2010-12-31": "1138.45800", "2010-09-30": "1142.71000", "2010-06-30": "1251.04300", "2010-03-31": "1629.78200", "2009-12-31": "1130.47100", "2009-09-30": "1221.62100", "2009-06-30": "1873.52700", "2009-03-31": "860.64100", "2008-12-31": "727.13900", "2008-09-30": "1366.94900", "2008-06-30": "1574.44900", "2008-03-31": "65.85200", "2007-12-31": "908.30400", "2007-09-30": "57.43300", "2007-06-30": "44.75600", "2007-03-31": "40.96600", "2006-12-31": "39.99400", "2006-09-30": "43.22500", "2006-06-30": "38.10200", "2006-03-31": "34.73400", "2005-12-31": "34.83000", "2005-09-30": "46.62000", "2005-06-30": "39.39500", "2005-03-31": "31.21700"}, "Common Stock Net": {"2020-09-30": "4.11700", "2020-06-30": "4.09700", "2020-03-31": "4.07500", "2019-12-31": "4.04300", "2019-09-30": "3.98700", "2019-06-30": "3.94300", "2019-03-31": "3.89800", "2018-12-31": "3.87600", "2018-09-30": "3.78600", "2018-06-30": "3.75800", "2018-03-31": "3.63400", "2017-12-31": "3.41100", "2017-09-30": "3.36100", "2017-06-30": "3.34500", "2017-03-31": "3.31500", "2016-12-31": "3.27300", "2016-09-30": "3.24300", "2016-06-30": "3.20900", "2016-03-31": "3.15500", "2015-12-31": "2.90700", "2015-09-30": "2.87000", "2015-06-30": "2.84500", "2015-03-31": "2.57700", "2014-12-31": "2.55000", "2014-09-30": "2.51800", "2014-06-30": "2.46800", "2014-03-31": "2.43900", "2013-12-31": "2.37500", "2013-09-30": "2.32800", "2013-06-30": "1.89200", "2013-03-31": "1.83700", "2012-12-31": "1.76700", "2012-09-30": "1.67800", "2012-06-30": "1.61200", "2012-03-31": "1.57600", "2011-12-31": "1.50000", "2011-09-30": "1.45000", "2011-06-30": "1.38700", "2011-03-31": "1.18100", "2010-12-31": "1.13900", "2010-09-30": "1.11600", "2010-06-30": "1.07200", "2010-03-31": "0.98800", "2009-12-31": "0.97100", "2009-09-30": "0.95900", "2009-06-30": "0.94000", "2009-03-31": "0.91800", "2008-12-31": "0.91800", "2008-09-30": "0.89400", "2008-06-30": "0.89400", "2008-03-31": "0.57500", "2007-12-31": "0.57300", "2007-09-30": "0.57000", "2007-06-30": "0.57000", "2007-03-31": "0.56900", "2006-12-31": "0.56900", "2006-09-30": "0.56700", "2006-06-30": "0.56600", "2006-03-31": "0.56500", "2005-12-31": "0.56400", "2005-09-30": "0.56500", "2005-06-30": "0.56400", "2005-03-31": "0.56400"}, "Retained Earnings (Accumulated Deficit)": {"2020-09-30": "-1237.65700", "2020-06-30": "-1253.43400", "2020-03-31": "-1277.95600", "2019-12-31": "-1241.75400", "2019-09-30": "-1176.74100", "2019-06-30": "-1124.86000", "2019-03-31": "-1090.58500", "2018-12-31": "-1129.48400", "2018-09-30": "-798.71700", "2018-06-30": "-860.10700", "2018-03-31": "-837.75300", "2017-12-31": "-859.00900", "2017-09-30": "-686.13000", "2017-06-30": "-415.05300", "2017-03-31": "-385.43500", "2016-12-31": "-212.85800", "2016-09-30": "-309.54400", "2016-06-30": "-326.01800", "2016-03-31": "-297.81600", "2015-12-31": "-290.20800", "2015-09-30": "-303.23400", "2015-06-30": "-306.51300", "2015-03-31": "-281.37400", "2014-12-31": "-268.92000", "2014-09-30": "-223.90100", "2014-06-30": "-204.81200", "2014-03-31": "-186.29100", "2013-12-31": "-167.92300", "2013-09-30": "-146.21800", "2013-06-30": "-145.83500", "2013-03-31": "-160.06600", "2012-12-31": "-147.45200", "2012-09-30": "-143.31400", "2012-06-30": "-117.96300", "2012-03-31": "-96.12200", "2011-12-31": "-80.72600", "2011-09-30": "-62.51800", "2011-06-30": "-39.42200", "2011-03-31": "-28.72100", "2010-12-31": "-23.61600", "2010-09-30": "-22.12500", "2010-06-30": "-15.61000", "2010-03-31": "-11.39000", "2009-12-31": "-2.17100", "2009-09-30": "2.68900", "2009-06-30": "18.10600", "2009-03-31": "10.03800", "2008-12-31": "1.95800", "2008-09-30": "-1.04500", "2008-06-30": "-5.80800", "2008-03-31": "-17.80800", "2007-12-31": "-17.28200", "2007-09-30": "3.72200", "2007-06-30": "9.72800", "2007-03-31": "18.16800", "2006-12-31": "15.42500", "2006-09-30": "", "2006-06-30": "", "2006-03-31": "", "2005-12-31": "14.63100", "2005-09-30": "", "2005-06-30": "", "2005-03-31": ""}, "Comprehensive Income": {"2020-09-30": "-39.40500", "2020-06-30": "-46.57000", "2020-03-31": "-44.08200", "2019-12-31": "-33.10200", "2019-09-30": "-33.65200", "2019-06-30": "-26.39000", "2019-03-31": "-23.55300", "2018-12-31": "", "2018-09-30": "-21.55300", "2018-06-30": "-19.37400", "2018-03-31": "-8.75400", "2017-12-31": "-10.48600", "2017-09-30": "-8.23600", "2017-06-30": "-13.00100", "2017-03-31": "-17.77400", "2016-12-31": "-23.19900", "2016-09-30": "-19.97600", "2016-06-30": "-20.74300", "2016-03-31": "-19.07300", "2015-12-31": "-25.05600", "2015-09-30": "-25.94200", "2015-06-30": "-16.25200", "2015-03-31": "-17.85300", "2014-12-31": "4.30300", "2014-09-30": "6.19600", "2014-06-30": "-5.98100", "2014-03-31": "-5.80900", "2013-12-31": "-6.06000", "2013-09-30": "-5.46200", "2013-06-30": "-6.84500", "2013-03-31": "-4.91700", "2012-12-31": "-4.18200", "2012-09-30": "-4.80900", "2012-06-30": "-5.33300", "2012-03-31": "-2.32200", "2011-12-31": "-3.75200", "2011-09-30": "-5.13100", "2011-06-30": "0.27800", "2011-03-31": "-0.22000", "2010-12-31": "-0.97700", "2010-09-30": "-0.66000", "2010-06-30": "-4.91200", "2010-03-31": "-1.35000", "2009-12-31": "-0.03600", "2009-09-30": "0.53200", "2009-06-30": "-1.46200", "2009-03-31": "-3.40800", "2008-12-31": "-3.94200", "2008-09-30": "-2.97000", "2008-06-30": "", "2008-03-31": "", "2007-12-31": "-0.06100", "2007-09-30": "-0.08800", "2007-06-30": "0.02400", "2007-03-31": "-0.02000", "2006-12-31": "", "2006-09-30": "14.27300", "2006-06-30": "14.77500", "2006-03-31": "15.15100", "2005-12-31": "", "2005-09-30": "14.34100", "2005-06-30": "12.46800", "2005-03-31": "13.92700"}, "Other Share Holders Equity": {"2020-09-30": "", "2020-06-30": "", "2020-03-31": "", "2019-12-31": "", "2019-09-30": "77.36400", "2019-06-30": "", "2019-03-31": "94.06300", "2018-12-31": "94.80100", "2018-09-30": "", "2018-06-30": "714.73600", "2018-03-31": "561.35300", "2017-12-31": "505.85500", "2017-09-30": "196.48600", "2017-06-30": "282.57400", "2017-03-31": "295.91700", "2016-12-31": "449.98000", "2016-09-30": "", "2016-06-30": "", "2016-03-31": "", "2015-12-31": "597.52700", "2015-09-30": "", "2015-06-30": "", "2015-03-31": "", "2014-12-31": "", "2014-09-30": "", "2014-06-30": "", "2014-03-31": "", "2013-12-31": "", "2013-09-30": "", "2013-06-30": "", "2013-03-31": "", "2012-12-31": "", "2012-09-30": "", "2012-06-30": "", "2012-03-31": "", "2011-12-31": "", "2011-09-30": "", "2011-06-30": "", "2011-03-31": "", "2010-12-31": "", "2010-09-30": "", "2010-06-30": "", "2010-03-31": "", "2009-12-31": "", "2009-09-30": "", "2009-06-30": "", "2009-03-31": "", "2008-12-31": "", "2008-09-30": "", "2008-06-30": "", "2008-03-31": "", "2007-12-31": "", "2007-09-30": "", "2007-06-30": "", "2007-03-31": "", "2006-12-31": "", "2006-09-30": "", "2006-06-30": "", "2006-03-31": "", "2005-12-31": "", "2005-09-30": "", "2005-06-30": "", "2005-03-31": ""}, "Share Holder Equity": {"2020-09-30": "802.62500", "2020-06-30": "762.67800", "2020-03-31": "715.95600", "2019-12-31": "743.73700", "2019-09-30": "799.53900", "2019-06-30": "851.44600", "2019-03-31": "878.64600", "2018-12-31": "863.17400", "2018-09-30": "1890.15900", "2018-06-30": "1667.35400", "2018-03-31": "1439.20200", "2017-12-31": "1139.74100", "2017-09-30": "880.87200", "2017-06-30": "1119.43000", "2017-03-31": "1140.79900", "2016-12-31": "1633.54000", "2016-09-30": "1187.02500", "2016-06-30": "1152.49400", "2016-03-31": "1169.46700", "2015-12-31": "1231.93400", "2015-09-30": "974.79400", "2015-06-30": "725.96300", "2015-03-31": "578.89600", "2014-12-31": "581.92200", "2014-09-30": "640.81700", "2014-06-30": "633.67600", "2014-03-31": "680.04300", "2013-12-31": "702.74700", "2013-09-30": "730.66100", "2013-06-30": "758.62100", "2013-03-31": "411.88500", "2012-12-31": "427.41200", "2012-09-30": "395.61100", "2012-06-30": "413.07100", "2012-03-31": "423.12600", "2011-12-31": "414.69800", "2011-09-30": "377.88900", "2011-06-30": "357.18500", "2011-03-31": "347.42600", "2010-12-31": "331.85600", "2010-09-30": "327.69800", "2010-06-30": "314.90600", "2010-03-31": "291.80600", "2009-12-31": "334.07800", "2009-09-30": "341.23500", "2009-06-30": "340.98600", "2009-03-31": "335.04200", "2008-12-31": "341.20200", "2008-09-30": "185.69400", "2008-06-30": "206.57500", "2008-03-31": "235.12500", "2007-12-31": "469.32500", "2007-09-30": "244.16200", "2007-06-30": "249.46600", "2007-03-31": "256.85200", "2006-12-31": "253.07900", "2006-09-30": "250.93100", "2006-06-30": "250.72000", "2006-03-31": "250.44300", "2005-12-31": "246.10400", "2005-09-30": "245.67400", "2005-06-30": "252.51100", "2005-03-31": "260.76300"}, "Total Liabilities And Share Holders Equity": {"2020-09-30": "4594.28500", "2020-06-30": "4502.35400", "2020-03-31": "5728.15900", "2019-12-31": "3916.12000", "2019-09-30": "6548.05700", "2019-06-30": "5391.81800", "2019-03-31": "5044.87600", "2018-12-31": "3432.75700", "2018-09-30": "8732.29600", "2018-06-30": "6848.67300", "2018-03-31": "6777.49600", "2017-12-31": "5429.71200", "2017-09-30": "7253.36900", "2017-06-30": "5180.88200", "2017-03-31": "4907.69100", "2016-12-31": "5047.58600", "2016-09-30": "4811.90900", "2016-06-30": "5112.38400", "2016-03-31": "4549.72700", "2015-12-31": "3982.63700", "2015-09-30": "4117.84600", "2015-06-30": "3971.72600", "2015-03-31": "5290.24200", "2014-12-31": "2751.12700", "2014-09-30": "2683.78700", "2014-06-30": "2452.41300", "2014-03-31": "3072.89400", "2013-12-31": "2079.36300", "2013-09-30": "2948.04700", "2013-06-30": "3448.26800", "2013-03-31": "2500.35900", "2012-12-31": "1638.93900", "2012-09-30": "2022.97600", "2012-06-30": "1875.52100", "2012-03-31": "1852.84700", "2011-12-31": "1405.18500", "2011-09-30": "1902.00300", "2011-06-30": "1829.40800", "2011-03-31": "1758.88100", "2010-12-31": "1470.31400", "2010-09-30": "1470.40800", "2010-06-30": "1565.94900", "2010-03-31": "1921.58800", "2009-12-31": "1464.54900", "2009-09-30": "1562.85600", "2009-06-30": "2214.51300", "2009-03-31": "1195.68300", "2008-12-31": "1068.34100", "2008-09-30": "1552.64300", "2008-06-30": "1781.02400", "2008-03-31": "300.97700", "2007-12-31": "1377.62900", "2007-09-30": "301.59500", "2007-06-30": "294.22200", "2007-03-31": "297.81800", "2006-12-31": "293.07300", "2006-09-30": "294.15600", "2006-06-30": "288.82200", "2006-03-31": "285.17700", "2005-12-31": "280.93400", "2005-09-30": "292.29400", "2005-06-30": "291.90600", "2005-03-31": "291.98000"}}, "cash flow statement": {"Net Income/Loss": {"2019-12-31": "84.94300", "2018-12-31": "279.86600", "2017-12-31": "81.72900", "2016-12-31": "253.83800", "2015-12-31": "318.15700", "2014-12-31": "-14.41300", "2013-12-31": "173.75500", "2012-12-31": "35.51300", "2011-12-31": "38.36000", "2010-12-31": "45.37200", "2009-12-31": "40.81300", "2008-12-31": "-10.34100", "2007-12-31": "33.35400", "2006-12-31": "-106.39100", "2005-12-31": "1.53400"}, "Total Depreciation And Amortization - Cash Flow": {"2019-12-31": "118.33900", "2018-12-31": "83.42900", "2017-12-31": "93.21700", "2016-12-31": "103.25700", "2015-12-31": "232.85800", "2014-12-31": "76.68400", "2013-12-31": "247.30500", "2012-12-31": "90.95900", "2011-12-31": "82.87400", "2010-12-31": "91.37200", "2009-12-31": "87.08900", "2008-12-31": "86.93100", "2007-12-31": "95.56600", "2006-12-31": "98.20700", "2005-12-31": "31.04400"}, "Other Non-Cash Items": {"2019-12-31": "140.32300", "2018-12-31": "-39.00400", "2017-12-31": "70.46400", "2016-12-31": "-154.35000", "2015-12-31": "209.57800", "2014-12-31": "79.66600", "2013-12-31": "-220.84400", "2012-12-31": "91.08600", "2011-12-31": "157.40500", "2010-12-31": "48.48900", "2009-12-31": "42.92300", "2008-12-31": "100.57000", "2007-12-31": "12.24400", "2006-12-31": "22.82900", "2005-12-31": "1.31300"}, "Total Non-Cash Items": {"2019-12-31": "258.66200", "2018-12-31": "44.42500", "2017-12-31": "163.68100", "2016-12-31": "-51.09300", "2015-12-31": "442.43600", "2014-12-31": "156.35000", "2013-12-31": "26.46100", "2012-12-31": "182.04500", "2011-12-31": "240.27900", "2010-12-31": "139.86100", "2009-12-31": "130.01200", "2008-12-31": "187.50100", "2007-12-31": "107.81000", "2006-12-31": "121.03600", "2005-12-31": "32.35700"}, "Change In Accounts Receivable": {"2019-12-31": "372.42500", "2018-12-31": "-277.39600", "2017-12-31": "-146.65500", "2016-12-31": "295.44600", "2015-12-31": "471.78600", "2014-12-31": "-301.10600", "2013-12-31": "-156.09200", "2012-12-31": "-144.53100", "2011-12-31": "205.52800", "2010-12-31": "-129.94800", "2009-12-31": "-315.21200", "2008-12-31": "-4.11300", "2007-12-31": "288.41300", "2006-12-31": "-192.59000", "2005-12-31": "-2.70600"}, "Change In Inventories": {"2019-12-31": "-1.34100", "2018-12-31": "-153.99500", "2017-12-31": "201.72900", "2016-12-31": "-175.62200", "2015-12-31": "183.32900", "2014-12-31": "-64.15600", "2013-12-31": "0.81800", "2012-12-31": "-16.18700", "2011-12-31": "-5.69500", "2010-12-31": "-8.36600", "2009-12-31": "149.55200", "2008-12-31": "28.19400", "2007-12-31": "63.75900", "2006-12-31": "-5.19000", "2005-12-31": ""}, "Change In Accounts Payable": {"2019-12-31": "-475.28000", "2018-12-31": "123.63200", "2017-12-31": "182.11400", "2016-12-31": "-384.39900", "2015-12-31": "-654.59800", "2014-12-31": "401.24200", "2013-12-31": "169.27800", "2012-12-31": "153.96700", "2011-12-31": "-299.17300", "2010-12-31": "4.75600", "2009-12-31": "376.27400", "2008-12-31": "-129.03600", "2007-12-31": "-199.25200", "2006-12-31": "159.09900", "2005-12-31": "-6.05100"}, "Change In Assets/Liabilities": {"2019-12-31": "-0.34700", "2018-12-31": "-83.87700", "2017-12-31": "-89.83800", "2016-12-31": "-44.79500", "2015-12-31": "-75.18500", "2014-12-31": "-11.08400", "2013-12-31": "-47.85400", "2012-12-31": "-39.60700", "2011-12-31": "-93.95500", "2010-12-31": "7.23700", "2009-12-31": "-6.82600", "2008-12-31": "37.95100", "2007-12-31": "35.21800", "2006-12-31": "-7.07100", "2005-12-31": "2.55000"}, "Total Change In Assets/Liabilities": {"2019-12-31": "-104.54300", "2018-12-31": "-391.63600", "2017-12-31": "147.35000", "2016-12-31": "-309.37000", "2015-12-31": "-74.66800", "2014-12-31": "24.89600", "2013-12-31": "-33.85000", "2012-12-31": "-46.35800", "2011-12-31": "-193.29500", "2010-12-31": "-126.32100", "2009-12-31": "203.78800", "2008-12-31": "-67.00400", "2007-12-31": "188.13800", "2006-12-31": "-45.75200", "2005-12-31": "-6.20700"}, "Cash Flow From Operating Activities": {"2019-12-31": "239.06200", "2018-12-31": "-67.34500", "2017-12-31": "392.76000", "2016-12-31": "-106.62500", "2015-12-31": "685.92500", "2014-12-31": "166.83300", "2013-12-31": "166.36600", "2012-12-31": "171.20000", "2011-12-31": "85.34400", "2010-12-31": "58.91200", "2009-12-31": "374.61300", "2008-12-31": "110.15600", "2007-12-31": "329.30200", "2006-12-31": "-31.10700", "2005-12-31": "27.68300"}, "Net Change In Property, Plant, And Equipment": {"2019-12-31": "-95.51100", "2018-12-31": "-74.34100", "2017-12-31": "-58.26500", "2016-12-31": "-36.31600", "2015-12-31": "-57.49600", "2014-12-31": "-26.73500", "2013-12-31": "-37.98800", "2012-12-31": "-50.79100", "2011-12-31": "-43.13000", "2010-12-31": "-43.93700", "2009-12-31": "-44.60800", "2008-12-31": "-58.68600", "2007-12-31": "-62.49000", "2006-12-31": "-69.30700", "2005-12-31": "-34.20000"}, "Net Change In Intangible Assets": {"2019-12-31": "", "2018-12-31": "", "2017-12-31": "0.32900", "2016-12-31": "-0.47300", "2015-12-31": "-0.84500", "2014-12-31": "-0.57700", "2013-12-31": "-0.99500", "2012-12-31": "-0.58300", "2011-12-31": "-1.06400", "2010-12-31": "-0.99000", "2009-12-31": "-1.46900", "2008-12-31": "-2.47600", "2007-12-31": "-1.50400", "2006-12-31": "-1.27000", "2005-12-31": "-1.83700"}, "Net Acquisitions/Divestitures": {"2019-12-31": "28.26100", "2018-12-31": "-50.56200", "2017-12-31": "13.69700", "2016-12-31": "-144.65900", "2015-12-31": "-158.58700", "2014-12-31": "-129.97900", "2013-12-31": "574.54100", "2012-12-31": "-31.41300", "2011-12-31": "-46.70300", "2010-12-31": "-4.38200", "2009-12-31": "", "2008-12-31": "", "2007-12-31": "", "2006-12-31": "2.55600", "2005-12-31": ""}, "Net Change In Short-term Investments": {"2019-12-31": "", "2018-12-31": "", "2017-12-31": "", "2016-12-31": "", "2015-12-31": "", "2014-12-31": "42.99900", "2013-12-31": "", "2012-12-31": "53.37700", "2011-12-31": "", "2010-12-31": "", "2009-12-31": "", "2008-12-31": "", "2007-12-31": "", "2006-12-31": "", "2005-12-31": ""}, "Net Change In Long-Term Investments": {"2019-12-31": "26.64800", "2018-12-31": "134.13900", "2017-12-31": "-68.32500", "2016-12-31": "567.09400", "2015-12-31": "116.28500", "2014-12-31": "-73.80300", "2013-12-31": "-7.10900", "2012-12-31": "-16.57300", "2011-12-31": "-1.74900", "2010-12-31": "-11.87600", "2009-12-31": "-10.44100", "2008-12-31": "-8.03600", "2007-12-31": "-3.77700", "2006-12-31": "-31.35800", "2005-12-31": "5.84000"}, "Net Change In Investments - Total": {"2019-12-31": "26.64800", "2018-12-31": "134.13900", "2017-12-31": "-68.32500", "2016-12-31": "567.09400", "2015-12-31": "116.28500", "2014-12-31": "-30.80400", "2013-12-31": "-7.10900", "2012-12-31": "36.80400", "2011-12-31": "-1.74900", "2010-12-31": "-11.87600", "2009-12-31": "-10.44100", "2008-12-31": "-8.03600", "2007-12-31": "-3.77700", "2006-12-31": "-31.35800", "2005-12-31": "5.84000"}, "Investing Activities - Other": {"2019-12-31": "", "2018-12-31": "", "2017-12-31": "", "2016-12-31": "", "2015-12-31": "", "2014-12-31": "", "2013-12-31": "-1.69600", "2012-12-31": "-22.00000", "2011-12-31": "", "2010-12-31": "", "2009-12-31": "", "2008-12-31": "64.02000", "2007-12-31": "-63.17300", "2006-12-31": "3.50000", "2005-12-31": ""}, "Cash Flow From Investing Activities": {"2019-12-31": "-40.60200", "2018-12-31": "9.23600", "2017-12-31": "-112.56400", "2016-12-31": "385.64600", "2015-12-31": "-100.64300", "2014-12-31": "-188.09500", "2013-12-31": "526.75300", "2012-12-31": "-67.98300", "2011-12-31": "-92.64600", "2010-12-31": "-61.18500", "2009-12-31": "-56.51800", "2008-12-31": "-5.17800", "2007-12-31": "-130.94400", "2006-12-31": "-95.87900", "2005-12-31": "-30.19700"}, "Net Long-Term Debt": {"2019-12-31": "377.47100", "2018-12-31": "189.59800", "2017-12-31": "990.87900", "2016-12-31": "128.97800", "2015-12-31": "-395.60690", "2014-12-31": "293.49200", "2013-12-31": "-48.24600", "2012-12-31": "114.92100", "2011-12-31": "145.93800", "2010-12-31": "21.67200", "2009-12-31": "17.58600", "2008-12-31": "-46.81800", "2007-12-31": "-52.07800", "2006-12-31": "102.67600", "2005-12-31": ""}, "Net Current Debt": {"2019-12-31": "", "2018-12-31": "", "2017-12-31": "6.04600", "2016-12-31": "", "2015-12-31": "-70.00000", "2014-12-31": "", "2013-12-31": "", "2012-12-31": "-13.60000", "2011-12-31": "13.60000", "2010-12-31": "", "2009-12-31": "", "2008-12-31": "", "2007-12-31": "", "2006-12-31": "-8.47000", "2005-12-31": ""}, "Debt Issuance/Retirement Net - Total": {"2019-12-31": "377.47100", "2018-12-31": "189.59800", "2017-12-31": "996.92500", "2016-12-31": "128.97800", "2015-12-31": "-465.60690", "2014-12-31": "293.49200", "2013-12-31": "-48.24600", "2012-12-31": "101.32100", "2011-12-31": "159.53800", "2010-12-31": "21.67200", "2009-12-31": "17.58600", "2008-12-31": "-46.81800", "2007-12-31": "-52.07800", "2006-12-31": "94.20600", "2005-12-31": ""}, "Net Common Equity Issued/Repurchased": {"2019-12-31": "-44.50600", "2018-12-31": "265.24200", "2017-12-31": "-35.68800", "2016-12-31": "-80.32400", "2015-12-31": "-45.70000", "2014-12-31": "-100.26800", "2013-12-31": "-15.52800", "2012-12-31": "12.33000", "2011-12-31": "12.66000", "2010-12-31": "-4.24800", "2009-12-31": "-7.91100", "2008-12-31": "54.26800", "2007-12-31": "0.43700", "2006-12-31": "1.25300", "2005-12-31": "-28.73900"}, "Net Total Equity Issued/Repurchased": {"2019-12-31": "-44.50600", "2018-12-31": "265.24200", "2017-12-31": "-35.68800", "2016-12-31": "-80.32400", "2015-12-31": "-45.70000", "2014-12-31": "-100.26800", "2013-12-31": "-15.52800", "2012-12-31": "12.33000", "2011-12-31": "12.66000", "2010-12-31": "-4.24800", "2009-12-31": "-7.91100", "2008-12-31": "54.26800", "2007-12-31": "0.43700", "2006-12-31": "1.25300", "2005-12-31": "-28.73900"}, "Total Common And Preferred Stock Dividends Paid": {"2019-12-31": "-192.44200", "2018-12-31": "-231.44600", "2017-12-31": "-200.11600", "2016-12-31": "-170.79500", "2015-12-31": "-131.36000", "2014-12-31": "-105.13200", "2013-12-31": "-91.39500", "2012-12-31": "-90.59000", "2011-12-31": "-77.24400", "2010-12-31": "-42.60600", "2009-12-31": "-24.17100", "2008-12-31": "-148.60000", "2007-12-31": "", "2006-12-31": "-1.61000", "2005-12-31": ""}, "Financial Activities - Other": {"2019-12-31": "-122.27700", "2018-12-31": "-172.50600", "2017-12-31": "-998.92400", "2016-12-31": "-135.91400", "2015-12-31": "-81.59800", "2014-12-31": "-129.42000", "2013-12-31": "-208.17400", "2012-12-31": "-108.06900", "2011-12-31": "-86.33300", "2010-12-31": "-74.55400", "2009-12-31": "-42.77400", "2008-12-31": "-36.19700", "2007-12-31": "-0.30600", "2006-12-31": "-0.41200", "2005-12-31": ""}, "Cash Flow From Financial Activities": {"2019-12-31": "18.24600", "2018-12-31": "50.88800", "2017-12-31": "-237.80300", "2016-12-31": "-258.05500", "2015-12-31": "-724.26500", "2014-12-31": "-41.32800", "2013-12-31": "-363.34300", "2012-12-31": "-85.00800", "2011-12-31": "8.62100", "2010-12-31": "-99.73600", "2009-12-31": "-57.27000", "2008-12-31": "-177.34700", "2007-12-31": "-51.94700", "2006-12-31": "93.43700", "2005-12-31": "-28.73900"}, "Net Cash Flow": {"2019-12-31": "219.33600", "2018-12-31": "-380.01200", "2017-12-31": "203.35500", "2016-12-31": "-21.53400", "2015-12-31": "-147.72300", "2014-12-31": "-67.28300", "2013-12-31": "328.51000", "2012-12-31": "18.69600", "2011-12-31": "5.60900", "2010-12-31": "-105.19700", "2009-12-31": "264.37100", "2008-12-31": "-72.36900", "2007-12-31": "146.41100", "2006-12-31": "-33.54900", "2005-12-31": "-31.25300"}, "Stock-Based Compensation": {"2019-12-31": "165.61200", "2018-12-31": "205.07000", "2017-12-31": "233.24100", "2016-12-31": "155.05700", "2015-12-31": "278.68400", "2014-12-31": "150.12500", "2013-12-31": "433.99800", "2012-12-31": "144.44700", "2011-12-31": "143.53600", "2010-12-31": "25.70500", "2009-12-31": "22.13400", "2008-12-31": "93.51000", "2007-12-31": "18.15600", "2006-12-31": "34.06900", "2005-12-31": "2.21900"}, "Common Stock Dividends Paid": {"2019-12-31": "-192.44200", "2018-12-31": "-231.44600", "2017-12-31": "-200.11600", "2016-12-31": "-170.79500", "2015-12-31": "-131.36000", "2014-12-31": "-105.13200", "2013-12-31": "-91.39500", "2012-12-31": "-90.59000", "2011-12-31": "-77.24400", "2010-12-31": "-42.60600", "2009-12-31": "-24.17100", "2008-12-31": "-148.60000", "2007-12-31": "", "2006-12-31": "-1.61000", "2005-12-31": ""}}, "cash flow statement, quarterly": {"Net Income/Loss": {"2020-09-30": 24.93, "2020-06-30": 39.559, "2020-03-31": "21.03200", "2019-12-31": -26.556, "2019-09-30": 2.56, "2019-06-30": 21.765, "2019-03-31": "87.17400", "2018-12-31": -29.859, "2018-09-30": 162.304, "2018-06-30": 49.99, "2018-03-31": "97.43100", "2017-12-31": -157.666, "2017-09-30": 110.548, "2017-06-30": 77.731, "2017-03-31": "51.11600", "2016-12-31": 66.363, "2016-09-30": 154.269, "2016-06-30": 18.656, "2016-03-31": "14.55000", "2015-12-31": 222.331, "2015-09-30": 54.585, "2015-06-30": 15.017, "2015-03-31": "26.22400", "2014-12-31": -47.359, "2014-09-30": 11.129, "2014-06-30": 11.315, "2014-03-31": "10.50200", "2013-12-31": 1.625, "2013-09-30": 31.988, "2013-06-30": 129.54, "2013-03-31": "10.60200", "2012-12-31": 18.434, "2012-09-30": 0.989, "2012-06-30": 4.38, "2012-03-31": "11.71000", "2011-12-31": 6.917, "2011-09-30": -3.144, "2011-06-30": 17.449, "2011-03-31": "17.13800", "2010-12-31": 24.018, "2010-09-30": 19.496, "2010-06-30": 12.811, "2010-03-31": "-10.95300", "2009-12-31": 7.093, "2009-09-30": 4.745, "2009-06-30": 14.681, "2009-03-31": "14.29400", "2008-12-31": 0.764, "2008-09-30": 13.364, "2008-06-30": 23.41, "2008-03-31": "-47.87900", "2007-12-31": -8.807, "2007-09-30": 10.469, "2007-06-30": 30.856, "2007-03-31": "0.83600", "2006-12-31": -107.605, "2006-09-30": -0.527, "2006-06-30": -0.279, "2006-03-31": "2.02000", "2005-12-31": -0.22, "2005-09-30": 1.873, "2005-06-30": -1.458, "2005-03-31": "1.33900"}, "Total Depreciation And Amortization - Cash Flow": {"2020-09-30": 33.23, "2020-06-30": 38.21, "2020-03-31": "37.57200", "2019-12-31": 34.127, "2019-09-30": 30.286, "2019-06-30": 28.369, "2019-03-31": "25.55700", "2018-12-31": 30.076, "2018-09-30": 15.673, "2018-06-30": 19.361, "2018-03-31": "18.31900", "2017-12-31": -62.3, "2017-09-30": 64.542, "2017-06-30": 50.241, "2017-03-31": "40.73400", "2016-12-31": -47.736, "2016-09-30": 91.889, "2016-06-30": 30.167, "2016-03-31": "28.93700", "2015-12-31": 135.142, "2015-09-30": 34.714, "2015-06-30": 36.873, "2015-03-31": "26.12900", "2014-12-31": 22.496, "2014-09-30": 15.908, "2014-06-30": 19.171, "2014-03-31": "19.10900", "2013-12-31": 19.967, "2013-09-30": 180.085, "2013-06-30": 24.018, "2013-03-31": "23.23500", "2012-12-31": 25.347, "2012-09-30": 24.317, "2012-06-30": 20.745, "2012-03-31": "20.55000", "2011-12-31": 21.98, "2011-09-30": 20.589, "2011-06-30": 19.236, "2011-03-31": "21.06900", "2010-12-31": 25.656, "2010-09-30": 21.634, "2010-06-30": 22.683, "2010-03-31": "21.39900", "2009-12-31": 25.203, "2009-09-30": 20.423, "2009-06-30": 21.2, "2009-03-31": "20.26300", "2008-12-31": 21.178, "2008-09-30": 21.867, "2008-06-30": 20.789, "2008-03-31": "23.09700", "2007-12-31": 23.836, "2007-09-30": 21.433, "2007-06-30": 41.874, "2007-03-31": "8.42300", "2006-12-31": 70.643, "2006-09-30": 8.841, "2006-06-30": 8.878, "2006-03-31": "9.84500", "2005-12-31": 8.994, "2005-09-30": 7.88, "2005-06-30": 7.072, "2005-03-31": "7.09800"}, "Other Non-Cash Items": {"2020-09-30": 36.15, "2020-06-30": 27.973, "2020-03-31": "48.01700", "2019-12-31": 75.106, "2019-09-30": 37.266, "2019-06-30": 42.482, "2019-03-31": "-14.53100", "2018-12-31": 51.207, "2018-09-30": -99.018, "2018-06-30": 23.48, "2018-03-31": "-14.67300", "2017-12-31": -344.8908, "2017-09-30": 225.483, "2017-06-30": -149.1582, "2017-03-31": "339.03000", "2016-12-31": -62.847, "2016-09-30": -169.948, "2016-06-30": 37.641, "2016-03-31": "40.80400", "2015-12-31": 134.504, "2015-09-30": 4.695, "2015-06-30": 46.618, "2015-03-31": "23.76100", "2014-12-31": -2.327, "2014-09-30": 12.146, "2014-06-30": 25.164, "2014-03-31": "44.68300", "2013-12-31": 24.7589, "2013-09-30": -7.0359, "2013-06-30": -258.024, "2013-03-31": "19.45700", "2012-12-31": -8.29, "2012-09-30": 29.095, "2012-06-30": 31.719, "2012-03-31": "38.56200", "2011-12-31": 33.301, "2011-09-30": 52.447, "2011-06-30": 46.908, "2011-03-31": "24.74900", "2010-12-31": 20.861, "2010-09-30": 10.108, "2010-06-30": 25.604, "2010-03-31": "-8.08400", "2009-12-31": 24.334, "2009-09-30": 6.288, "2009-06-30": 8.187, "2009-03-31": "4.11400", "2008-12-31": -3.274, "2008-09-30": 8.962, "2008-06-30": 6.851, "2008-03-31": "88.03100", "2007-12-31": 5.701, "2007-09-30": 7.109, "2007-06-30": -0.711, "2007-03-31": "0.14500", "2006-12-31": 28.282, "2006-09-30": -0.657, "2006-06-30": -2.974, "2006-03-31": "-1.82200", "2005-12-31": -0.188, "2005-09-30": 0.388, "2005-06-30": 0.216, "2005-03-31": "0.89700"}, "Total Non-Cash Items": {"2020-09-30": 69.38, "2020-06-30": 66.183, "2020-03-31": "85.58900", "2019-12-31": 109.233, "2019-09-30": 67.552, "2019-06-30": 70.851, "2019-03-31": "11.02600", "2018-12-31": 81.283, "2018-09-30": -83.345, "2018-06-30": 42.841, "2018-03-31": "3.64600", "2017-12-31": -407.1908, "2017-09-30": 290.025, "2017-06-30": -98.9172, "2017-03-31": "379.76400", "2016-12-31": -110.583, "2016-09-30": -78.059, "2016-06-30": 67.808, "2016-03-31": "69.74100", "2015-12-31": 269.646, "2015-09-30": 39.409, "2015-06-30": 83.491, "2015-03-31": "49.89000", "2014-12-31": 20.169, "2014-09-30": 28.054, "2014-06-30": 44.335, "2014-03-31": "63.79200", "2013-12-31": 44.726, "2013-09-30": 173.049, "2013-06-30": -234.006, "2013-03-31": "42.69200", "2012-12-31": 17.057, "2012-09-30": 53.412, "2012-06-30": 52.464, "2012-03-31": "59.11200", "2011-12-31": 55.281, "2011-09-30": 73.036, "2011-06-30": 66.144, "2011-03-31": "45.81800", "2010-12-31": 46.517, "2010-09-30": 31.742, "2010-06-30": 48.287, "2010-03-31": "13.31500", "2009-12-31": 49.537, "2009-09-30": 26.711, "2009-06-30": 29.387, "2009-03-31": "24.37700", "2008-12-31": 17.904, "2008-09-30": 30.829, "2008-06-30": 27.64, "2008-03-31": "111.12800", "2007-12-31": 29.537, "2007-09-30": 28.542, "2007-06-30": 41.163, "2007-03-31": "8.56800", "2006-12-31": 98.925, "2006-09-30": 8.184, "2006-06-30": 5.904, "2006-03-31": "8.02300", "2005-12-31": 8.806, "2005-09-30": 8.268, "2005-06-30": 7.288, "2005-03-31": "7.99500"}, "Change In Accounts Receivable": {"2020-09-30": 71.305, "2020-06-30": 1233.636, "2020-03-31": "-1804.37400", "2019-12-31": 2886.855, "2019-09-30": -1071.508, "2019-06-30": -329.876, "2019-03-31": "-1113.04600", "2018-12-31": 2170.89, "2018-09-30": -1158.671, "2018-06-30": -386.541, "2018-03-31": "-903.07400", "2017-12-31": 1828.174, "2017-09-30": -697.464, "2017-06-30": -66.089, "2017-03-31": "-1211.27600", "2016-12-31": 1401.315, "2016-09-30": 237.885, "2016-06-30": -343.651, "2016-03-31": "-1000.10300", "2015-12-31": 352.6, "2015-09-30": -60.216, "2015-06-30": 1276.543, "2015-03-31": "-1097.14100", "2014-12-31": 368.822, "2014-09-30": -181.127, "2014-06-30": 550.838, "2014-03-31": "-1039.63900", "2013-12-31": 814.633, "2013-09-30": 236.655, "2013-06-30": -288.03, "2013-03-31": "-919.35000", "2012-12-31": 463.648, "2012-09-30": -229.757, "2012-06-30": 59.744, "2012-03-31": "-438.16600", "2011-12-31": 583.398, "2011-09-30": 75.844, "2011-06-30": -296.724, "2011-03-31": "-156.99000", "2010-12-31": -39.689, "2010-09-30": 148.343, "2010-06-30": 291, "2010-03-31": "-529.60200", "2009-12-31": 77.15, "2009-09-30": 60.201, "2009-06-30": -342.632, "2009-03-31": "-109.93100", "2008-12-31": 436.896, "2008-09-30": 80.505, "2008-06-30": -489.133, "2008-03-31": "-32.38100", "2007-12-31": 598.547, "2007-09-30": 113, "2007-06-30": -423.192, "2007-03-31": "0.05800", "2006-12-31": -191.846, "2006-09-30": 3.932, "2006-06-30": -4.068, "2006-03-31": "-0.60800", "2005-12-31": 3.481, "2005-09-30": -1.757, "2005-06-30": -6.06, "2005-03-31": "1.63000"}, "Change In Inventories": {"2020-09-30": -133.608, "2020-06-30": -4.097, "2020-03-31": "-11.06000", "2019-12-31": 78.369, "2019-09-30": -73.297, "2019-06-30": -14.603, "2019-03-31": "8.19000", "2018-12-31": -24.307, "2018-09-30": -32.046, "2018-06-30": 18.809, "2018-03-31": "-116.45100", "2017-12-31": 6.961, "2017-09-30": 43.168, "2017-06-30": 3.51, "2017-03-31": "148.09000", "2016-12-31": 122.04, "2016-09-30": 106.524, "2016-06-30": -287.712, "2016-03-31": "-116.47400", "2015-12-31": 65.282, "2015-09-30": 5.171, "2015-06-30": -10.544, "2015-03-31": "123.42000", "2014-12-31": -56.494, "2014-09-30": -6.654, "2014-06-30": 5.314, "2014-03-31": "-6.32200", "2013-12-31": 71.504, "2013-09-30": -21.452, "2013-06-30": -49.078, "2013-03-31": "-0.15600", "2012-12-31": 0.298, "2012-09-30": 5.553, "2012-06-30": 17.1, "2012-03-31": "-39.13800", "2011-12-31": 0.223, "2011-09-30": -4.423, "2011-06-30": 99.689, "2011-03-31": "-101.18400", "2010-12-31": 73.471, "2010-09-30": -49.822, "2010-06-30": 2.62, "2010-03-31": "-34.63500", "2009-12-31": 47.269, "2009-09-30": 658.334, "2009-06-30": -617.393, "2009-03-31": "61.34200", "2008-12-31": 10.35, "2008-09-30": -186.923, "2008-06-30": 441.203, "2008-03-31": "-236.43600", "2007-12-31": 47.848, "2007-09-30": 17.721, "2007-06-30": -1.81, "2007-03-31": "", "2006-12-31": -5.19, "2006-09-30": 0, "2006-06-30": 0, "2006-03-31": "", "2005-12-31": 0, "2005-09-30": 0, "2005-06-30": 0, "2005-03-31": ""}, "Change In Accounts Payable": {"2020-09-30": 82.428, "2020-06-30": -1227.021, "2020-03-31": "1640.77900", "2019-12-31": -2962.813, "2019-09-30": 1146.624, "2019-06-30": 335.833, "2019-03-31": "1005.07600", "2018-12-31": -1758.637, "2018-09-30": 982.056, "2018-06-30": 306.969, "2018-03-31": "593.24400", "2017-12-31": -1631.964, "2017-09-30": 613.928, "2017-06-30": 82.185, "2017-03-31": "1117.96500", "2016-12-31": -1365.196, "2016-09-30": -155.166, "2016-06-30": 262.347, "2016-03-31": "873.61600", "2015-12-31": -344.858, "2015-09-30": 100.789, "2015-06-30": -1330.276, "2015-03-31": "919.74700", "2014-12-31": -205.918, "2014-09-30": 195.074, "2014-06-30": -589.15, "2014-03-31": "1001.23600", "2013-12-31": -821.921, "2013-09-30": -373.867, "2013-06-30": 493.91, "2013-03-31": "871.15600", "2012-12-31": -409.486, "2012-09-30": 188.991, "2012-06-30": -36.159, "2012-03-31": "410.62100", "2011-12-31": -539.698, "2011-09-30": -82.656, "2011-06-30": 64.01, "2011-03-31": "259.17100", "2010-12-31": 12.316, "2010-09-30": -134.918, "2010-06-30": -349.635, "2010-03-31": "476.99300", "2009-12-31": -65.956, "2009-09-30": -662.393, "2009-06-30": 991.165, "2009-03-31": "113.45800", "2008-12-31": -447.606, "2008-09-30": 84.93, "2008-06-30": 211.323, "2008-03-31": "22.31700", "2007-12-31": -461.387, "2007-09-30": -46.675, "2007-06-30": 305.568, "2007-03-31": "3.24200", "2006-12-31": 149.482, "2006-09-30": 5.596, "2006-06-30": 5.186, "2006-03-31": "-1.16500", "2005-12-31": -12.464, "2005-09-30": 6.756, "2005-06-30": 8.361, "2005-03-31": "-8.70400"}, "Change In Assets/Liabilities": {"2020-09-30": -45.927, "2020-06-30": 36.361, "2020-03-31": "-3.56000", "2019-12-31": 20.394, "2019-09-30": 3.363, "2019-06-30": 35.094, "2019-03-31": "-59.19800", "2018-12-31": -29.204, "2018-09-30": -31.169, "2018-06-30": -1.45, "2018-03-31": "-22.05400", "2017-12-31": -34.471, "2017-09-30": -8.167, "2017-06-30": 14.168, "2017-03-31": "-61.36800", "2016-12-31": 228.393, "2016-09-30": -231.301, "2016-06-30": -0.034, "2016-03-31": "-41.85300", "2015-12-31": -5.636, "2015-09-30": -6.491, "2015-06-30": 22.426, "2015-03-31": "-85.48400", "2014-12-31": 6.788, "2014-09-30": 5.191, "2014-06-30": 6.442, "2014-03-31": "-29.50500", "2013-12-31": -46.76, "2013-09-30": -3.838, "2013-06-30": 0.171, "2013-03-31": "2.57300", "2012-12-31": -14.406, "2012-09-30": -7.109, "2012-06-30": -2.164, "2012-03-31": "-15.92800", "2011-12-31": -58.069, "2011-09-30": -17.233, "2011-06-30": -15.62, "2011-03-31": "-3.03300", "2010-12-31": -29.79, "2010-09-30": -11.882, "2010-06-30": -12.684, "2010-03-31": "61.59300", "2009-12-31": -37.706, "2009-09-30": -1.403, "2009-06-30": 11.382, "2009-03-31": "20.90100", "2008-12-31": 10.139, "2008-09-30": 12.192, "2008-06-30": -3.982, "2008-03-31": "19.60200", "2007-12-31": -32.18, "2007-09-30": 8.782, "2007-06-30": 57.595, "2007-03-31": "1.02100", "2006-12-31": -5.015, "2006-09-30": 3.596, "2006-06-30": -2.437, "2006-03-31": "-3.21500", "2005-12-31": 2.373, "2005-09-30": 0.884, "2005-06-30": 0.42, "2005-03-31": "-1.12700"}, "Total Change In Assets/Liabilities": {"2020-09-30": -25.802, "2020-06-30": 38.879, "2020-03-31": "-178.21500", "2019-12-31": 22.8049, "2019-09-30": 5.182, "2019-06-30": 26.4482, "2019-03-31": "-158.97810", "2018-12-31": 358.7418, "2018-09-30": -239.8299, "2018-06-30": -62.2129, "2018-03-31": "-448.33500", "2017-12-31": 168.6999, "2017-09-30": -48.5349, "2017-06-30": 33.7741, "2017-03-31": "-6.58910", "2016-12-31": 386.552, "2016-09-30": -42.0579, "2016-06-30": -369.0502, "2016-03-31": "-284.81390", "2015-12-31": 67.388, "2015-09-30": 39.253, "2015-06-30": -41.8511, "2015-03-31": "-139.45790", "2014-12-31": 113.1981, "2014-09-30": 12.4839, "2014-06-30": -26.5558, "2014-03-31": "-74.23020", "2013-12-31": 17.456, "2013-09-30": -162.502, "2013-06-30": 156.973, "2013-03-31": "-45.77700", "2012-12-31": 40.054, "2012-09-30": -42.322, "2012-06-30": 38.521, "2012-03-31": "-82.61100", "2011-12-31": -14.146, "2011-09-30": -28.468, "2011-06-30": -148.645, "2011-03-31": "-2.03600", "2010-12-31": 16.308, "2010-09-30": -48.279, "2010-06-30": -68.699, "2010-03-31": "-25.65100", "2009-12-31": 20.757, "2009-09-30": 54.739, "2009-06-30": 42.522, "2009-03-31": "85.77000", "2008-12-31": 9.779, "2008-09-30": -9.2959, "2008-06-30": 159.4109, "2008-03-31": "-226.89800", "2007-12-31": 152.828, "2007-09-30": 92.828, "2007-06-30": -61.839, "2007-03-31": "4.32100", "2006-12-31": -52.569, "2006-09-30": 13.124, "2006-06-30": -1.319, "2006-03-31": "-4.98800", "2005-12-31": -6.61, "2005-09-30": 5.883, "2005-06-30": 2.721, "2005-03-31": "-8.20100"}, "Cash Flow From Operating Activities": {"2020-09-30": 68.508, "2020-06-30": 144.621, "2020-03-31": "-71.59400", "2019-12-31": 105.482, "2019-09-30": 75.294, "2019-06-30": 119.064, "2019-03-31": "-60.77800", "2018-12-31": 410.166, "2018-09-30": -160.871, "2018-06-30": 30.618, "2018-03-31": "-347.25800", "2017-12-31": -396.157, "2017-09-30": 352.038, "2017-06-30": 12.588, "2017-03-31": "424.29100", "2016-12-31": 342.332, "2016-09-30": 34.152, "2016-06-30": -282.586, "2016-03-31": "-200.52300", "2015-12-31": 559.365, "2015-09-30": 133.247, "2015-06-30": 56.657, "2015-03-31": "-63.34400", "2014-12-31": 86.008, "2014-09-30": 51.667, "2014-06-30": 29.094, "2014-03-31": "0.06400", "2013-12-31": 63.807, "2013-09-30": 42.535, "2013-06-30": 52.507, "2013-03-31": "7.51700", "2012-12-31": 75.545, "2012-09-30": 12.079, "2012-06-30": 95.365, "2012-03-31": "-11.78900", "2011-12-31": 48.052, "2011-09-30": 41.424, "2011-06-30": -65.052, "2011-03-31": "60.92000", "2010-12-31": 86.843, "2010-09-30": 2.959, "2010-06-30": -7.601, "2010-03-31": "-23.28900", "2009-12-31": 77.387, "2009-09-30": 86.195, "2009-06-30": 86.59, "2009-03-31": "124.44100", "2008-12-31": 28.447, "2008-09-30": 34.897, "2008-06-30": 210.461, "2008-03-31": "-163.64900", "2007-12-31": 173.558, "2007-09-30": 131.839, "2007-06-30": 10.18, "2007-03-31": "13.72500", "2006-12-31": -61.249, "2006-09-30": 20.781, "2006-06-30": 4.306, "2006-03-31": "5.05500", "2005-12-31": 1.975, "2005-09-30": 16.024, "2005-06-30": 8.551, "2005-03-31": "1.13300"}, "Net Change In Property, Plant, And Equipment": {"2020-09-30": 19.746, "2020-06-30": -41.701, "2020-03-31": "-8.63100", "2019-12-31": -58.893, "2019-09-30": 6.639, "2019-06-30": -31.134, "2019-03-31": "-12.12300", "2018-12-31": -54.584, "2018-09-30": 13, "2018-06-30": -24.692, "2018-03-31": "-8.06500", "2017-12-31": -28.972, "2017-09-30": 6.619, "2017-06-30": -21.231, "2017-03-31": "-14.68100", "2016-12-31": 18.925, "2016-09-30": -22.247, "2016-06-30": -18.266, "2016-03-31": "-14.72800", "2015-12-31": -12.577, "2015-09-30": -18.128, "2015-06-30": -20.178, "2015-03-31": "-6.61300", "2014-12-31": -6.964, "2014-09-30": -7.296, "2014-06-30": -6.626, "2014-03-31": "-5.84900", "2013-12-31": -12.991, "2013-09-30": -8.473, "2013-06-30": -5.974, "2013-03-31": "-10.55000", "2012-12-31": -12.488, "2012-09-30": -12.07, "2012-06-30": -14.565, "2012-03-31": "-11.66800", "2011-12-31": -13.035, "2011-09-30": -8.031, "2011-06-30": -11.092, "2011-03-31": "-10.97200", "2010-12-31": -8.218, "2010-09-30": -7.765, "2010-06-30": -11.064, "2010-03-31": "-16.89000", "2009-12-31": -12.437, "2009-09-30": -11.915, "2009-06-30": -10.27, "2009-03-31": "-9.98600", "2008-12-31": -12.481, "2008-09-30": -17.65, "2008-06-30": -18.595, "2008-03-31": "-9.96000", "2007-12-31": -13.508, "2007-09-30": -21.739, "2007-06-30": -19.841, "2007-03-31": "-7.40200", "2006-12-31": -48.894, "2006-09-30": -7.445, "2006-06-30": -6.678, "2006-03-31": "-6.29000", "2005-12-31": -7.471, "2005-09-30": -9.74, "2005-06-30": -7.797, "2005-03-31": "-9.19200"}, "Net Change In Intangible Assets": {"2020-09-30": -41.076, "2020-06-30": 12.931, "2020-03-31": "-12.93100", "2019-12-31": 29.997, "2019-09-30": -29.997, "2019-06-30": 6.259, "2019-03-31": "-6.25900", "2018-12-31": 34.14, "2018-09-30": -34.14, "2018-06-30": 10.837, "2018-03-31": "-10.83700", "2017-12-31": 28.17, "2017-09-30": -27.593, "2017-06-30": -0.124, "2017-03-31": "-0.12400", "2016-12-31": -0.053, "2016-09-30": -0.057, "2016-06-30": -0.182, "2016-03-31": "-0.18100", "2015-12-31": -0.101, "2015-09-30": -0.002, "2015-06-30": -0.19, "2015-03-31": "-0.55200", "2014-12-31": -0.413, "2014-09-30": -0.02, "2014-06-30": -0.021, "2014-03-31": "-0.12300", "2013-12-31": -0.194, "2013-09-30": -0.022, "2013-06-30": -0.399, "2013-03-31": "-0.38000", "2012-12-31": 0.597, "2012-09-30": -0.946, "2012-06-30": 0.028, "2012-03-31": "-0.26200", "2011-12-31": -0.544, "2011-09-30": -0.052, "2011-06-30": -0.201, "2011-03-31": "-0.26700", "2010-12-31": -0.391, "2010-09-30": -0.159, "2010-06-30": -0.204, "2010-03-31": "-0.23600", "2009-12-31": -0.553, "2009-09-30": -0.159, "2009-06-30": -0.394, "2009-03-31": "-0.36300", "2008-12-31": -0.779, "2008-09-30": -0.64, "2008-06-30": -0.537, "2008-03-31": "-0.52000", "2007-12-31": -0.172, "2007-09-30": -0.566, "2007-06-30": -0.331, "2007-03-31": "-0.43500", "2006-12-31": -0.259, "2006-09-30": -0.436, "2006-06-30": -0.334, "2006-03-31": "-0.24100", "2005-12-31": -0.149, "2005-09-30": -0.589, "2005-06-30": -0.591, "2005-03-31": "-0.50800"}, "Net Acquisitions/Divestitures": {"2020-09-30": 0, "2020-06-30": 0.067, "2020-03-31": "-7.93800", "2019-12-31": 1.997, "2019-09-30": -0.001, "2019-06-30": 0, "2019-03-31": "26.26500", "2018-12-31": -49.196, "2018-09-30": 0, "2018-06-30": -1.366, "2018-03-31": "", "2017-12-31": 35.967, "2017-09-30": -36.704, "2017-06-30": -0.002, "2017-03-31": "14.43600", "2016-12-31": -25.597, "2016-09-30": -5.911, "2016-06-30": -0.9, "2016-03-31": "-112.25100", "2015-12-31": 12.205, "2015-09-30": -15.274, "2015-06-30": -37.515, "2015-03-31": "-118.00300", "2014-12-31": -91.717, "2014-09-30": -25.307, "2014-06-30": -8.222, "2014-03-31": "-4.73300", "2013-12-31": -0.424, "2013-09-30": -172.496, "2013-06-30": 747.675, "2013-03-31": "-0.21400", "2012-12-31": -5.734, "2012-09-30": 0, "2012-06-30": -24.179, "2012-03-31": "-1.50000", "2011-12-31": -47.025, "2011-09-30": 0.322, "2011-06-30": 0, "2011-03-31": "", "2010-12-31": 0, "2010-09-30": -4.382, "2010-06-30": 0, "2010-03-31": "", "2009-12-31": 5.14, "2009-09-30": 0, "2009-06-30": -5.14, "2009-03-31": "", "2008-12-31": 5, "2008-09-30": 0, "2008-06-30": -5, "2008-03-31": "", "2007-12-31": 0, "2007-09-30": 0, "2007-06-30": 0, "2007-03-31": "", "2006-12-31": 2.556, "2006-09-30": 0, "2006-06-30": 0, "2006-03-31": "", "2005-12-31": 0, "2005-09-30": 0, "2005-06-30": 0, "2005-03-31": ""}, "Net Change In Short-term Investments": {"2020-09-30": 0, "2020-06-30": 2.875, "2020-03-31": "11.36200", "2019-12-31": -24.626, "2019-09-30": 0, "2019-06-30": 20.073, "2019-03-31": "4.55300", "2018-12-31": 0, "2018-09-30": 0, "2018-06-30": 0, "2018-03-31": "", "2017-12-31": -7.849, "2017-09-30": 0.02, "2017-06-30": 7.829, "2017-03-31": "", "2016-12-31": -618.09, "2016-09-30": 618.09, "2016-06-30": -511.161, "2016-03-31": "511.16100", "2015-12-31": -1.922, "2015-09-30": 1.922, "2015-06-30": 0, "2015-03-31": "", "2014-12-31": 112.759, "2014-09-30": -69.76, "2014-06-30": 0, "2014-03-31": "", "2013-12-31": 0, "2013-09-30": 0, "2013-06-30": 0, "2013-03-31": "", "2012-12-31": 52.471, "2012-09-30": 0, "2012-06-30": 0, "2012-03-31": "0.90600", "2011-12-31": 0, "2011-09-30": 0, "2011-06-30": 0, "2011-03-31": "", "2010-12-31": 0, "2010-09-30": 0, "2010-06-30": 0, "2010-03-31": "", "2009-12-31": 0, "2009-09-30": 0, "2009-06-30": 0, "2009-03-31": "", "2008-12-31": 0, "2008-09-30": -57.806, "2008-06-30": 57.806, "2008-03-31": "", "2007-12-31": 0, "2007-09-30": 0, "2007-06-30": 0, "2007-03-31": "", "2006-12-31": 0, "2006-09-30": 0, "2006-06-30": 0, "2006-03-31": "", "2005-12-31": 0, "2005-09-30": 0, "2005-06-30": 0, "2005-03-31": ""}, "Net Change In Long-Term Investments": {"2020-09-30": -0.49, "2020-06-30": 1.282, "2020-03-31": "-0.24500", "2019-12-31": 24.014, "2019-09-30": 2.216, "2019-06-30": 0.786, "2019-03-31": "-0.36800", "2018-12-31": 26.258, "2018-09-30": 10.779, "2018-06-30": 23.045, "2018-03-31": "74.05700", "2017-12-31": 33.055, "2017-09-30": -100.735, "2017-06-30": -7.953, "2017-03-31": "7.30800", "2016-12-31": 629.496, "2016-09-30": -564.268, "2016-06-30": 554.685, "2016-03-31": "-52.81900", "2015-12-31": 117.266, "2015-09-30": -0.294, "2015-06-30": -0.463, "2015-03-31": "-0.22400", "2014-12-31": -66.732, "2014-09-30": 7.666, "2014-06-30": -14.624, "2014-03-31": "-0.11300", "2013-12-31": -1.071, "2013-09-30": -5.241, "2013-06-30": -0.39, "2013-03-31": "-0.40700", "2012-12-31": 0.632, "2012-09-30": -0.377, "2012-06-30": -0.426, "2012-03-31": "-16.40200", "2011-12-31": -0.421, "2011-09-30": -0.444, "2011-06-30": -0.35, "2011-03-31": "-0.53400", "2010-12-31": -7.058, "2010-09-30": -0.954, "2010-06-30": -3.072, "2010-03-31": "-0.79200", "2009-12-31": -5.807, "2009-09-30": -0.685, "2009-06-30": -3.078, "2009-03-31": "-0.87100", "2008-12-31": 57.156, "2008-09-30": -63.039, "2008-06-30": -1.173, "2008-03-31": "-0.98000", "2007-12-31": -76.71, "2007-09-30": 73.683, "2007-06-30": 1.479, "2007-03-31": "-2.22900", "2006-12-31": -31.358, "2006-09-30": 0, "2006-06-30": 0, "2006-03-31": "", "2005-12-31": 0, "2005-09-30": 5.84, "2005-06-30": 0, "2005-03-31": ""}, "Net Change In Investments - Total": {"2020-09-30": -0.49, "2020-06-30": 4.157, "2020-03-31": "11.11700", "2019-12-31": -0.612, "2019-09-30": 2.216, "2019-06-30": 20.859, "2019-03-31": "4.18500", "2018-12-31": 26.258, "2018-09-30": 10.779, "2018-06-30": 23.045, "2018-03-31": "74.05700", "2017-12-31": 25.206, "2017-09-30": -100.715, "2017-06-30": -0.124, "2017-03-31": "7.30800", "2016-12-31": 11.406, "2016-09-30": 53.822, "2016-06-30": 43.524, "2016-03-31": "458.34200", "2015-12-31": 115.344, "2015-09-30": 1.628, "2015-06-30": -0.463, "2015-03-31": "-0.22400", "2014-12-31": 46.027, "2014-09-30": -62.094, "2014-06-30": -14.624, "2014-03-31": "-0.11300", "2013-12-31": -1.071, "2013-09-30": -5.241, "2013-06-30": -0.39, "2013-03-31": "-0.40700", "2012-12-31": 53.103, "2012-09-30": -0.377, "2012-06-30": -0.426, "2012-03-31": "-15.49600", "2011-12-31": -0.421, "2011-09-30": -0.444, "2011-06-30": -0.35, "2011-03-31": "-0.53400", "2010-12-31": -7.058, "2010-09-30": -0.954, "2010-06-30": -3.072, "2010-03-31": "-0.79200", "2009-12-31": -5.807, "2009-09-30": -0.685, "2009-06-30": -3.078, "2009-03-31": "-0.87100", "2008-12-31": 57.156, "2008-09-30": -120.845, "2008-06-30": 56.633, "2008-03-31": "-0.98000", "2007-12-31": -76.71, "2007-09-30": 73.683, "2007-06-30": 1.479, "2007-03-31": "-2.22900", "2006-12-31": -31.358, "2006-09-30": 0, "2006-06-30": 0, "2006-03-31": "", "2005-12-31": 0, "2005-09-30": 5.84, "2005-06-30": 0, "2005-03-31": ""}, "Investing Activities - Other": {"2020-09-30": 0, "2020-06-30": 0, "2020-03-31": "", "2019-12-31": 0, "2019-09-30": 0, "2019-06-30": 0, "2019-03-31": "", "2018-12-31": 0, "2018-09-30": 0, "2018-06-30": 0, "2018-03-31": "", "2017-12-31": 0, "2017-09-30": 130, "2017-06-30": -130, "2017-03-31": "", "2016-12-31": 0, "2016-09-30": 0, "2016-06-30": 0, "2016-03-31": "", "2015-12-31": 0, "2015-09-30": 0, "2015-06-30": 0, "2015-03-31": "", "2014-12-31": 0, "2014-09-30": 0, "2014-06-30": 0, "2014-03-31": "", "2013-12-31": -1.696, "2013-09-30": 0, "2013-06-30": 0, "2013-03-31": "", "2012-12-31": 0, "2012-09-30": 0, "2012-06-30": 0, "2012-03-31": "-22.00000", "2011-12-31": 0, "2011-09-30": 0, "2011-06-30": 0, "2011-03-31": "", "2010-12-31": 0, "2010-09-30": 0, "2010-06-30": 0, "2010-03-31": "", "2009-12-31": 0, "2009-09-30": 0, "2009-06-30": 0, "2009-03-31": "", "2008-12-31": -0.98, "2008-09-30": -0.302, "2008-06-30": -21.182, "2008-03-31": "86.48400", "2007-12-31": 16.827, "2007-09-30": -81.827, "2007-06-30": 0.505, "2007-03-31": "1.32200", "2006-12-31": 0, "2006-09-30": 0, "2006-06-30": 3.5, "2006-03-31": "", "2005-12-31": 0, "2005-09-30": 0, "2005-06-30": 0, "2005-03-31": ""}, "Cash Flow From Investing Activities": {"2020-09-30": -21.82, "2020-06-30": -24.546, "2020-03-31": "-18.38300", "2019-12-31": -27.511, "2019-09-30": -21.143, "2019-06-30": -4.016, "2019-03-31": "12.06800", "2018-12-31": -43.382, "2018-09-30": -10.361, "2018-06-30": 7.824, "2018-03-31": "55.15500", "2017-12-31": 60.371, "2017-09-30": -28.393, "2017-06-30": -151.481, "2017-03-31": "6.93900", "2016-12-31": 4.681, "2016-09-30": 25.607, "2016-06-30": 24.176, "2016-03-31": "331.18200", "2015-12-31": 114.871, "2015-09-30": -31.776, "2015-06-30": -58.346, "2015-03-31": "-125.39200", "2014-12-31": -53.067, "2014-09-30": -94.717, "2014-06-30": -29.493, "2014-03-31": "-10.81800", "2013-12-31": -16.376, "2013-09-30": -186.232, "2013-06-30": 740.912, "2013-03-31": "-11.55100", "2012-12-31": 35.478, "2012-09-30": -13.393, "2012-06-30": -39.142, "2012-03-31": "-50.92600", "2011-12-31": -61.025, "2011-09-30": -8.205, "2011-06-30": -11.643, "2011-03-31": "-11.77300", "2010-12-31": -15.667, "2010-09-30": -13.26, "2010-06-30": -14.34, "2010-03-31": "-17.91800", "2009-12-31": -13.657, "2009-09-30": -12.759, "2009-06-30": -18.882, "2009-03-31": "-11.22000", "2008-12-31": 47.916, "2008-09-30": -139.437, "2008-06-30": 11.319, "2008-03-31": "75.02400", "2007-12-31": -73.563, "2007-09-30": -30.449, "2007-06-30": -18.188, "2007-03-31": "-8.74400", "2006-12-31": -77.955, "2006-09-30": -7.881, "2006-06-30": -3.512, "2006-03-31": "-6.53100", "2005-12-31": -7.62, "2005-09-30": -4.489, "2005-06-30": -8.388, "2005-03-31": "-9.70000"}, "Net Long-Term Debt": {"2020-09-30": 24.22, "2020-06-30": -78.457, "2020-03-31": "224.43500", "2019-12-31": 36.182, "2019-09-30": 42.429, "2019-06-30": 53.141, "2019-03-31": "245.71900", "2018-12-31": -128.743, "2018-09-30": 125.575, "2018-06-30": 16.367, "2018-03-31": "176.39900", "2017-12-31": -402.642, "2017-09-30": 1381.1968, "2017-06-30": 51.6832, "2017-03-31": "-39.35900", "2016-12-31": 169.0439, "2016-09-30": -332.4279, "2016-06-30": 294.057, "2016-03-31": "-1.69500", "2015-12-31": -420.2229, "2015-09-30": -1.627, "2015-06-30": -1.675, "2015-03-31": "27.91800", "2014-12-31": 295.091, "2014-09-30": 0, "2014-06-30": 0.002, "2014-03-31": "-1.60100", "2013-12-31": -15.899, "2013-09-30": -1.989, "2013-06-30": -24.208, "2013-03-31": "-6.15000", "2012-12-31": 3.576, "2012-09-30": -6.783, "2012-06-30": 112.78, "2012-03-31": "5.34800", "2011-12-31": -19.135, "2011-09-30": 167.841, "2011-06-30": 0.93, "2011-03-31": "-3.69800", "2010-12-31": 12.206, "2010-09-30": 12.38, "2010-06-30": -1.472, "2010-03-31": "-1.44200", "2009-12-31": -1.414, "2009-09-30": 19, "2009-06-30": 0, "2009-03-31": "", "2008-12-31": 0, "2008-09-30": 0, "2008-06-30": -76.232, "2008-03-31": "29.41400", "2007-12-31": -19.569, "2007-09-30": -23.5, "2007-06-30": -9.009, "2007-03-31": "", "2006-12-31": 102.676, "2006-09-30": 0, "2006-06-30": 0, "2006-03-31": "", "2005-12-31": 0, "2005-09-30": 0, "2005-06-30": 0, "2005-03-31": ""}, "Net Current Debt": {"2020-09-30": 0, "2020-06-30": 0, "2020-03-31": "", "2019-12-31": 0, "2019-09-30": 0, "2019-06-30": 0, "2019-03-31": "", "2018-12-31": 0, "2018-09-30": 0, "2018-06-30": 0, "2018-03-31": "", "2017-12-31": -0.267, "2017-09-30": 6.313, "2017-06-30": 0, "2017-03-31": "", "2016-12-31": 0, "2016-09-30": 0, "2016-06-30": 0, "2016-03-31": "", "2015-12-31": -75, "2015-09-30": 25, "2015-06-30": -10, "2015-03-31": "-10.00000", "2014-12-31": 0, "2014-09-30": 0, "2014-06-30": 0, "2014-03-31": "", "2013-12-31": 0, "2013-09-30": 0, "2013-06-30": 0, "2013-03-31": "", "2012-12-31": 0, "2012-09-30": 0, "2012-06-30": -60, "2012-03-31": "46.40000", "2011-12-31": 13.6, "2011-09-30": 0, "2011-06-30": 0, "2011-03-31": "", "2010-12-31": 0, "2010-09-30": 0, "2010-06-30": 0, "2010-03-31": "", "2009-12-31": 0, "2009-09-30": 0, "2009-06-30": 0, "2009-03-31": "", "2008-12-31": 0, "2008-09-30": 0, "2008-06-30": 0, "2008-03-31": "", "2007-12-31": 0, "2007-09-30": 0, "2007-06-30": 0, "2007-03-31": "", "2006-12-31": -8.47, "2006-09-30": 0, "2006-06-30": 0, "2006-03-31": "", "2005-12-31": 0, "2005-09-30": 0, "2005-06-30": 0, "2005-03-31": ""}, "Debt Issuance/Retirement Net - Total": {"2020-09-30": 24.22, "2020-06-30": -78.457, "2020-03-31": "224.43500", "2019-12-31": 36.182, "2019-09-30": 42.429, "2019-06-30": 53.141, "2019-03-31": "245.71900", "2018-12-31": -128.743, "2018-09-30": 125.575, "2018-06-30": 16.367, "2018-03-31": "176.39900", "2017-12-31": -402.908, "2017-09-30": 1387.5088, "2017-06-30": 51.6832, "2017-03-31": "-39.35900", "2016-12-31": 169.0439, "2016-09-30": -332.4279, "2016-06-30": 294.057, "2016-03-31": "-1.69500", "2015-12-31": -495.2229, "2015-09-30": 23.373, "2015-06-30": -11.675, "2015-03-31": "17.91800", "2014-12-31": 295.091, "2014-09-30": 0, "2014-06-30": 0.002, "2014-03-31": "-1.60100", "2013-12-31": -15.899, "2013-09-30": -1.989, "2013-06-30": -24.208, "2013-03-31": "-6.15000", "2012-12-31": 3.576, "2012-09-30": -6.783, "2012-06-30": 52.78, "2012-03-31": "51.74800", "2011-12-31": -5.535, "2011-09-30": 167.841, "2011-06-30": 0.93, "2011-03-31": "-3.69800", "2010-12-31": 12.206, "2010-09-30": 12.38, "2010-06-30": -1.472, "2010-03-31": "-1.44200", "2009-12-31": -1.414, "2009-09-30": 19, "2009-06-30": 0, "2009-03-31": "", "2008-12-31": 0, "2008-09-30": 0, "2008-06-30": -76.232, "2008-03-31": "29.41400", "2007-12-31": -19.569, "2007-09-30": -23.5, "2007-06-30": -9.009, "2007-03-31": "", "2006-12-31": 94.206, "2006-09-30": 0, "2006-06-30": 0, "2006-03-31": "", "2005-12-31": 0, "2005-09-30": 0, "2005-06-30": 0, "2005-03-31": ""}, "Net Common Equity Issued/Repurchased": {"2020-09-30": -5.344, "2020-06-30": -6.561, "2020-03-31": "", "2019-12-31": -20.534, "2019-09-30": -9.131, "2019-06-30": -13.605, "2019-03-31": "-1.23600", "2018-12-31": -52.576, "2018-09-30": 3.352, "2018-06-30": 67.762, "2018-03-31": "246.70400", "2017-12-31": -21.131, "2017-09-30": 20.189, "2017-06-30": -14.443, "2017-03-31": "-20.30300", "2016-12-31": -22.99, "2016-09-30": -2.651, "2016-06-30": 18.257, "2016-03-31": "-72.94000", "2015-12-31": -39.541, "2015-09-30": -0.548, "2015-06-30": 7.268, "2015-03-31": "-12.87900", "2014-12-31": -24.26, "2014-09-30": -28.323, "2014-06-30": -20.542, "2014-03-31": "-27.14300", "2013-12-31": -7.365, "2013-09-30": -9.421, "2013-06-30": -1.981, "2013-03-31": "3.23900", "2012-12-31": 1.798, "2012-09-30": -1.07, "2012-06-30": 0.267, "2012-03-31": "11.33500", "2011-12-31": 1.448, "2011-09-30": -10.447, "2011-06-30": 3.219, "2011-03-31": "18.44000", "2010-12-31": 3.696, "2010-09-30": -8.365, "2010-06-30": 13.792, "2010-03-31": "-13.37100", "2009-12-31": 0, "2009-09-30": 0, "2009-06-30": -1.216, "2009-03-31": "-6.69500", "2008-12-31": -2.645, "2008-09-30": -15.216, "2008-06-30": 71.024, "2008-03-31": "1.10500", "2007-12-31": 0.645, "2007-09-30": 0, "2007-06-30": 0.07, "2007-03-31": "-0.27800", "2006-12-31": 0.832, "2006-09-30": 0.052, "2006-06-30": 0.128, "2006-03-31": "0.24100", "2005-12-31": -0.231, "2005-09-30": -9.383, "2005-06-30": -7.668, "2005-03-31": "-11.45700"}, "Net Total Equity Issued/Repurchased": {"2020-09-30": -5.344, "2020-06-30": -6.561, "2020-03-31": "", "2019-12-31": -20.534, "2019-09-30": -9.131, "2019-06-30": -13.605, "2019-03-31": "-1.23600", "2018-12-31": -52.576, "2018-09-30": 3.352, "2018-06-30": 67.762, "2018-03-31": "246.70400", "2017-12-31": -21.131, "2017-09-30": 20.189, "2017-06-30": -14.443, "2017-03-31": "-20.30300", "2016-12-31": -22.99, "2016-09-30": -2.651, "2016-06-30": 18.257, "2016-03-31": "-72.94000", "2015-12-31": -39.541, "2015-09-30": -0.548, "2015-06-30": 7.268, "2015-03-31": "-12.87900", "2014-12-31": -24.26, "2014-09-30": -28.323, "2014-06-30": -20.542, "2014-03-31": "-27.14300", "2013-12-31": -7.365, "2013-09-30": -9.421, "2013-06-30": -1.981, "2013-03-31": "3.23900", "2012-12-31": 1.798, "2012-09-30": -1.07, "2012-06-30": 0.267, "2012-03-31": "11.33500", "2011-12-31": 1.448, "2011-09-30": -10.447, "2011-06-30": 3.219, "2011-03-31": "18.44000", "2010-12-31": 3.696, "2010-09-30": -8.365, "2010-06-30": 13.792, "2010-03-31": "-13.37100", "2009-12-31": 0, "2009-09-30": 0, "2009-06-30": -1.216, "2009-03-31": "-6.69500", "2008-12-31": -2.645, "2008-09-30": -15.216, "2008-06-30": 71.024, "2008-03-31": "1.10500", "2007-12-31": 0.645, "2007-09-30": 0, "2007-06-30": 0.07, "2007-03-31": "-0.27800", "2006-12-31": 0.832, "2006-09-30": 0.052, "2006-06-30": 0.128, "2006-03-31": "0.24100", "2005-12-31": -0.231, "2005-09-30": -9.383, "2005-06-30": -7.668, "2005-03-31": "-11.45700"}, "Total Common And Preferred Stock Dividends Paid": {"2020-09-30": -3.604, "2020-06-30": -3.577, "2020-03-31": "-49.63300", "2019-12-31": -61.403, "2019-09-30": -42.036, "2019-06-30": -41.569, "2019-03-31": "-47.43400", "2018-12-31": -59.417, "2018-09-30": -67.026, "2018-06-30": 1.798, "2018-03-31": "-106.80100", "2017-12-31": -52.022, "2017-09-30": -51.584, "2017-06-30": -51.386, "2017-03-31": "-45.12400", "2016-12-31": -44.477, "2016-09-30": -44.408, "2016-06-30": -43.93, "2016-03-31": "-37.98000", "2015-12-31": -35.273, "2015-09-30": -35.092, "2015-06-30": -34.486, "2015-03-31": "-26.50900", "2014-12-31": -26.334, "2014-09-30": -26.3, "2014-06-30": -26.122, "2014-03-31": "-26.37600", "2013-12-31": -25.839, "2013-09-30": -25.709, "2013-06-30": -20.235, "2013-03-31": "-19.61200", "2012-12-31": -18.306, "2012-09-30": -24.899, "2012-06-30": -23.8, "2012-03-31": "-23.58500", "2011-12-31": -22.045, "2011-09-30": -21.063, "2011-06-30": -20.365, "2011-03-31": "-13.77100", "2010-12-31": -13.242, "2010-09-30": -12.739, "2010-06-30": -11.617, "2010-03-31": "-5.00800", "2009-12-31": -6.582, "2009-09-30": -7.173, "2009-06-30": -7.161, "2009-03-31": "-3.25500", "2008-12-31": -136.927, "2008-09-30": -11.673, "2008-06-30": 0, "2008-03-31": "", "2007-12-31": 0, "2007-09-30": 0, "2007-06-30": 0, "2007-03-31": "", "2006-12-31": -1.61, "2006-09-30": 0, "2006-06-30": 0, "2006-03-31": "", "2005-12-31": 0, "2005-09-30": 0, "2005-06-30": 0, "2005-03-31": ""}, "Financial Activities - Other": {"2020-09-30": -20.516, "2020-06-30": -1.052, "2020-03-31": "-50.08100", "2019-12-31": -39.447, "2019-09-30": -20.71, "2019-06-30": -23.828, "2019-03-31": "-38.29200", "2018-12-31": -114.774, "2018-09-30": 29.347, "2018-06-30": -78.28, "2018-03-31": "-8.79900", "2017-12-31": 765.585, "2017-09-30": -1685.644, "2017-06-30": 209.498, "2017-03-31": "-288.36300", "2016-12-31": -371.073, "2016-09-30": 291.946, "2016-06-30": -37.626, "2016-03-31": "-19.16100", "2015-12-31": -4.582, "2015-09-30": -22.973, "2015-06-30": -36.272, "2015-03-31": "-17.77100", "2014-12-31": -36.596, "2014-09-30": -46.677, "2014-06-30": -33.996, "2014-03-31": "-12.15100", "2013-12-31": -39.293, "2013-09-30": -132.307, "2013-06-30": -14.247, "2013-03-31": "-22.32700", "2012-12-31": -23.742, "2012-09-30": -21.277, "2012-06-30": -25.615, "2012-03-31": "-37.43500", "2011-12-31": -22.206, "2011-09-30": -21.774, "2011-06-30": -22.208, "2011-03-31": "-20.14500", "2010-12-31": -23.128, "2010-09-30": -12.678, "2010-06-30": -25.827, "2010-03-31": "-12.92100", "2009-12-31": -12.288, "2009-09-30": -13.413, "2009-06-30": -11.918, "2009-03-31": "-5.15500", "2008-12-31": 116.005, "2008-09-30": -21.942, "2008-06-30": -130, "2008-03-31": "-0.26000", "2007-12-31": -0.355, "2007-09-30": 0, "2007-06-30": 0.035, "2007-03-31": "0.01400", "2006-12-31": -0.459, "2006-09-30": 0.008, "2006-06-30": -0.008, "2006-03-31": "0.04700", "2005-12-31": 0, "2005-09-30": 0, "2005-06-30": 0, "2005-03-31": ""}, "Cash Flow From Financial Activities": {"2020-09-30": -5.244, "2020-06-30": -89.647, "2020-03-31": "124.72100", "2019-12-31": -85.202, "2019-09-30": -29.448, "2019-06-30": -25.861, "2019-03-31": "158.75700", "2018-12-31": -355.51, "2018-09-30": 91.248, "2018-06-30": 7.647, "2018-03-31": "307.50300", "2017-12-31": 289.524, "2017-09-30": -329.53, "2017-06-30": 195.352, "2017-03-31": "-393.14900", "2016-12-31": -269.496, "2016-09-30": -87.541, "2016-06-30": 230.758, "2016-03-31": "-131.77600", "2015-12-31": -574.619, "2015-09-30": -35.24, "2015-06-30": -75.165, "2015-03-31": "-39.24100", "2014-12-31": 207.901, "2014-09-30": -101.3, "2014-06-30": -80.658, "2014-03-31": "-67.27100", "2013-12-31": -88.396, "2013-09-30": -169.426, "2013-06-30": -60.671, "2013-03-31": "-44.85000", "2012-12-31": -36.674, "2012-09-30": -54.029, "2012-06-30": 3.632, "2012-03-31": "2.06300", "2011-12-31": -48.338, "2011-09-30": 114.557, "2011-06-30": -38.424, "2011-03-31": "-19.17400", "2010-12-31": -20.468, "2010-09-30": -21.402, "2010-06-30": -25.124, "2010-03-31": "-32.74200", "2009-12-31": -20.284, "2009-09-30": -1.586, "2009-06-30": -20.295, "2009-03-31": "-15.10500", "2008-12-31": -23.567, "2008-09-30": -48.831, "2008-06-30": -135.208, "2008-03-31": "30.25900", "2007-12-31": -19.279, "2007-09-30": -23.5, "2007-06-30": -8.904, "2007-03-31": "-0.26400", "2006-12-31": 92.969, "2006-09-30": 0.06, "2006-06-30": 0.12, "2006-03-31": "0.28800", "2005-12-31": -0.231, "2005-09-30": -9.383, "2005-06-30": -7.668, "2005-03-31": "-11.45700"}, "Net Cash Flow": {"2020-09-30": 49.533, "2020-06-30": 29.638, "2020-03-31": "21.24800", "2019-12-31": -1.366, "2019-09-30": 21.361, "2019-06-30": 88.003, "2019-03-31": "111.33800", "2018-12-31": 28.418, "2018-09-30": -58.4, "2018-06-30": 46.034, "2018-03-31": "-396.06400", "2017-12-31": 110.847, "2017-09-30": -9.718, "2017-06-30": 62.018, "2017-03-31": "40.20800", "2016-12-31": 32.063, "2016-09-30": -27.697, "2016-06-30": -27.242, "2016-03-31": "1.34200", "2015-12-31": 76.164, "2015-09-30": 60.377, "2015-06-30": -61.636, "2015-03-31": "-222.62800", "2014-12-31": 238.568, "2014-09-30": -147.124, "2014-06-30": -80.826, "2014-03-31": "-77.90100", "2013-12-31": -41.03, "2013-09-30": -312.393, "2013-06-30": 731.928, "2013-03-31": "-49.99500", "2012-12-31": 75.102, "2012-09-30": -54.45, "2012-06-30": 57.231, "2012-03-31": "-59.18700", "2011-12-31": -62.603, "2011-09-30": 146.077, "2011-06-30": -114.3, "2011-03-31": "36.43500", "2010-12-31": 50.031, "2010-09-30": -27.337, "2010-06-30": -47.858, "2010-03-31": "-80.03300", "2009-12-31": 45.882, "2009-09-30": 73.646, "2009-06-30": 48.899, "2009-03-31": "95.94400", "2008-12-31": 52.796, "2008-09-30": -153.371, "2008-06-30": 86.572, "2008-03-31": "-58.36600", "2007-12-31": 80.716, "2007-09-30": 77.89, "2007-06-30": -16.912, "2007-03-31": "4.71700", "2006-12-31": -46.235, "2006-09-30": 12.96, "2006-06-30": 0.914, "2006-03-31": "-1.18800", "2005-12-31": -5.876, "2005-09-30": 2.152, "2005-06-30": -7.505, "2005-03-31": "-20.02400"}, "Stock-Based Compensation": {"2020-09-30": 33.509, "2020-06-30": 27.632, "2020-03-31": "42.39100", "2019-12-31": 68.196, "2019-09-30": 41.523, "2019-06-30": 43.759, "2019-03-31": "12.13400", "2018-12-31": 85.178, "2018-09-30": 34.901, "2018-06-30": 45.583, "2018-03-31": "39.40800", "2017-12-31": 48.106, "2017-09-30": 56.575, "2017-06-30": 57.844, "2017-03-31": "70.71600", "2016-12-31": 5.034, "2016-09-30": 66.649, "2016-06-30": 46.741, "2016-03-31": "36.63300", "2015-12-31": 149.857, "2015-09-30": 55.571, "2015-06-30": 30.132, "2015-03-31": "43.12400", "2014-12-31": 34.86, "2014-09-30": 55.216, "2014-06-30": 25.735, "2014-03-31": "34.31400", "2013-12-31": 33.59, "2013-09-30": 12.245, "2013-06-30": 365.608, "2013-03-31": "22.55500", "2012-12-31": 55.02, "2012-09-30": 27.484, "2012-06-30": 32.815, "2012-03-31": "29.12800", "2011-12-31": 45.406, "2011-09-30": 56.151, "2011-06-30": 27.163, "2011-03-31": "14.81600", "2010-12-31": 6.157, "2010-09-30": 5.479, "2010-06-30": 20.113, "2010-03-31": "-6.04400", "2009-12-31": 6.298, "2009-09-30": 7.977, "2009-06-30": 5.173, "2009-03-31": "2.68600", "2008-12-31": 87.656, "2008-09-30": 1.725, "2008-06-30": 0.549, "2008-03-31": "3.58000", "2007-12-31": 14.767, "2007-09-30": 1.451, "2007-06-30": 1.144, "2007-03-31": "0.79400", "2006-12-31": 32.35, "2006-09-30": 0.637, "2006-06-30": 0.509, "2006-03-31": "0.57300", "2005-12-31": 0.301, "2005-09-30": 0.586, "2005-06-30": 0.679, "2005-03-31": "0.65300"}, "Common Stock Dividends Paid": {"2020-09-30": -3.604, "2020-06-30": -3.577, "2020-03-31": "-49.63300", "2019-12-31": -61.403, "2019-09-30": -42.036, "2019-06-30": -41.569, "2019-03-31": "-47.43400", "2018-12-31": -59.417, "2018-09-30": -67.026, "2018-06-30": 1.798, "2018-03-31": "-106.80100", "2017-12-31": -52.022, "2017-09-30": -51.584, "2017-06-30": -51.386, "2017-03-31": "-45.12400", "2016-12-31": -44.477, "2016-09-30": -44.408, "2016-06-30": -43.93, "2016-03-31": "-37.98000", "2015-12-31": -35.273, "2015-09-30": -35.092, "2015-06-30": -34.486, "2015-03-31": "-26.50900", "2014-12-31": -26.334, "2014-09-30": -26.3, "2014-06-30": -26.122, "2014-03-31": "-26.37600", "2013-12-31": -25.839, "2013-09-30": -25.709, "2013-06-30": -20.235, "2013-03-31": "-19.61200", "2012-12-31": -18.306, "2012-09-30": -24.899, "2012-06-30": -23.8, "2012-03-31": "-23.58500", "2011-12-31": -22.045, "2011-09-30": -21.063, "2011-06-30": -20.365, "2011-03-31": "-13.77100", "2010-12-31": -13.242, "2010-09-30": -12.739, "2010-06-30": -11.617, "2010-03-31": "-5.00800", "2009-12-31": -6.582, "2009-09-30": -7.173, "2009-06-30": -7.161, "2009-03-31": "-3.25500", "2008-12-31": -136.927, "2008-09-30": -11.673, "2008-06-30": 0, "2008-03-31": "", "2007-12-31": 0, "2007-09-30": 0, "2007-06-30": 0, "2007-03-31": "", "2006-12-31": -1.61, "2006-09-30": 0, "2006-06-30": 0, "2006-03-31": "", "2005-12-31": 0, "2005-09-30": 0, "2005-06-30": 0, "2005-03-31": ""}}, "financial ratios": {"Current Ratio": {"2019-12-31": "1.17310", "2018-12-31": "1.22500", "2017-12-31": "1.24200", "2016-12-31": "1.81750", "2015-12-31": "1.32830", "2014-12-31": "1.39980", "2013-12-31": "1.75020", "2012-12-31": "1.74030", "2011-12-31": "1.75030", "2010-12-31": "1.33250", "2009-12-31": "1.33900", "2008-12-31": "1.62790", "2007-12-31": "1.35640", "2006-12-31": "5.89230", "2005-12-31": "6.55120"}, "Long-term Debt / Capital": {"2019-12-31": "0.60570", "2018-12-31": "0.46940", "2017-12-31": "0.33530", "2016-12-31": "0.50340", "2015-12-31": "0.40570", "2014-12-31": "0.54840", "2013-12-31": "0.36750", "2012-12-31": "0.51370", "2011-12-31": "0.44460", "2010-12-31": "0.36320", "2009-12-31": "0.33410", "2008-12-31": "0.30540", "2007-12-31": "0.29550", "2006-12-31": "", "2005-12-31": ""}, "Debt/Equity Ratio": {"2019-12-31": "1.56180", "2018-12-31": "0.90920", "2017-12-31": "0.63680", "2016-12-31": "1.17150", "2015-12-31": "0.77830", "2014-12-31": "1.21440", "2013-12-31": "0.58400", "2012-12-31": "1.05620", "2011-12-31": "0.83320", "2010-12-31": "0.57030", "2009-12-31": "0.50170", "2008-12-31": "0.44060", "2007-12-31": "0.41940", "2006-12-31": "", "2005-12-31": ""}, "Gross Margin": {"2019-12-31": "96.97670", "2018-12-31": "96.80610", "2017-12-31": "97.53680", "2016-12-31": "97.58430", "2015-12-31": "98.72630", "2014-12-31": "98.91880", "2013-12-31": "98.70890", "2012-12-31": "98.68310", "2011-12-31": "98.23330", "2010-12-31": "98.49340", "2009-12-31": "98.57730", "2008-12-31": "33.32320", "2007-12-31": "98.02580", "2006-12-31": "98.47170", "2005-12-31": "100.00000"}, "Operating Margin": {"2019-12-31": "7.60960", "2018-12-31": "8.44790", "2017-12-31": "2.89010", "2016-12-31": "5.50470", "2015-12-31": "-0.06630", "2014-12-31": "-0.96530", "2013-12-31": "15.71910", "2012-12-31": "5.93160", "2011-12-31": "5.39130", "2010-12-31": "5.33350", "2009-12-31": "6.40170", "2008-12-31": "2.33730", "2007-12-31": "6.17100", "2006-12-31": "-7.85400", "2005-12-31": "5.09570"}, "EBIT Margin": {"2019-12-31": "7.60960", "2018-12-31": "8.44790", "2017-12-31": "2.89010", "2016-12-31": "5.50470", "2015-12-31": "-0.06630", "2014-12-31": "-0.96530", "2013-12-31": "15.71910", "2012-12-31": "5.93160", "2011-12-31": "5.39130", "2010-12-31": "5.33350", "2009-12-31": "6.40170", "2008-12-31": "2.33730", "2007-12-31": "6.17100", "2006-12-31": "-7.85400", "2005-12-31": "5.09570"}, "EBITDA Margin": {"2019-12-31": "13.23340", "2018-12-31": "12.75330", "2017-12-31": "8.21390", "2016-12-31": "12.14800", "2015-12-31": "8.29860", "2014-12-31": "3.31970", "2013-12-31": "29.89150", "2012-12-31": "11.20060", "2011-12-31": "11.04940", "2010-12-31": "12.19790", "2009-12-31": "13.89440", "2008-12-31": "9.41100", "2007-12-31": "14.72710", "2006-12-31": "3.63430", "2005-12-31": "25.54170"}, "Pre-Tax Profit Margin": {"2019-12-31": "6.56360", "2018-12-31": "9.27940", "2017-12-31": "0.23620", "2016-12-31": "7.75010", "2015-12-31": "15.76210", "2014-12-31": "-0.76900", "2013-12-31": "15.23920", "2012-12-31": "3.22870", "2011-12-31": "3.71130", "2010-12-31": "4.27570", "2009-12-31": "5.54820", "2008-12-31": "0.79530", "2007-12-31": "3.82070", "2006-12-31": "-11.37140", "2005-12-31": "1.33300"}, "Net Profit Margin": {"2019-12-31": "2.64740", "2018-12-31": "10.19300", "2017-12-31": "2.93980", "2016-12-31": "11.90380", "2015-12-31": "5.74620", "2014-12-31": "-0.17040", "2013-12-31": "4.06450", "2012-12-31": "1.38240", "2011-12-31": "1.37480", "2010-12-31": "1.58980", "2009-12-31": "1.72280", "2008-12-31": "-2.41750", "2007-12-31": "2.77570", "2006-12-31": "-12.44570", "2005-12-31": "1.01030"}, "Asset Turnover": {"2019-12-31": "0.53730", "2018-12-31": "0.56450", "2017-12-31": "0.32250", "2016-12-31": "0.30790", "2015-12-31": "0.69900", "2014-12-31": "0.65050", "2013-12-31": "0.83920", "2012-12-31": "1.05330", "2011-12-31": "1.04230", "2010-12-31": "0.90530", "2009-12-31": "0.79360", "2008-12-31": "1.15030", "2007-12-31": "0.81080", "2006-12-31": "2.91680", "2005-12-31": "0.54050"}, "Inventory Turnover Ratio": {"2019-12-31": "", "2018-12-31": "", "2017-12-31": "", "2016-12-31": "", "2015-12-31": "", "2014-12-31": "", "2013-12-31": "", "2012-12-31": "", "2011-12-31": "", "2010-12-31": "", "2009-12-31": "", "2008-12-31": "", "2007-12-31": "", "2006-12-31": "", "2005-12-31": ""}, "Receiveable Turnover": {"2019-12-31": "1.58230", "2018-12-31": "1.32910", "2017-12-31": "1.53290", "2016-12-31": "1.70760", "2015-12-31": "2.41090", "2014-12-31": "1.91850", "2013-12-31": "2.83350", "2012-12-31": "3.31990", "2011-12-31": "3.53490", "2010-12-31": "2.19240", "2009-12-31": "2.22460", "2008-12-31": "4.02310", "2007-12-31": "3.08570", "2006-12-31": "", "2005-12-31": ""}, "Days Sales In Receivables": {"2019-12-31": "230.67760", "2018-12-31": "274.61640", "2017-12-31": "238.11690", "2016-12-31": "213.75400", "2015-12-31": "151.39480", "2014-12-31": "190.25480", "2013-12-31": "128.81500", "2012-12-31": "109.94360", "2011-12-31": "103.25520", "2010-12-31": "166.48580", "2009-12-31": "164.07100", "2008-12-31": "90.72640", "2007-12-31": "118.28680", "2006-12-31": "", "2005-12-31": ""}, "ROE - Return On Equity": {"2019-12-31": "11.42110", "2018-12-31": "12.01350", "2017-12-31": "-7.77690", "2016-12-31": "3.92530", "2015-12-31": "25.82580", "2014-12-31": "-2.47680", "2013-12-31": "24.72510", "2012-12-31": "8.30880", "2011-12-31": "9.25010", "2010-12-31": "13.67220", "2009-12-31": "12.21660", "2008-12-31": "-3.03080", "2007-12-31": "7.10680", "2006-12-31": "-37.79890", "2005-12-31": "0.62330"}, "Return On Tangible Equity": {"2019-12-31": "-75.01680", "2018-12-31": "173.55410", "2017-12-31": "-22.98710", "2016-12-31": "36.29270", "2015-12-31": "170.86740", "2014-12-31": "-8.93150", "2013-12-31": "33.33570", "2012-12-31": "14.66160", "2011-12-31": "14.95160", "2010-12-31": "19.27440", "2009-12-31": "16.79220", "2008-12-31": "-3.96760", "2007-12-31": "8.53430", "2006-12-31": "-40.89020", "2005-12-31": "0.68920"}, "ROA - Return On Assets": {"2019-12-31": "2.16910", "2018-12-31": "3.02080", "2017-12-31": "-1.63240", "2016-12-31": "1.27040", "2015-12-31": "7.98860", "2014-12-31": "-0.52390", "2013-12-31": "8.35620", "2012-12-31": "2.16680", "2011-12-31": "2.72990", "2010-12-31": "3.08590", "2009-12-31": "2.78670", "2008-12-31": "-0.96790", "2007-12-31": "2.42110", "2006-12-31": "-32.64070", "2005-12-31": "0.54600"}, "ROI - Return On Investment": {"2019-12-31": "4.50290", "2018-12-31": "6.37460", "2017-12-31": "-5.16900", "2016-12-31": "1.94940", "2015-12-31": "15.34910", "2014-12-31": "-1.11850", "2013-12-31": "15.63810", "2012-12-31": "4.04080", "2011-12-31": "5.13790", "2010-12-31": "8.70670", "2009-12-31": "8.13550", "2008-12-31": "-2.10520", "2007-12-31": "5.00700", "2006-12-31": "-37.79890", "2005-12-31": "0.62330"}, "Book Value Per Share": {"2019-12-31": "2.10210", "2018-12-31": "2.55860", "2017-12-31": "3.90570", "2016-12-31": "5.84000", "2015-12-31": "4.85180", "2014-12-31": "2.64560", "2013-12-31": "3.24700", "2012-12-31": "2.69220", "2011-12-31": "3.14000", "2010-12-31": "3.45310", "2009-12-31": "4.04590", "2008-12-31": "4.19320", "2007-12-31": "9.24010", "2006-12-31": "5.02110", "2005-12-31": "4.91830"}, "Operating Cash Flow Per Share": {"2019-12-31": 0.6637, "2018-12-31": -1.5747, "2017-12-31": 1.7515, "2016-12-31": -2.7804, "2015-12-31": 1.6397, "2014-12-31": 0.1289, "2013-12-31": 0.0173, "2012-12-31": -0.1228, "2011-12-31": 0.4748, "2010-12-31": -1.5174, "2009-12-31": 0.7336, "2008-12-31": -0.7339, "2007-12-31": 1.9444, "2006-12-31": -0.7007, "2005-12-31": 0.5317}, "Free Cash Flow Per Share": {"2019-12-31": 0.7112, "2018-12-31": -1.6015, "2017-12-31": 1.6799, "2016-12-31": -2.7107, "2015-12-31": 1.56, "2014-12-31": 0.151, "2013-12-31": 0.055, "2012-12-31": 0.0665, "2011-12-31": 0.2968, "2010-12-31": -1.4982, "2009-12-31": 1.0771, "2008-12-31": -0.9519, "2007-12-31": 1.984, "2006-12-31": -0.4203, "2005-12-31": -0.1252}}, "financial ratios, quarterly": {"Current Ratio": {"2020-09-30": "0.80300", "2020-06-30": "1.21720", "2020-03-31": "0.83750", "2019-12-31": "0.74740", "2019-09-30": "1.08080", "2019-06-30": "1.10810", "2019-03-31": "1.10870", "2018-12-31": "1.22500", "2018-09-30": "1.14460", "2018-06-30": "1.15780", "2018-03-31": "1.14010", "2017-12-31": "1.24200", "2017-09-30": "1.31940", "2017-06-30": "1.14550", "2017-03-31": "1.16780", "2016-12-31": "1.81750", "2016-09-30": "1.24760", "2016-06-30": "1.29330", "2016-03-31": "1.20120", "2015-12-31": "1.32830", "2015-09-30": "1.02530", "2015-06-30": "1.07190", "2015-03-31": "1.06020", "2014-12-31": "1.39980", "2014-09-30": "1.33220", "2014-06-30": "1.42720", "2014-03-31": "1.32560", "2013-12-31": "1.75020", "2013-09-30": "1.45410", "2013-06-30": "1.36230", "2013-03-31": "1.30820", "2012-12-31": "1.74030", "2012-09-30": "1.43340", "2012-06-30": "1.53360", "2012-03-31": "1.38670", "2011-12-31": "1.75030", "2011-09-30": "1.42330", "2011-06-30": "1.26530", "2011-03-31": "1.26950", "2010-12-31": "1.33250", "2010-09-30": "1.30530", "2010-06-30": "1.27480", "2010-03-31": "1.18820", "2009-12-31": "1.33900", "2009-09-30": "1.33100", "2009-06-30": "1.18330", "2009-03-31": "1.48400", "2008-12-31": "1.62790", "2008-09-30": "1.29350", "2008-06-30": "1.21290", "2008-03-31": "2.88400", "2007-12-31": "1.35640", "2007-09-30": "3.69030", "2007-06-30": "5.12030", "2007-03-31": "5.26480", "2006-12-31": "5.89230", "2006-09-30": "5.31700", "2006-06-30": "5.79990", "2006-03-31": "6.50570", "2005-12-31": "6.55120", "2005-09-30": "4.73540", "2005-06-30": "5.76580", "2005-03-31": "8.13620"}, "Long-term Debt / Capital": {"2020-09-30": "", "2020-06-30": "0.62860", "2020-03-31": "", "2019-12-31": "", "2019-09-30": "0.58030", "2019-06-30": "0.55510", "2019-03-31": "0.53430", "2018-12-31": "0.46940", "2018-09-30": "0.41170", "2018-06-30": "0.43610", "2018-03-31": "0.49690", "2017-12-31": "0.33530", "2017-09-30": "0.74810", "2017-06-30": "0.46950", "2017-03-31": "0.46250", "2016-12-31": "0.50340", "2016-09-30": "0.44950", "2016-06-30": "0.50070", "2016-03-31": "0.41760", "2015-12-31": "0.40570", "2015-09-30": "0.46320", "2015-06-30": "0.53680", "2015-03-31": "0.63130", "2014-12-31": "0.54840", "2014-09-30": "0.39040", "2014-06-30": "0.39230", "2014-03-31": "0.37500", "2013-12-31": "0.36750", "2013-09-30": "0.36670", "2013-06-30": "0.35840", "2013-03-31": "0.52020", "2012-12-31": "0.51370", "2012-09-30": "0.53020", "2012-06-30": "0.52260", "2012-03-31": "0.44430", "2011-12-31": "0.44460", "2011-09-30": "0.47120", "2011-06-30": "0.34300", "2011-03-31": "0.34820", "2010-12-31": "0.36320", "2010-09-30": "0.35080", "2010-06-30": "0.34340", "2010-03-31": "0.36280", "2009-12-31": "0.33410", "2009-09-30": "0.33120", "2009-06-30": "0.30550", "2009-03-31": "0.30930", "2008-12-31": "0.30540", "2008-09-30": "0.44680", "2008-06-30": "0.42070", "2008-03-31": "", "2007-12-31": "0.29550", "2007-09-30": "", "2007-06-30": "", "2007-03-31": "", "2006-12-31": "", "2006-09-30": "", "2006-06-30": "", "2006-03-31": "", "2005-12-31": "", "2005-09-30": "", "2005-06-30": "", "2005-03-31": ""}, "Debt/Equity Ratio": {"2020-09-30": "1.64970", "2020-06-30": "1.69750", "2020-03-31": "1.92130", "2019-12-31": "1.56180", "2019-09-30": "1.40730", "2019-06-30": "1.26940", "2019-03-31": "1.18680", "2018-12-31": "0.90920", "2018-09-30": "1.37890", "2018-06-30": "1.22690", "2018-03-31": "1.84250", "2017-12-31": "0.63680", "2017-09-30": "3.13180", "2017-06-30": "1.10430", "2017-03-31": "0.94130", "2016-12-31": "1.17150", "2016-09-30": "0.81640", "2016-06-30": "1.00290", "2016-03-31": "0.71870", "2015-12-31": "0.77830", "2015-09-30": "0.99590", "2015-06-30": "1.29340", "2015-03-31": "1.91530", "2014-12-31": "1.21440", "2014-09-30": "0.64810", "2014-06-30": "0.65150", "2014-03-31": "0.60260", "2013-12-31": "0.58400", "2013-09-30": "0.57890", "2013-06-30": "0.55870", "2013-03-31": "1.08400", "2012-12-31": "1.05620", "2012-09-30": "1.12870", "2012-06-30": "1.09480", "2012-03-31": "0.94130", "2011-12-31": "0.83320", "2011-09-30": "0.89090", "2011-06-30": "0.52210", "2011-03-31": "0.53430", "2010-12-31": "0.57030", "2010-09-30": "0.54030", "2010-06-30": "0.52290", "2010-03-31": "0.56950", "2009-12-31": "0.50170", "2009-09-30": "0.50150", "2009-06-30": "0.43990", "2009-03-31": "0.45110", "2008-12-31": "0.44060", "2008-09-30": "0.82020", "2008-06-30": "2.12570", "2008-03-31": "", "2007-12-31": "0.41940", "2007-09-30": "", "2007-06-30": "", "2007-03-31": "", "2006-12-31": "", "2006-09-30": "", "2006-06-30": "", "2006-03-31": "", "2005-12-31": "", "2005-09-30": "", "2005-06-30": "", "2005-03-31": ""}, "Gross Margin": {"2020-09-30": "97.15780", "2020-06-30": "97.39540", "2020-03-31": "96.80400", "2019-12-31": "96.63820", "2019-09-30": "96.96220", "2019-06-30": "96.95370", "2019-03-31": "97.31660", "2018-12-31": "96.23700", "2018-09-30": "96.69000", "2018-06-30": "96.87500", "2018-03-31": "97.34840", "2017-12-31": "97.10230", "2017-09-30": "98.74130", "2017-06-30": "98.76590", "2017-03-31": "98.66830", "2016-12-31": "102.05540", "2016-09-30": "98.82350", "2016-06-30": "98.45560", "2016-03-31": "98.58850", "2015-12-31": "98.88400", "2015-09-30": "98.70640", "2015-06-30": "98.43480", "2015-03-31": "98.85350", "2014-12-31": "99.02670", "2014-09-30": "98.89830", "2014-06-30": "98.66370", "2014-03-31": "99.05440", "2013-12-31": "98.74510", "2013-09-30": "98.74440", "2013-06-30": "99.46390", "2013-03-31": "98.70310", "2012-12-31": "98.74400", "2012-09-30": "98.71120", "2012-06-30": "98.70250", "2012-03-31": "98.56190", "2011-12-31": "98.22310", "2011-09-30": "98.27890", "2011-06-30": "98.09850", "2011-03-31": "98.33020", "2010-12-31": "98.23220", "2010-09-30": "98.60220", "2010-06-30": "98.53560", "2010-03-31": "98.59230", "2009-12-31": "98.41590", "2009-09-30": "98.58900", "2009-06-30": "98.60510", "2009-03-31": "98.70560", "2008-12-31": "96.04740", "2008-09-30": "98.86400", "2008-06-30": "97.97530", "2008-03-31": "98.89860", "2007-12-31": "96.59850", "2007-09-30": "99.21370", "2007-06-30": "99.05190", "2007-03-31": "100.00000", "2006-12-31": "98.22310", "2006-09-30": "100.00000", "2006-06-30": "100.00000", "2006-03-31": "100.00000", "2005-12-31": "100.00000", "2005-09-30": "100.00000", "2005-06-30": "100.00000", "2005-03-31": "100.00000"}, "Operating Margin": {"2020-09-30": "9.20580", "2020-06-30": "12.21550", "2020-03-31": "8.63180", "2019-12-31": "-3.97230", "2019-09-30": "3.91050", "2019-06-30": "9.21850", "2019-03-31": "19.87770", "2018-12-31": "-3.68240", "2018-09-30": "12.47840", "2018-06-30": "11.09190", "2018-03-31": "13.25430", "2017-12-31": "-11.61970", "2017-09-30": "9.24820", "2017-06-30": "13.48310", "2017-03-31": "9.10380", "2016-12-31": "11.20700", "2016-09-30": "9.65620", "2016-06-30": "5.04040", "2016-03-31": "5.44400", "2015-12-31": "-10.78260", "2015-09-30": "5.76340", "2015-06-30": "5.01610", "2015-03-31": "3.68340", "2014-12-31": "-11.06070", "2014-09-30": "-0.94400", "2014-06-30": "5.69650", "2014-03-31": "5.63840", "2013-12-31": "1.29960", "2013-09-30": "5.60900", "2013-06-30": "18.29080", "2013-03-31": "5.25810", "2012-12-31": "11.44540", "2012-09-30": "3.03640", "2012-06-30": "2.67560", "2012-03-31": "6.70190", "2011-12-31": "5.49350", "2011-09-30": "0.59800", "2011-06-30": "7.74860", "2011-03-31": "7.92660", "2010-12-31": "9.55300", "2010-09-30": "9.24040", "2010-06-30": "6.29040", "2010-03-31": "-3.17700", "2009-12-31": "5.39640", "2009-09-30": "3.63840", "2009-06-30": "8.26220", "2009-03-31": "8.35530", "2008-12-31": "1.66950", "2008-09-30": "6.76140", "2008-06-30": "11.70680", "2008-03-31": "-9.53580", "2007-12-31": "5.10460", "2007-09-30": "7.33390", "2007-06-30": "7.29530", "2007-03-31": "3.31940", "2006-12-31": "-9.68220", "2006-09-30": "3.38560", "2006-06-30": "-1.67210", "2006-03-31": "8.01610", "2005-12-31": "3.28850", "2005-09-30": "6.98960", "2005-06-30": "4.58420", "2005-03-31": "5.40560"}, "EBIT Margin": {"2020-09-30": "9.20580", "2020-06-30": "12.21550", "2020-03-31": "8.63180", "2019-12-31": "-3.97230", "2019-09-30": "3.91050", "2019-06-30": "9.21850", "2019-03-31": "19.87770", "2018-12-31": "-3.68240", "2018-09-30": "12.47840", "2018-06-30": "11.09190", "2018-03-31": "13.25430", "2017-12-31": "-11.61970", "2017-09-30": "9.24820", "2017-06-30": "13.48310", "2017-03-31": "9.10380", "2016-12-31": "11.20700", "2016-09-30": "9.65620", "2016-06-30": "5.04040", "2016-03-31": "5.44400", "2015-12-31": "-10.78260", "2015-09-30": "5.76340", "2015-06-30": "5.01610", "2015-03-31": "3.68340", "2014-12-31": "-11.06070", "2014-09-30": "-0.94400", "2014-06-30": "5.69650", "2014-03-31": "5.63840", "2013-12-31": "1.29960", "2013-09-30": "5.60900", "2013-06-30": "18.29080", "2013-03-31": "5.25810", "2012-12-31": "11.44540", "2012-09-30": "3.03640", "2012-06-30": "2.67560", "2012-03-31": "6.70190", "2011-12-31": "5.49350", "2011-09-30": "0.59800", "2011-06-30": "7.74860", "2011-03-31": "7.92660", "2010-12-31": "9.55290", "2010-09-30": "9.24040", "2010-06-30": "6.29040", "2010-03-31": "-3.17700", "2009-12-31": "5.39640", "2009-09-30": "3.63840", "2009-06-30": "8.26220", "2009-03-31": "8.35530", "2008-12-31": "1.66950", "2008-09-30": "6.76140", "2008-06-30": "11.70680", "2008-03-31": "-9.53580", "2007-12-31": "5.10460", "2007-09-30": "7.33390", "2007-06-30": "7.29530", "2007-03-31": "3.31940", "2006-12-31": "-9.68220", "2006-09-30": "3.38560", "2006-06-30": "-1.67210", "2006-03-31": "8.01610", "2005-12-31": "3.28860", "2005-09-30": "6.98960", "2005-06-30": "4.58420", "2005-03-31": "5.40560"}, "EBITDA Margin": {"2020-09-30": "", "2020-06-30": "", "2020-03-31": "", "2019-12-31": "", "2019-09-30": "", "2019-06-30": "", "2019-03-31": "", "2018-12-31": "", "2018-09-30": "", "2018-06-30": "", "2018-03-31": "", "2017-12-31": "", "2017-09-30": "", "2017-06-30": "", "2017-03-31": "", "2016-12-31": "", "2016-09-30": "", "2016-06-30": "", "2016-03-31": "", "2015-12-31": "", "2015-09-30": "", "2015-06-30": "", "2015-03-31": "", "2014-12-31": "", "2014-09-30": "", "2014-06-30": "", "2014-03-31": "", "2013-12-31": "", "2013-09-30": "", "2013-06-30": "", "2013-03-31": "", "2012-12-31": "", "2012-09-30": "", "2012-06-30": "", "2012-03-31": "", "2011-12-31": "", "2011-09-30": "", "2011-06-30": "", "2011-03-31": "", "2010-12-31": "", "2010-09-30": "", "2010-06-30": "", "2010-03-31": "", "2009-12-31": "", "2009-09-30": "", "2009-06-30": "", "2009-03-31": "", "2008-12-31": "", "2008-09-30": "", "2008-06-30": "", "2008-03-31": "", "2007-12-31": "", "2007-09-30": "", "2007-06-30": "", "2007-03-31": "", "2006-12-31": "", "2006-09-30": "", "2006-06-30": "", "2006-03-31": "", "2005-12-31": "", "2005-09-30": "", "2005-06-30": "", "2005-03-31": ""}, "Pre-Tax Profit Margin": {"2020-09-30": "6.30890", "2020-06-30": "9.28550", "2020-03-31": "4.93030", "2019-12-31": "-5.02120", "2019-09-30": "1.67830", "2019-06-30": "6.66890", "2019-03-31": "21.49070", "2018-12-31": "-5.12920", "2018-09-30": "13.73560", "2018-06-30": "9.55720", "2018-03-31": "17.95480", "2017-12-31": "-16.48320", "2017-09-30": "17.21850", "2017-06-30": "11.10650", "2017-03-31": "7.37930", "2016-12-31": "15.30930", "2016-09-30": "19.67500", "2016-06-30": "4.46700", "2016-03-31": "3.02660", "2015-12-31": "34.23800", "2015-09-30": "12.15860", "2015-06-30": "2.58380", "2015-03-31": "6.62380", "2014-12-31": "-12.11690", "2014-09-30": "6.86290", "2014-06-30": "3.57500", "2014-03-31": "2.52840", "2013-12-31": "0.31090", "2013-09-30": "10.55520", "2013-06-30": "17.45360", "2013-03-31": "3.07820", "2012-12-31": "6.51510", "2012-09-30": "0.82030", "2012-06-30": "0.98990", "2012-03-31": "4.78830", "2011-12-31": "3.04700", "2011-09-30": "-1.17970", "2011-06-30": "6.44070", "2011-03-31": "6.72260", "2010-12-31": "8.37900", "2010-09-30": "8.07770", "2010-06-30": "5.21920", "2010-03-31": "-4.01550", "2009-12-31": "4.54230", "2009-09-30": "2.78300", "2009-06-30": "7.40240", "2009-03-31": "7.51110", "2008-12-31": "-0.23680", "2008-09-30": "6.02460", "2008-06-30": "10.51910", "2008-03-31": "-11.80890", "2007-12-31": "3.12170", "2007-09-30": "4.92450", "2007-06-30": "3.97430", "2007-03-31": "3.31940", "2006-12-31": "-13.49630", "2006-09-30": "-1.93160", "2006-06-30": "-1.67210", "2006-03-31": "8.01610", "2005-12-31": "-1.04080", "2005-09-30": "6.98960", "2005-06-30": "-6.42640", "2005-03-31": "5.40560"}, "Net Profit Margin": {"2020-09-30": "4.25920", "2020-06-30": "5.41310", "2020-03-31": "2.37310", "2019-12-31": "-3.33430", "2019-09-30": "-0.67720", "2019-06-30": "2.46940", "2019-03-31": "11.35710", "2018-12-31": "-3.59020", "2018-09-30": "26.39920", "2018-06-30": "7.16900", "2018-03-31": "11.19990", "2017-12-31": "-27.73340", "2017-09-30": "9.85810", "2017-06-30": "6.23390", "2017-03-31": "4.70190", "2016-12-31": "-14.91560", "2016-09-30": "11.86840", "2016-06-30": "2.21290", "2016-03-31": "1.95190", "2015-12-31": "11.13530", "2015-09-30": "5.59920", "2015-06-30": "1.39690", "2015-03-31": "2.56680", "2014-12-31": "-3.81890", "2014-09-30": "1.65310", "2014-06-30": "1.82190", "2014-03-31": "1.80040", "2013-12-31": "0.98130", "2013-09-30": "6.26590", "2013-06-30": "2.88860", "2013-03-31": "1.57270", "2012-12-31": "3.20920", "2012-09-30": "-0.10240", "2012-06-30": "0.43560", "2012-03-31": "2.07340", "2011-12-31": "1.08120", "2011-09-30": "-0.53510", "2011-06-30": "2.65090", "2011-03-31": "2.37410", "2010-12-31": "3.65220", "2010-09-30": "1.90630", "2010-06-30": "2.20370", "2010-03-31": "-1.21300", "2009-12-31": "0.57340", "2009-09-30": "0.75150", "2009-06-30": "2.76170", "2009-03-31": "2.84590", "2008-12-31": "-0.00460", "2008-09-30": "2.27770", "2008-06-30": "3.92310", "2008-03-31": "-14.39680", "2007-12-31": "1.40090", "2007-09-30": "3.49690", "2007-06-30": "4.63480", "2007-03-31": "2.00800", "2006-12-31": "-14.63180", "2006-09-30": "-1.38050", "2006-06-30": "-0.78080", "2006-03-31": "4.74710", "2005-12-31": "-0.59940", "2005-09-30": "4.83080", "2005-06-30": "-3.89270", "2005-03-31": "3.44180"}, "Asset Turnover": {"2020-09-30": "0.09900", "2020-06-30": "0.11530", "2020-03-31": "0.10530", "2019-12-31": "0.12440", "2019-09-30": "0.07960", "2019-06-30": "0.10220", "2019-03-31": "0.10800", "2018-12-31": "0.13590", "2018-09-30": "0.05220", "2018-06-30": "0.07170", "2018-03-31": "0.07740", "2017-12-31": "0.07960", "2017-09-30": "0.11400", "2017-06-30": "0.16390", "2017-03-31": "0.15960", "2016-12-31": "-0.09410", "2016-09-30": "0.15270", "2016-06-30": "0.12790", "2016-03-31": "0.14080", "2015-12-31": "0.22140", "2015-09-30": "0.16640", "2015-06-30": "0.16850", "2015-03-31": "0.10350", "2014-12-31": "0.17780", "2014-09-30": "0.16250", "2014-06-30": "0.17010", "2014-03-31": "0.14470", "2013-12-31": "0.20260", "2013-09-30": "0.13710", "2013-06-30": "0.34600", "2013-03-31": "0.17800", "2012-12-31": "0.26940", "2012-09-30": "0.21770", "2012-06-30": "0.23970", "2012-03-31": "0.21320", "2011-12-31": "0.25280", "2011-09-30": "0.19980", "2011-06-30": "0.19930", "2011-03-31": "0.20750", "2010-12-31": "0.21880", "2010-09-30": "0.22200", "2010-06-30": "0.21440", "2010-03-31": "0.18070", "2009-12-31": "0.20270", "2009-09-30": "0.18520", "2009-06-30": "0.13190", "2009-03-31": "0.23740", "2008-12-31": "0.26720", "2008-09-30": "0.19380", "2008-06-30": "0.17150", "2008-03-31": "1.12010", "2007-12-31": "0.36510", "2007-09-30": "0.99260", "2007-06-30": "0.92770", "2007-03-31": "0.13980", "2006-12-31": "2.50880", "2006-09-30": "0.12950", "2006-06-30": "0.13480", "2006-03-31": "0.14920", "2005-12-31": "0.13060", "2005-09-30": "0.13260", "2005-06-30": "0.12830", "2005-03-31": "0.13320"}, "Inventory Turnover Ratio": {"2020-09-30": "", "2020-06-30": "", "2020-03-31": "", "2019-12-31": "", "2019-09-30": "", "2019-06-30": "", "2019-03-31": "", "2018-12-31": "", "2018-09-30": "", "2018-06-30": "", "2018-03-31": "", "2017-12-31": "", "2017-09-30": "", "2017-06-30": "", "2017-03-31": "", "2016-12-31": "", "2016-09-30": "", "2016-06-30": "", "2016-03-31": "", "2015-12-31": "", "2015-09-30": "", "2015-06-30": "", "2015-03-31": "", "2014-12-31": "", "2014-09-30": "", "2014-06-30": "", "2014-03-31": "", "2013-12-31": "", "2013-09-30": "", "2013-06-30": "", "2013-03-31": "", "2012-12-31": "", "2012-09-30": "", "2012-06-30": "", "2012-03-31": "", "2011-12-31": "", "2011-09-30": "", "2011-06-30": "", "2011-03-31": "", "2010-12-31": "", "2010-09-30": "", "2010-06-30": "", "2010-03-31": "", "2009-12-31": "", "2009-09-30": "", "2009-06-30": "", "2009-03-31": "", "2008-12-31": "", "2008-09-30": "", "2008-06-30": "", "2008-03-31": "", "2007-12-31": "", "2007-09-30": "", "2007-06-30": "", "2007-03-31": "", "2006-12-31": "", "2006-09-30": "", "2006-06-30": "", "2006-03-31": "", "2005-12-31": "", "2005-09-30": "", "2005-06-30": "", "2005-03-31": ""}, "Receiveable Turnover": {"2020-09-30": "0.24880", "2020-06-30": "0.28280", "2020-03-31": "0.19310", "2019-12-31": "0.36630", "2019-09-30": "0.12980", "2019-06-30": "0.19170", "2019-03-31": "0.20830", "2018-12-31": "0.31990", "2018-09-30": "0.12460", "2018-06-30": "0.19360", "2018-03-31": "0.23870", "2017-12-31": "0.37820", "2017-09-30": "0.28140", "2017-06-30": "0.38170", "2017-03-31": "0.35720", "2016-12-31": "-0.52180", "2016-09-30": "0.34310", "2016-06-30": "0.27340", "2016-03-31": "0.30920", "2015-12-31": "0.76370", "2015-09-30": "0.44110", "2015-06-30": "0.44470", "2015-03-31": "0.19370", "2014-12-31": "0.52450", "2014-09-30": "0.33540", "2014-06-30": "0.38320", "2014-03-31": "0.26770", "2013-12-31": "0.68410", "2013-09-30": "0.27660", "2013-06-30": "0.70360", "2013-03-31": "0.30930", "2012-12-31": "0.84900", "2012-09-30": "0.43440", "2012-06-30": "0.56610", "2012-03-31": "0.47490", "2011-12-31": "0.85720", "2011-09-30": "0.41030", "2011-06-30": "0.35740", "2011-03-31": "0.49130", "2010-12-31": "0.52990", "2010-09-30": "0.56550", "2010-06-30": "0.45980", "2010-03-31": "0.33360", "2009-12-31": "0.56810", "2009-09-30": "0.43220", "2009-06-30": "0.40110", "2009-03-31": "0.74640", "2008-12-31": "0.93460", "2008-09-30": "0.40730", "2008-06-30": "0.39390", "2008-03-31": "", "2007-12-31": "1.38950", "2007-09-30": "", "2007-06-30": "", "2007-03-31": "", "2006-12-31": "", "2006-09-30": "", "2006-06-30": "", "2006-03-31": "", "2005-12-31": "", "2005-09-30": "", "2005-06-30": "", "2005-03-31": ""}, "Days Sales In Receivables": {"2020-09-30": "361.78200", "2020-06-30": "318.24410", "2020-03-31": "466.08180", "2019-12-31": "245.68600", "2019-09-30": "693.17090", "2019-06-30": "469.60550", "2019-03-31": "432.02580", "2018-12-31": "281.36770", "2018-09-30": "722.14090", "2018-06-30": "464.94180", "2018-03-31": "376.98700", "2017-12-31": "237.99310", "2017-09-30": "319.88260", "2017-06-30": "235.81700", "2017-03-31": "251.98970", "2016-12-31": "-172.49220", "2016-09-30": "262.29900", "2016-06-30": "329.17090", "2016-03-31": "291.07860", "2015-12-31": "117.85370", "2015-09-30": "204.01630", "2015-06-30": "202.38240", "2015-03-31": "464.53990", "2014-12-31": "171.58370", "2014-09-30": "268.33950", "2014-06-30": "234.87750", "2014-03-31": "336.17000", "2013-12-31": "131.56030", "2013-09-30": "325.40450", "2013-06-30": "127.91780", "2013-03-31": "290.97570", "2012-12-31": "106.00420", "2012-09-30": "207.20520", "2012-06-30": "158.98620", "2012-03-31": "189.51930", "2011-12-31": "104.99550", "2011-09-30": "219.37010", "2011-06-30": "251.79280", "2011-03-31": "183.18650", "2010-12-31": "169.83060", "2010-09-30": "159.16010", "2010-06-30": "195.72930", "2010-03-31": "269.75580", "2009-12-31": "158.41480", "2009-09-30": "208.21500", "2009-06-30": "224.37980", "2009-03-31": "120.58040", "2008-12-31": "96.30140", "2008-09-30": "220.98680", "2008-06-30": "228.47540", "2008-03-31": "", "2007-12-31": "64.77070", "2007-09-30": "", "2007-06-30": "", "2007-03-31": "", "2006-12-31": "", "2006-09-30": "", "2006-06-30": "", "2006-03-31": "", "2005-12-31": "", "2005-09-30": "", "2005-06-30": "", "2005-03-31": ""}, "ROE - Return On Equity": {"2020-09-30": "3.10610", "2020-06-30": "5.18690", "2020-03-31": "2.93760", "2019-12-31": "-3.57060", "2019-09-30": "0.32020", "2019-06-30": "2.55620", "2019-03-31": "9.92140", "2018-12-31": "-4.73830", "2018-09-30": "2.09330", "2018-06-30": "1.94070", "2018-03-31": "5.04950", "2017-12-31": "-9.85190", "2017-09-30": "12.54980", "2017-06-30": "6.94380", "2017-03-31": "4.48070", "2016-12-31": "-5.10470", "2016-09-30": "9.62940", "2016-06-30": "1.61880", "2016-03-31": "1.24420", "2015-12-31": "18.04730", "2015-09-30": "5.59960", "2015-06-30": "2.06860", "2015-03-31": "4.53000", "2014-12-31": "-6.32130", "2014-09-30": "1.73670", "2014-06-30": "1.78560", "2014-03-31": "1.54430", "2013-12-31": "0.23120", "2013-09-30": "4.37800", "2013-06-30": "17.07570", "2013-03-31": "2.57400", "2012-12-31": "4.31290", "2012-09-30": "0.25000", "2012-06-30": "1.06040", "2012-03-31": "2.76750", "2011-12-31": "1.66800", "2011-09-30": "-0.83200", "2011-06-30": "4.88510", "2011-03-31": "4.93280", "2010-12-31": "7.23750", "2010-09-30": "5.94940", "2010-06-30": "4.06820", "2010-03-31": "-3.75350", "2009-12-31": "2.12320", "2009-09-30": "1.39050", "2009-06-30": "4.30550", "2009-03-31": "4.26630", "2008-12-31": "0.22390", "2008-09-30": "7.19680", "2008-06-30": "11.33250", "2008-03-31": "-20.36320", "2007-12-31": "2.00250", "2007-09-30": "4.28770", "2007-06-30": "5.07120", "2007-03-31": "0.32550", "2006-12-31": "-38.26910", "2006-09-30": "-0.20960", "2006-06-30": "-0.12130", "2006-03-31": "0.80660", "2005-12-31": "-0.08940", "2005-09-30": "0.76240", "2005-06-30": "-0.57740", "2005-03-31": "0.51350"}, "Return On Tangible Equity": {"2020-09-30": "-58.79480", "2020-06-30": "-46.13400", "2020-03-31": "-15.18900", "2019-12-31": "23.45270", "2019-09-30": "-4.17020", "2019-06-30": "-111.10690", "2019-03-31": "-13705.58000", "2018-12-31": "-68.45290", "2018-09-30": "18.72410", "2018-06-30": "106.61910", "2018-03-31": "-37.40160", "2017-12-31": "-29.12050", "2017-09-30": "-14.84050", "2017-06-30": "-95.52540", "2017-03-31": "-71.96280", "2016-12-31": "-47.19660", "2016-09-30": "82.99650", "2016-06-30": "16.57140", "2016-03-31": "11.46850", "2015-12-31": "119.40370", "2015-09-30": "-18.22360", "2015-06-30": "-2.75640", "2015-03-31": "-4.24800", "2014-12-31": "-22.79520", "2014-09-30": "2.99760", "2014-06-30": "2.61790", "2014-03-31": "2.13940", "2013-12-31": "0.31180", "2013-09-30": "5.84170", "2013-06-30": "22.55640", "2013-03-31": "4.63870", "2012-12-31": "7.61050", "2012-09-30": "0.42570", "2012-06-30": "1.75470", "2012-03-31": "4.42470", "2011-12-31": "2.69600", "2011-09-30": "-1.10430", "2011-06-30": "6.68120", "2011-03-31": "6.81730", "2010-12-31": "10.20310", "2010-09-30": "8.51670", "2010-06-30": "5.66990", "2010-03-31": "-5.42440", "2009-12-31": "2.91840", "2009-09-30": "1.89090", "2009-06-30": "5.87700", "2009-03-31": "5.59890", "2008-12-31": "0.29310", "2008-09-30": "12.87890", "2008-06-30": "18.84560", "2008-03-31": "-22.02160", "2007-12-31": "2.40470", "2007-09-30": "4.63240", "2007-06-30": "5.46950", "2007-03-31": "0.35060", "2006-12-31": "-41.39890", "2006-09-30": "-0.22840", "2006-06-30": "-0.13290", "2006-03-31": "0.88990", "2005-12-31": "-0.09880", "2005-09-30": "0.84870", "2005-06-30": "-0.64420", "2005-03-31": "0.57250"}, "ROA - Return On Assets": {"2020-09-30": "0.54260", "2020-06-30": "0.87860", "2020-03-31": "0.36720", "2019-12-31": "-0.67810", "2019-09-30": "0.03910", "2019-06-30": "0.40370", "2019-03-31": "1.72800", "2018-12-31": "-1.19150", "2018-09-30": "0.45310", "2018-06-30": "0.47250", "2018-03-31": "1.07230", "2017-12-31": "-2.06800", "2017-09-30": "1.52410", "2017-06-30": "1.50030", "2017-03-31": "1.04150", "2016-12-31": "-1.65200", "2016-09-30": "2.37540", "2016-06-30": "0.36490", "2016-03-31": "0.31980", "2015-12-31": "5.58250", "2015-09-30": "1.32560", "2015-06-30": "0.37810", "2015-03-31": "0.49570", "2014-12-31": "-1.33710", "2014-09-30": "0.41470", "2014-06-30": "0.46140", "2014-03-31": "0.34180", "2013-12-31": "0.07810", "2013-09-30": "1.08510", "2013-06-30": "3.75670", "2013-03-31": "0.42400", "2012-12-31": "1.12480", "2012-09-30": "0.04890", "2012-06-30": "0.23350", "2012-03-31": "0.63200", "2011-12-31": "0.49220", "2011-09-30": "-0.16530", "2011-06-30": "0.95380", "2011-03-31": "0.97440", "2010-12-31": "1.63350", "2010-09-30": "1.32590", "2010-06-30": "0.81810", "2010-03-31": "-0.57000", "2009-12-31": "0.48430", "2009-09-30": "0.30360", "2009-06-30": "0.66290", "2009-03-31": "1.19550", "2008-12-31": "0.07150", "2008-09-30": "0.86070", "2008-06-30": "1.31440", "2008-03-31": "-15.90790", "2007-12-31": "0.68220", "2007-09-30": "3.47120", "2007-06-30": "4.29980", "2007-03-31": "0.28070", "2006-12-31": "-33.04670", "2006-09-30": "-0.17880", "2006-06-30": "-0.10530", "2006-03-31": "0.70830", "2005-12-31": "-0.07830", "2005-09-30": "0.64080", "2005-06-30": "-0.49950", "2005-03-31": "0.45860"}, "ROI - Return On Investment": {"2020-09-30": "3.10610", "2020-06-30": "1.92630", "2020-03-31": "2.93760", "2019-12-31": "-3.57060", "2019-09-30": "0.13440", "2019-06-30": "1.13730", "2019-03-31": "4.62000", "2018-12-31": "-2.51430", "2018-09-30": "1.23140", "2018-06-30": "1.09450", "2018-03-31": "2.54020", "2017-12-31": "-6.54820", "2017-09-30": "3.16180", "2017-06-30": "3.68340", "2017-03-31": "2.40830", "2016-12-31": "-2.53510", "2016-09-30": "5.30130", "2016-06-30": "0.80820", "2016-03-31": "0.72460", "2015-12-31": "10.72610", "2015-09-30": "3.00610", "2015-06-30": "0.95820", "2015-03-31": "1.67000", "2014-12-31": "-2.85460", "2014-09-30": "1.05870", "2014-06-30": "1.08500", "2014-03-31": "0.96530", "2013-12-31": "0.14630", "2013-09-30": "2.77280", "2013-06-30": "10.95540", "2013-03-31": "1.23510", "2012-12-31": "2.09750", "2012-09-30": "0.11740", "2012-06-30": "0.50620", "2012-03-31": "1.53790", "2011-12-31": "0.92640", "2011-09-30": "-0.44000", "2011-06-30": "3.20950", "2011-03-31": "3.21550", "2010-12-31": "4.60900", "2010-09-30": "3.86250", "2010-06-30": "2.67130", "2010-03-31": "-2.39170", "2009-12-31": "1.41390", "2009-09-30": "0.93000", "2009-06-30": "2.99010", "2009-03-31": "2.94700", "2008-12-31": "0.15550", "2008-09-30": "3.98100", "2008-06-30": "6.56520", "2008-03-31": "-20.36320", "2007-12-31": "1.41080", "2007-09-30": "4.28770", "2007-06-30": "5.07120", "2007-03-31": "0.32550", "2006-12-31": "-38.26910", "2006-09-30": "-0.20960", "2006-06-30": "-0.12130", "2006-03-31": "0.80660", "2005-12-31": "-0.08940", "2005-09-30": "0.76240", "2005-06-30": "-0.57740", "2005-03-31": "0.51350"}, "Book Value Per Share": {"2020-09-30": "2.22210", "2020-06-30": "2.12320", "2020-03-31": "2.00580", "2019-12-31": "2.10210", "2019-09-30": "2.29620", "2019-06-30": "2.47690", "2019-03-31": "2.58980", "2018-12-31": "2.55860", "2018-09-30": "5.75640", "2018-06-30": "5.11840", "2018-03-31": "4.58160", "2017-12-31": "3.90570", "2017-09-30": "3.06810", "2017-06-30": "3.91540", "2017-03-31": "4.02660", "2016-12-31": "5.84000", "2016-09-30": "4.26740", "2016-06-30": "4.17360", "2016-03-31": "4.30590", "2015-12-31": "4.85180", "2015-09-30": "3.88520", "2015-06-30": "2.92130", "2015-03-31": "2.61000", "2014-12-31": "2.64560", "2014-09-30": "2.90980", "2014-06-30": "2.89550", "2014-03-31": "3.09090", "2013-12-31": "3.24700", "2013-09-30": "3.41860", "2013-06-30": "4.43180", "2013-03-31": "2.48540", "2012-12-31": "2.69220", "2012-09-30": "2.64020", "2012-06-30": "2.88400", "2012-03-31": "3.03080", "2011-12-31": "3.14000", "2011-09-30": "2.97370", "2011-06-30": "2.95680", "2011-03-31": "3.46720", "2010-12-31": "3.45310", "2010-09-30": "3.49560", "2010-06-30": "3.50920", "2010-03-31": "3.55870", "2009-12-31": "4.04590", "2009-09-30": "4.18930", "2009-06-30": "4.28100", "2009-03-31": "4.30460", "2008-12-31": "4.19320", "2008-09-30": "2.29940", "2008-06-30": "2.49630", "2008-03-31": "4.61430", "2007-12-31": "9.24010", "2007-09-30": "4.83920", "2007-06-30": "4.38020", "2007-03-31": "4.51100", "2006-12-31": "5.02110", "2006-09-30": "4.99380", "2006-06-30": "4.99130", "2006-03-31": "4.99740", "2005-12-31": "4.91830", "2005-09-30": "4.91590", "2005-06-30": "4.93740", "2005-03-31": "5.01350"}, "Operating Cash Flow Per Share": {"2020-09-30": 0.124, "2020-06-30": 0.2667, "2020-03-31": "-0.13300", "2019-12-31": 0.0697, "2019-09-30": 0.2746, "2019-06-30": 0.2292, "2019-03-31": "-0.11780", "2018-12-31": 0.9574, "2018-09-30": -0.1113, "2018-06-30": -0.2561, "2018-03-31": "-0.72510", "2017-12-31": -0.3747, "2017-09-30": 0.7581, "2017-06-30": 0.0131, "2017-03-31": "0.95380", "2016-12-31": 0.6599, "2016-09-30": 0.0602, "2016-06-30": -0.6438, "2016-03-31": "-0.46110", "2015-12-31": 2.0744, "2015-09-30": 0.3394, "2015-06-30": 0.1689, "2015-03-31": "-0.18710", "2014-12-31": 0.5108, "2014-09-30": 0.1547, "2014-06-30": 0.0891, "2014-03-31": "0.00020", "2013-12-31": 0.2342, "2013-09-30": 0.13, "2013-06-30": 0.1351, "2013-03-31": "0.02370", "2012-12-31": -0.0423, "2012-09-30": 0.3478, "2012-06-30": 0.3488, "2012-03-31": "-0.04460", "2011-12-31": 0.4324, "2011-09-30": 0.317, "2011-06-30": -0.2739, "2011-03-31": "0.25700", "2010-12-31": 0.38, "2010-09-30": 0.0141, "2010-06-30": 0.1446, "2010-03-31": "-0.28100", "2009-12-31": 0.3966, "2009-09-30": 0.3787, "2009-06-30": 0.3775, "2009-03-31": "0.62230", "2008-12-31": 0.167, "2008-09-30": 0.1695, "2008-06-30": 1.1309, "2008-03-31": "-0.88470", "2007-12-31": 0.9304, "2007-09-30": 0.716, "2007-06-30": -0.1378, "2007-03-31": "0.26680", "2006-12-31": -0.7697, "2006-09-30": 0.414, "2006-06-30": 0.0878, "2006-03-31": "0.09890", "2005-12-31": 0.0344, "2005-09-30": 0.3085, "2005-06-30": 0.1679, "2005-03-31": "0.02090"}, "Free Cash Flow Per Share": {"2020-09-30": 0.1604, "2020-06-30": 0.1906, "2020-03-31": "-0.14900", "2019-12-31": -0.0065, "2019-09-30": 0.2515, "2019-06-30": 0.17, "2019-03-31": "-0.14130", "2018-12-31": 0.8535, "2018-09-30": -0.055, "2018-06-30": -0.3408, "2018-03-31": "-0.74190", "2017-12-31": -0.511, "2017-09-30": 0.7736, "2017-06-30": -0.0334, "2017-03-31": "0.92080", "2016-12-31": 0.6573, "2016-09-30": 0.0071, "2016-06-30": -0.6853, "2016-03-31": "-0.49500", "2015-12-31": 1.9876, "2015-09-30": 0.2985, "2015-06-30": 0.1154, "2015-03-31": "-0.20670", "2014-12-31": 0.4496, "2014-09-30": 0.1332, "2014-06-30": 0.0691, "2014-03-31": "-0.01800", "2013-12-31": 0.1852, "2013-09-30": 0.1033, "2013-06-30": 0.1246, "2013-03-31": "-0.00950", "2012-12-31": 0.0379, "2012-09-30": 0.1822, "2012-06-30": 0.2975, "2012-03-31": "-0.08880", "2011-12-31": 0.3044, "2011-09-30": 0.1652, "2011-06-30": -0.318, "2011-03-31": "0.21070", "2010-12-31": 0.3443, "2010-09-30": -0.019, "2010-06-30": 0.225, "2010-03-31": "-0.48480", "2009-12-31": 0.3344, "2009-09-30": 0.3255, "2009-06-30": 0.3315, "2009-03-31": "0.57230", "2008-12-31": 0.0916, "2008-09-30": 0.0846, "2008-06-30": 1.0346, "2008-03-31": "-0.93860", "2007-12-31": 0.8593, "2007-09-30": 0.5972, "2007-06-30": -0.1409, "2007-03-31": "0.12290", "2006-12-31": -0.7394, "2006-09-30": 0.2658, "2006-06-30": -0.0477, "2006-03-31": "-0.02420", "2005-12-31": -0.1055, "2005-09-30": 0.1228, "2005-06-30": 0.0065, "2005-03-31": "-0.14900"}}, "revenue": {"BGC Partners Annual Revenue (Millions of US $)": {"2019": "$2,104", "2018": "$1,938", "2017": "$1,751", "2016": "$1,554", "2015": "$2,784", "2014": "$1,790", "2013": "$1,745", "2012": "$1,726", "2011": "$1,465", "2010": "$1,331", "2009": "$1,162", "2008": "$1,229", "2007": "$1,117", "2006": "$855", "2005": "$152"}, "BGC Partners Quarterly Revenue (Millions of US $)": {"2020-09-30": "$455", "2020-06-30": "$519", "2020-03-31": "$603", "2019-12-31": "$487", "2019-09-30": "$521", "2019-06-30": "$551", "2019-03-31": "$545", "2018-12-31": "$466", "2018-09-30": "$456", "2018-06-30": "$491", "2018-03-31": "$525", "2017-12-31": "$432", "2017-09-30": "$827", "2017-06-30": "$849", "2017-03-31": "$783", "2016-12-31": "$-475", "2016-09-30": "$735", "2016-06-30": "$654", "2016-03-31": "$641", "2015-12-31": "$882", "2015-09-30": "$685", "2015-06-30": "$669", "2015-03-31": "$548", "2014-12-31": "$489", "2014-09-30": "$436", "2014-06-30": "$417", "2014-03-31": "$445", "2013-12-31": "$421", "2013-09-30": "$404", "2013-06-30": "$1,193", "2013-03-31": "$445", "2012-12-31": "$441", "2012-09-30": "$440", "2012-06-30": "$450", "2012-03-31": "$395", "2011-12-31": "$355", "2011-09-30": "$380", "2011-06-30": "$365", "2011-03-31": "$365", "2010-12-31": "$322", "2010-09-30": "$327", "2010-06-30": "$336", "2010-03-31": "$347", "2009-12-31": "$297", "2009-09-30": "$289", "2009-06-30": "$292", "2009-03-31": "$284", "2008-12-31": "$285", "2008-09-30": "$301", "2008-06-30": "$305", "2008-03-31": "$337", "2007-12-31": "$503", "2007-09-30": "$299", "2007-06-30": "$273", "2007-03-31": "$42", "2006-12-31": "$735", "2006-09-30": "$38", "2006-06-30": "$39", "2006-03-31": "$43", "2005-12-31": "$37", "2005-09-30": "$39", "2005-06-30": "$37", "2005-03-31": "$39"}}, "gross-profit": {"BGC Partners Annual Gross Profit (Millions of US $)": {"2019": "$2,041", "2018": "$1,876", "2017": "$1,708", "2016": "$1,517", "2015": "$2,748", "2014": "$1,770", "2013": "$1,722", "2012": "$1,704", "2011": "$1,439", "2010": "$1,311", "2009": "$1,146", "2008": "$410", "2007": "$1,095", "2006": "$842", "2005": "$152"}, "BGC Partners Quarterly Gross Profit (Millions of US $)": {"2020-09-30": "$442", "2020-06-30": "$506", "2020-03-31": "$584", "2019-12-31": "$471", "2019-09-30": "$505", "2019-06-30": "$534", "2019-03-31": "$530", "2018-12-31": "$449", "2018-09-30": "$441", "2018-06-30": "$476", "2018-03-31": "$511", "2017-12-31": "$419", "2017-09-30": "$817", "2017-06-30": "$838", "2017-03-31": "$773", "2016-12-31": "$-485", "2016-09-30": "$726", "2016-06-30": "$644", "2016-03-31": "$632", "2015-12-31": "$872", "2015-09-30": "$676", "2015-06-30": "$659", "2015-03-31": "$541", "2014-12-31": "$485", "2014-09-30": "$431", "2014-06-30": "$412", "2014-03-31": "$441", "2013-12-31": "$416", "2013-09-30": "$399", "2013-06-30": "$1,187", "2013-03-31": "$439", "2012-12-31": "$436", "2012-09-30": "$435", "2012-06-30": "$444", "2012-03-31": "$389", "2011-12-31": "$349", "2011-09-30": "$373", "2011-06-30": "$358", "2011-03-31": "$359", "2010-12-31": "$316", "2010-09-30": "$322", "2010-06-30": "$331", "2010-03-31": "$342", "2009-12-31": "$292", "2009-09-30": "$285", "2009-06-30": "$288", "2009-03-31": "$280", "2008-12-31": "$274", "2008-09-30": "$297", "2008-06-30": "$299", "2008-03-31": "$333", "2007-12-31": "$486", "2007-09-30": "$297", "2007-06-30": "$270", "2007-03-31": "$42", "2006-12-31": "$735", "2006-09-30": "$38", "2006-06-30": "$39", "2006-03-31": "$43", "2005-12-31": "$37", "2005-09-30": "$39", "2005-06-30": "$37", "2005-03-31": "$39"}}, "operating-income": {"BGC Partners Annual Operating Income (Millions of US $)": {"2019": "$160", "2018": "$164", "2017": "$51", "2016": "$86", "2015": "$-2", "2014": "$-17", "2013": "$274", "2012": "$102", "2011": "$79", "2010": "$71", "2009": "$74", "2008": "$29", "2007": "$69", "2006": "$-67", "2005": "$8"}, "BGC Partners Quarterly Operating Income (Millions of US $)": {"2020-09-30": "$42", "2020-06-30": "$63", "2020-03-31": "$52", "2019-12-31": "$-19", "2019-09-30": "$20", "2019-06-30": "$51", "2019-03-31": "$108", "2018-12-31": "$-17", "2018-09-30": "$57", "2018-06-30": "$54", "2018-03-31": "$70", "2017-12-31": "$-50", "2017-09-30": "$76", "2017-06-30": "$114", "2017-03-31": "$71", "2016-12-31": "$-53", "2016-09-30": "$71", "2016-06-30": "$33", "2016-03-31": "$35", "2015-12-31": "$-95", "2015-09-30": "$39", "2015-06-30": "$34", "2015-03-31": "$20", "2014-12-31": "$-54", "2014-09-30": "$-4", "2014-06-30": "$24", "2014-03-31": "$25", "2013-12-31": "$5", "2013-09-30": "$23", "2013-06-30": "$218", "2013-03-31": "$23", "2012-12-31": "$51", "2012-09-30": "$13", "2012-06-30": "$12", "2012-03-31": "$26", "2011-12-31": "$20", "2011-09-30": "$2", "2011-06-30": "$28", "2011-03-31": "$29", "2010-12-31": "$31", "2010-09-30": "$30", "2010-06-30": "$21", "2010-03-31": "$-11", "2009-12-31": "$16", "2009-09-30": "$11", "2009-06-30": "$24", "2009-03-31": "$24", "2008-12-31": "$5", "2008-09-30": "$20", "2008-06-30": "$36", "2008-03-31": "$-32", "2007-12-31": "$26", "2007-09-30": "$22", "2007-06-30": "$20", "2007-03-31": "$1", "2006-12-31": "$-71", "2006-09-30": "$1", "2006-06-30": "$-1", "2006-03-31": "$3", "2005-12-31": "$1", "2005-09-30": "$3", "2005-06-30": "$2", "2005-03-31": "$2"}}, "ebitda": {"BGC Partners Annual EBITDA (Millions of US $)": {"2019": "$278", "2018": "$247", "2017": "$144", "2016": "$189", "2015": "$231", "2014": "$59", "2013": "$522", "2012": "$193", "2011": "$162", "2010": "$162", "2009": "$161", "2008": "$116", "2007": "$164", "2006": "$31", "2005": "$39"}, "BGC Partners Quarterly EBITDA (Millions of US $)": {"2020-09-30": "$75", "2020-06-30": "$102", "2020-03-31": "$90", "2019-12-31": "$15", "2019-09-30": "$51", "2019-06-30": "$79", "2019-03-31": "$134", "2018-12-31": "$13", "2018-09-30": "$73", "2018-06-30": "$74", "2018-03-31": "$88", "2017-12-31": "$-112", "2017-09-30": "$141", "2017-06-30": "$165", "2017-03-31": "$112", "2016-12-31": "$-101", "2016-09-30": "$163", "2016-06-30": "$63", "2016-03-31": "$64", "2015-12-31": "$40", "2015-09-30": "$74", "2015-06-30": "$70", "2015-03-31": "$46", "2014-12-31": "$-32", "2014-09-30": "$12", "2014-06-30": "$43", "2014-03-31": "$44", "2013-12-31": "$25", "2013-09-30": "$203", "2013-06-30": "$242", "2013-03-31": "$47", "2012-12-31": "$76", "2012-09-30": "$38", "2012-06-30": "$33", "2012-03-31": "$47", "2011-12-31": "$41", "2011-09-30": "$23", "2011-06-30": "$47", "2011-03-31": "$50", "2010-12-31": "$56", "2010-09-30": "$52", "2010-06-30": "$44", "2010-03-31": "$10", "2009-12-31": "$41", "2009-09-30": "$31", "2009-06-30": "$45", "2009-03-31": "$44", "2008-12-31": "$26", "2008-09-30": "$42", "2008-06-30": "$57", "2008-03-31": "$-9", "2007-12-31": "$50", "2007-09-30": "$43", "2007-06-30": "$62", "2007-03-31": "$10", "2006-12-31": "$-1", "2006-09-30": "$10", "2006-06-30": "$8", "2006-03-31": "$13", "2005-12-31": "$10", "2005-09-30": "$11", "2005-06-30": "$9", "2005-03-31": "$9"}}, "net-income": {"BGC Partners Annual Net Income (Millions of US $)": {"2019": "$56", "2018": "$198", "2017": "$51", "2016": "$185", "2015": "$160", "2014": "$-3", "2013": "$71", "2012": "$24", "2011": "$20", "2010": "$21", "2009": "$20", "2008": "$-30", "2007": "$31", "2006": "$-106", "2005": "$2"}, "BGC Partners Quarterly Net Income (Millions of US $)": {"2020-09-30": "$19", "2020-06-30": "$28", "2020-03-31": "$14", "2019-12-31": "$-16", "2019-09-30": "$-4", "2019-06-30": "$14", "2019-03-31": "$62", "2018-12-31": "$-17", "2018-09-30": "$120", "2018-06-30": "$35", "2018-03-31": "$59", "2017-12-31": "$-120", "2017-09-30": "$82", "2017-06-30": "$53", "2017-03-31": "$37", "2016-12-31": "$71", "2016-09-30": "$87", "2016-06-30": "$14", "2016-03-31": "$13", "2015-12-31": "$98", "2015-09-30": "$38", "2015-06-30": "$9", "2015-03-31": "$14", "2014-12-31": "$-19", "2014-09-30": "$7", "2014-06-30": "$8", "2014-03-31": "$8", "2013-12-31": "$4", "2013-09-30": "$25", "2013-06-30": "$34", "2013-03-31": "$7", "2012-12-31": "$14", "2012-09-30": "$-0", "2012-06-30": "$2", "2012-03-31": "$8", "2011-12-31": "$4", "2011-09-30": "$-2", "2011-06-30": "$10", "2011-03-31": "$9", "2010-12-31": "$12", "2010-09-30": "$6", "2010-06-30": "$7", "2010-03-31": "$-4", "2009-12-31": "$2", "2009-09-30": "$2", "2009-06-30": "$8", "2009-03-31": "$8", "2008-12-31": "$-0", "2008-09-30": "$7", "2008-06-30": "$12", "2008-03-31": "$-49", "2007-12-31": "$7", "2007-09-30": "$10", "2007-06-30": "$13", "2007-03-31": "$1", "2006-12-31": "$-108", "2006-09-30": "$-1", "2006-06-30": "$-0", "2006-03-31": "$2", "2005-12-31": "$-0", "2005-09-30": "$2", "2005-06-30": "$-1", "2005-03-31": "$1"}}, "eps-earnings-per-share-diluted": {"BGC Partners Annual EPS": {"2019": "$0.16", "2018": "$0.23", "2017": "$-0.43", "2016": "$-0.02", "2015": "$0.62", "2014": "$-0.01", "2013": "$0.36", "2012": "$0.16", "2011": "$0.17", "2010": "$0.24", "2009": "$0.24", "2008": "$-0.28", "2007": "$0.17", "2006": "$-0.58", "2005": "$0.03"}, "BGC Partners Quarterly EPS": {"2020-09-30": "$0.05", "2020-06-30": "$0.07", "2020-03-31": "$0.04", "2019-12-31": "$-0.05", "2019-09-30": "$-0.01", "2019-06-30": "$0.04", "2019-03-31": "$0.18", "2018-12-31": "$-0.03", "2018-09-30": "$0.28", "2018-06-30": "$0.11", "2018-03-31": "$0.14", "2017-12-31": "$-0.41", "2017-09-30": "$0.28", "2017-06-30": "$0.18", "2017-03-31": "$0.13", "2016-12-31": "$-0.43", "2016-09-30": "$0.31", "2016-06-30": "$0.05", "2016-03-31": "$0.05", "2015-12-31": "$0.37", "2015-09-30": "$0.15", "2015-06-30": "$0.04", "2015-03-31": "$0.06", "2014-12-31": "$-0.08", "2014-09-30": "$0.03", "2014-06-30": "$0.03", "2014-03-31": "$0.04", "2013-12-31": "$0.02", "2013-09-30": "$0.11", "2013-06-30": "$0.18", "2013-03-31": "$0.04", "2012-12-31": "$0.09", "2012-09-30": "$0.00", "2012-06-30": "$0.01", "2012-03-31": "$0.06", "2011-12-31": "$0.01", "2011-09-30": "$-0.02", "2011-06-30": "$0.09", "2011-03-31": "$0.09", "2010-12-31": "$0.13", "2010-09-30": "$0.07", "2010-06-30": "$0.09", "2010-03-31": "$-0.05", "2009-12-31": "$0.01", "2009-09-30": "$0.03", "2009-06-30": "$0.10", "2009-03-31": "$0.10", "2008-12-31": "$-0.03", "2008-09-30": "$0.08", "2008-06-30": "$0.16", "2008-03-31": "$-0.26", "2007-12-31": "$0.02", "2007-09-30": "$0.06", "2007-06-30": "$0.07", "2007-03-31": "$0.02", "2006-12-31": "$-0.60", "2006-09-30": "$-0.01", "2006-06-30": "$-0.01", "2006-03-31": "$0.04", "2005-12-31": "$0.00", "2005-09-30": "$0.04", "2005-06-30": "$-0.03", "2005-03-31": "$0.02"}}, "shares-outstanding": {"BGC Partners Annual Shares Outstanding (Millions of Shares)": {"2019": "525", "2018": "324", "2017": "287", "2016": "277", "2015": "286", "2014": "221", "2013": "265", "2012": "281", "2011": "117", "2010": "229", "2009": "211", "2008": "106", "2007": "185", "2006": "184", "2005": "52"}, "BGC Partners Quarterly Shares Outstanding (Millions of Shares)": {"2020-09-30": "549", "2020-06-30": "546", "2020-03-31": "538", "2019-12-31": "525", "2019-09-30": "346", "2019-06-30": "523", "2019-03-31": "516", "2018-12-31": "499", "2018-09-30": "437", "2018-06-30": "323", "2018-03-31": "479", "2017-12-31": "291", "2017-09-30": "457", "2017-06-30": "452", "2017-03-31": "445", "2016-12-31": "277", "2016-09-30": "430", "2016-06-30": "437", "2016-03-31": "435", "2015-12-31": "286", "2015-09-30": "394", "2015-06-30": "367", "2015-03-31": "338", "2014-12-31": "221", "2014-09-30": "331", "2014-06-30": "327", "2014-03-31": "322", "2013-12-31": "318", "2013-09-30": "355", "2013-06-30": "378", "2013-03-31": "318", "2012-12-31": "281", "2012-09-30": "147", "2012-06-30": "275", "2012-03-31": "264", "2011-12-31": "117", "2011-09-30": "124", "2011-06-30": "244", "2011-03-31": "237", "2010-12-31": "229", "2010-09-30": "228", "2010-06-30": "226", "2010-03-31": "83", "2009-12-31": "211", "2009-09-30": "216", "2009-06-30": "211", "2009-03-31": "200", "2008-12-31": "189", "2008-09-30": "197", "2008-06-30": "190", "2008-03-31": "185", "2007-12-31": "185", "2007-09-30": "184", "2007-06-30": "185", "2007-03-31": "51", "2006-12-31": "184", "2006-09-30": "50", "2006-06-30": "50", "2006-03-31": "51", "2005-12-31": "52", "2005-09-30": "52", "2005-06-30": "51", "2005-03-31": "54"}}, "total-assets": {"BGC Partners Annual Total Assets (Millions of US $)": {"2019": "$3,916", "2018": "$3,433", "2017": "$5,430", "2016": "$5,048", "2015": "$3,983", "2014": "$2,751", "2013": "$2,079", "2012": "$1,639", "2011": "$1,405", "2010": "$1,470", "2009": "$1,465", "2008": "$1,068", "2007": "$1,378", "2006": "$293", "2005": "$281"}, "BGC Partners Quarterly Total Assets (Millions of US $)": {"2020-09-30": "$4,594", "2020-06-30": "$4,502", "2020-03-31": "$5,728", "2019-12-31": "$3,916", "2019-09-30": "$6,548", "2019-06-30": "$5,392", "2019-03-31": "$5,045", "2018-12-31": "$3,433", "2018-09-30": "$8,732", "2018-06-30": "$6,849", "2018-03-31": "$6,777", "2017-12-31": "$5,430", "2017-09-30": "$7,253", "2017-06-30": "$5,181", "2017-03-31": "$4,908", "2016-12-31": "$5,048", "2016-09-30": "$4,812", "2016-06-30": "$5,112", "2016-03-31": "$4,550", "2015-12-31": "$3,983", "2015-09-30": "$4,118", "2015-06-30": "$3,972", "2015-03-31": "$5,290", "2014-12-31": "$2,751", "2014-09-30": "$2,684", "2014-06-30": "$2,452", "2014-03-31": "$3,073", "2013-12-31": "$2,079", "2013-09-30": "$2,948", "2013-06-30": "$3,448", "2013-03-31": "$2,500", "2012-12-31": "$1,639", "2012-09-30": "$2,023", "2012-06-30": "$1,876", "2012-03-31": "$1,853", "2011-12-31": "$1,405", "2011-09-30": "$1,902", "2011-06-30": "$1,829", "2011-03-31": "$1,759", "2010-12-31": "$1,470", "2010-09-30": "$1,470", "2010-06-30": "$1,566", "2010-03-31": "$1,922", "2009-12-31": "$1,465", "2009-09-30": "$1,563", "2009-06-30": "$2,215", "2009-03-31": "$1,196", "2008-12-31": "$1,068", "2008-09-30": "$1,553", "2008-06-30": "$1,781", "2008-03-31": "$301", "2007-12-31": "$1,378", "2007-09-30": "$302", "2007-06-30": "$294", "2007-03-31": "$298", "2006-12-31": "$293", "2006-09-30": "$294", "2006-06-30": "$289", "2006-03-31": "$285", "2005-12-31": "$281", "2005-09-30": "$292", "2005-06-30": "$292", "2005-03-31": "$292"}}, "cash-on-hand": {"BGC Partners Annual Cash on Hand (Millions of US $)": {"2019": "$708", "2018": "$507", "2017": "$774", "2016": "$813", "2015": "$1,116", "2014": "$868", "2013": "$771", "2012": "$392", "2011": "$389", "2010": "$371", "2009": "$473", "2008": "$362", "2007": "$431", "2006": "$188", "2005": "$178"}, "BGC Partners Quarterly Cash on Hand (Millions of US $)": {"2020-09-30": "$795", "2020-06-30": "$746", "2020-03-31": "$715", "2019-12-31": "$708", "2019-09-30": "$711", "2019-06-30": "$629", "2019-03-31": "$558", "2018-12-31": "$507", "2018-09-30": "$1,004", "2018-06-30": "$900", "2018-03-31": "$789", "2017-12-31": "$774", "2017-09-30": "$945", "2017-06-30": "$751", "2017-03-31": "$686", "2016-12-31": "$813", "2016-09-30": "$635", "2016-06-30": "$597", "2016-03-31": "$654", "2015-12-31": "$1,116", "2015-09-30": "$539", "2015-06-30": "$421", "2015-03-31": "$485", "2014-12-31": "$868", "2014-09-30": "$605", "2014-06-30": "$624", "2014-03-31": "$699", "2013-12-31": "$771", "2013-09-30": "$875", "2013-06-30": "$1,158", "2013-03-31": "$374", "2012-12-31": "$392", "2012-09-30": "$352", "2012-06-30": "$412", "2012-03-31": "$332", "2011-12-31": "$389", "2011-09-30": "$454", "2011-06-30": "$292", "2011-03-31": "$508", "2010-12-31": "$371", "2010-09-30": "$403", "2010-06-30": "$381", "2010-03-31": "$428", "2009-12-31": "$473", "2009-09-30": "$477", "2009-06-30": "$434", "2009-03-31": "$391", "2008-12-31": "$362", "2008-09-30": "$362", "2008-06-30": "$485", "2008-03-31": "$19", "2007-12-31": "$431", "2007-09-30": "$106", "2007-06-30": "$191", "2007-03-31": "$195", "2006-12-31": "$188", "2006-09-30": "$191", "2006-06-30": "$178", "2006-03-31": "$177", "2005-12-31": "$178", "2005-09-30": "$184", "2005-06-30": "$182", "2005-03-31": "$190"}}, "long-term-debt": {"BGC Partners Annual Long Term Debt (Millions of US $)": {"2019": "$1,143", "2018": "$764", "2017": "$575", "2016": "$1,656", "2015": "$841", "2014": "$707", "2013": "$408", "2012": "$451", "2011": "$332", "2010": "$189", "2009": "$168", "2008": "$150", "2007": "$197", "2006": "$", "2005": "$"}, "BGC Partners Quarterly Long Term Debt (Millions of US $)": {"2020-09-30": "", "2020-06-30": "$1,291", "2020-03-31": "", "2019-12-31": "", "2019-09-30": "$1,105", "2019-06-30": "$1,062", "2019-03-31": "$1,008", "2018-12-31": "$764", "2018-09-30": "$1,323", "2018-06-30": "$1,289", "2018-03-31": "$1,422", "2017-12-31": "$575", "2017-09-30": "$2,616", "2017-06-30": "$991", "2017-03-31": "$982", "2016-12-31": "$1,656", "2016-09-30": "$969", "2016-06-30": "$1,156", "2016-03-31": "$839", "2015-12-31": "$841", "2015-09-30": "$841", "2015-06-30": "$841", "2015-03-31": "$991", "2014-12-31": "$707", "2014-09-30": "$410", "2014-06-30": "$409", "2014-03-31": "$408", "2013-12-31": "$408", "2013-09-30": "$423", "2013-06-30": "$424", "2013-03-31": "$447", "2012-12-31": "$451", "2012-09-30": "$447", "2012-06-30": "$452", "2012-03-31": "$338", "2011-12-31": "$332", "2011-09-30": "$337", "2011-06-30": "$186", "2011-03-31": "$186", "2010-12-31": "$189", "2010-09-30": "$177", "2010-06-30": "$165", "2010-03-31": "$166", "2009-12-31": "$168", "2009-09-30": "$169", "2009-06-30": "$150", "2009-03-31": "$150", "2008-12-31": "$150", "2008-09-30": "$150", "2008-06-30": "$150", "2008-03-31": "", "2007-12-31": "$197", "2007-09-30": "", "2007-06-30": "", "2007-03-31": "", "2006-12-31": "", "2006-09-30": "", "2006-06-30": "", "2006-03-31": "", "2005-12-31": "", "2005-09-30": "", "2005-06-30": "", "2005-03-31": ""}}, "total-liabilities": {"BGC Partners Annual Total Liabilities (Millions of US $)": {"2019": "$3,172", "2018": "$2,570", "2017": "$4,290", "2016": "$3,414", "2015": "$2,751", "2014": "$2,169", "2013": "$1,377", "2012": "$1,212", "2011": "$990", "2010": "$1,138", "2009": "$1,130", "2008": "$727", "2007": "$908", "2006": "$40", "2005": "$35"}, "BGC Partners Quarterly Total Liabilities (Millions of US $)": {"2020-09-30": "$3,792", "2020-06-30": "$3,740", "2020-03-31": "$5,012", "2019-12-31": "$3,172", "2019-09-30": "$5,749", "2019-06-30": "$4,540", "2019-03-31": "$4,166", "2018-12-31": "$2,570", "2018-09-30": "$6,842", "2018-06-30": "$5,181", "2018-03-31": "$5,338", "2017-12-31": "$4,290", "2017-09-30": "$6,372", "2017-06-30": "$4,061", "2017-03-31": "$3,767", "2016-12-31": "$3,414", "2016-09-30": "$3,625", "2016-06-30": "$3,960", "2016-03-31": "$3,380", "2015-12-31": "$2,751", "2015-09-30": "$3,143", "2015-06-30": "$3,246", "2015-03-31": "$4,711", "2014-12-31": "$2,169", "2014-09-30": "$2,043", "2014-06-30": "$1,819", "2014-03-31": "$2,393", "2013-12-31": "$1,377", "2013-09-30": "$2,217", "2013-06-30": "$2,690", "2013-03-31": "$2,088", "2012-12-31": "$1,212", "2012-09-30": "$1,627", "2012-06-30": "$1,462", "2012-03-31": "$1,430", "2011-12-31": "$990", "2011-09-30": "$1,524", "2011-06-30": "$1,472", "2011-03-31": "$1,411", "2010-12-31": "$1,138", "2010-09-30": "$1,143", "2010-06-30": "$1,251", "2010-03-31": "$1,630", "2009-12-31": "$1,130", "2009-09-30": "$1,222", "2009-06-30": "$1,874", "2009-03-31": "$861", "2008-12-31": "$727", "2008-09-30": "$1,367", "2008-06-30": "$1,574", "2008-03-31": "$66", "2007-12-31": "$908", "2007-09-30": "$57", "2007-06-30": "$45", "2007-03-31": "$41", "2006-12-31": "$40", "2006-09-30": "$43", "2006-06-30": "$38", "2006-03-31": "$35", "2005-12-31": "$35", "2005-09-30": "$47", "2005-06-30": "$39", "2005-03-31": "$31"}}, "total-share-holder-equity": {"BGC Partners Annual Share Holder Equity (Millions of US $)": {"2019": "$744", "2018": "$863", "2017": "$1,140", "2016": "$1,634", "2015": "$1,232", "2014": "$582", "2013": "$703", "2012": "$427", "2011": "$415", "2010": "$332", "2009": "$334", "2008": "$341", "2007": "$469", "2006": "$253", "2005": "$246"}, "BGC Partners Quarterly Share Holder Equity (Millions of US $)": {"2020-09-30": "$803", "2020-06-30": "$763", "2020-03-31": "$716", "2019-12-31": "$744", "2019-09-30": "$800", "2019-06-30": "$851", "2019-03-31": "$879", "2018-12-31": "$863", "2018-09-30": "$1,890", "2018-06-30": "$1,667", "2018-03-31": "$1,439", "2017-12-31": "$1,140", "2017-09-30": "$881", "2017-06-30": "$1,119", "2017-03-31": "$1,141", "2016-12-31": "$1,634", "2016-09-30": "$1,187", "2016-06-30": "$1,152", "2016-03-31": "$1,169", "2015-12-31": "$1,232", "2015-09-30": "$975", "2015-06-30": "$726", "2015-03-31": "$579", "2014-12-31": "$582", "2014-09-30": "$641", "2014-06-30": "$634", "2014-03-31": "$680", "2013-12-31": "$703", "2013-09-30": "$731", "2013-06-30": "$759", "2013-03-31": "$412", "2012-12-31": "$427", "2012-09-30": "$396", "2012-06-30": "$413", "2012-03-31": "$423", "2011-12-31": "$415", "2011-09-30": "$378", "2011-06-30": "$357", "2011-03-31": "$347", "2010-12-31": "$332", "2010-09-30": "$328", "2010-06-30": "$315", "2010-03-31": "$292", "2009-12-31": "$334", "2009-09-30": "$341", "2009-06-30": "$341", "2009-03-31": "$335", "2008-12-31": "$341", "2008-09-30": "$186", "2008-06-30": "$207", "2008-03-31": "$235", "2007-12-31": "$469", "2007-09-30": "$244", "2007-06-30": "$249", "2007-03-31": "$257", "2006-12-31": "$253", "2006-09-30": "$251", "2006-06-30": "$251", "2006-03-31": "$250", "2005-12-31": "$246", "2005-09-30": "$246", "2005-06-30": "$253", "2005-03-31": "$261"}}, "profit-margins": {"current": "2.21%"}, "gross margin": {"2020-09-30": "97.04%", "2020-06-30": "97.00%", "2020-03-31": "96.85%", "2019-12-31": "96.96%", "2019-09-30": "96.88%", "2019-06-30": "96.83%", "2019-03-31": "96.83%", "2018-12-31": "96.85%", "2018-09-30": "97.01%", "2018-06-30": "97.71%", "2018-03-31": "98.18%", "2017-12-31": "98.48%", "2017-09-30": "97.93%", "2017-06-30": "97.89%", "2017-03-31": "97.70%", "2016-12-31": "97.56%", "2016-09-30": "98.70%", "2016-06-30": "98.67%", "2016-03-31": "98.68%", "2015-12-31": "98.71%", "2015-09-30": "98.75%", "2015-06-30": "98.79%", "2015-03-31": "98.89%", "2014-12-31": "98.99%", "2014-09-30": "98.89%", "2014-06-30": "98.87%", "2014-03-31": "99.19%", "2013-12-31": "99.11%", "2013-09-30": "99.11%", "2013-06-30": "99.13%", "2013-03-31": "98.76%", "2012-12-31": "98.73%", "2012-09-30": "98.60%", "2012-06-30": "98.42%", "2012-03-31": "98.26%", "2011-12-31": "98.23%", "2011-09-30": "98.18%", "2011-06-30": "98.26%", "2011-03-31": "98.37%", "2010-12-31": "98.42%", "2010-09-30": "98.47%", "2010-06-30": "98.50%", "2010-03-31": "98.53%", "2009-12-31": "98.54%", "2009-09-30": "98.00%", "2009-06-30": "98.02%", "2009-03-31": "97.87%", "2008-12-31": "97.96%", "2008-09-30": "97.86%", "2008-06-30": "97.99%", "2008-03-31": "98.16%", "2007-12-31": "98.03%", "2007-09-30": "99.63%", "2007-06-30": "99.72%", "2007-03-31": "100.00%", "2006-12-31": "100.00%", "2006-09-30": "100.00%", "2006-06-30": "100.00%", "2006-03-31": "100.00%", "2005-12-31": "100.00%"}, "operating margin": {"2020-09-30": "6.69%", "2020-06-30": "5.45%", "2020-03-31": "4.81%", "2019-12-31": "7.60%", "2019-09-30": "7.78%", "2019-06-30": "9.86%", "2019-03-31": "10.32%", "2018-12-31": "8.46%", "2018-09-30": "6.88%", "2018-06-30": "6.59%", "2018-03-31": "7.98%", "2017-12-31": "7.30%", "2017-09-30": "10.48%", "2017-06-30": "10.73%", "2017-03-31": "7.19%", "2016-12-31": "5.53%", "2016-09-30": "1.51%", "2016-06-30": "0.42%", "2016-03-31": "0.45%", "2015-12-31": "-0.07%", "2015-09-30": "1.63%", "2015-06-30": "-0.19%", "2015-03-31": "-0.74%", "2014-12-31": "-0.50%", "2014-09-30": "2.91%", "2014-06-30": "4.56%", "2014-03-31": "11.00%", "2013-12-31": "10.92%", "2013-09-30": "12.69%", "2013-06-30": "12.11%", "2013-03-31": "5.57%", "2012-12-31": "5.91%", "2012-09-30": "4.33%", "2012-06-30": "3.80%", "2012-03-31": "5.08%", "2011-12-31": "5.39%", "2011-09-30": "6.28%", "2011-06-30": "8.56%", "2011-03-31": "8.22%", "2010-12-31": "5.33%", "2010-09-30": "4.28%", "2010-06-30": "2.92%", "2010-03-31": "3.27%", "2009-12-31": "6.45%", "2009-09-30": "5.57%", "2009-06-30": "6.28%", "2009-03-31": "7.23%", "2008-12-31": "2.36%", "2008-09-30": "3.46%", "2008-06-30": "3.60%", "2008-03-31": "2.55%", "2007-12-31": "6.18%", "2007-09-30": "-2.08%", "2007-06-30": "-4.50%", "2007-03-31": "-8.20%", "2006-12-31": "-7.95%", "2006-09-30": "2.55%", "2006-06-30": "3.80%", "2006-03-31": "5.77%", "2005-12-31": "5.26%"}, "ebitda margin": {"2020-09-30": "13.66%", "2020-06-30": "12.11%", "2020-03-31": "10.87%", "2019-12-31": "13.26%", "2019-09-30": "13.30%", "2019-06-30": "14.82%", "2019-03-31": "15.02%", "2018-12-31": "12.80%", "2018-09-30": "6.46%", "2018-06-30": "8.40%", "2018-03-31": "10.71%", "2017-12-31": "10.58%", "2017-09-30": "15.98%", "2017-06-30": "17.92%", "2017-03-31": "13.97%", "2016-12-31": "12.15%", "2016-09-30": "11.33%", "2016-06-30": "8.42%", "2016-03-31": "8.62%", "2015-12-31": "8.26%", "2015-09-30": "6.61%", "2015-06-30": "4.48%", "2015-03-31": "3.65%", "2014-12-31": "3.75%", "2014-09-30": "7.21%", "2014-06-30": "18.67%", "2014-03-31": "20.87%", "2013-12-31": "20.99%", "2013-09-30": "22.88%", "2013-06-30": "16.00%", "2013-03-31": "10.92%", "2012-12-31": "11.24%", "2012-09-30": "9.70%", "2012-06-30": "9.11%", "2012-03-31": "10.57%", "2011-12-31": "10.99%", "2011-09-30": "12.29%", "2011-06-30": "14.87%", "2011-03-31": "14.96%", "2010-12-31": "12.16%", "2010-09-30": "11.25%", "2010-06-30": "9.93%", "2010-03-31": "10.37%", "2009-12-31": "13.86%", "2009-09-30": "12.70%", "2009-06-30": "13.51%", "2009-03-31": "14.38%", "2008-12-31": "9.45%", "2008-09-30": "9.68%", "2008-06-30": "9.76%", "2008-03-31": "10.34%", "2007-12-31": "14.77%", "2007-09-30": "8.45%", "2007-06-30": "7.44%", "2007-03-31": "3.16%", "2006-12-31": "3.51%", "2006-09-30": "26.11%", "2006-06-30": "26.58%", "2006-03-31": "27.56%", "2005-12-31": "25.66%"}, "pre tax profit margin": {"2020-09-30": "4.02%", "2020-06-30": "2.96%", "2020-03-31": "2.41%", "2019-12-31": "6.61%", "2019-09-30": "6.67%", "2019-06-30": "9.56%", "2019-03-31": "10.37%", "2018-12-31": "9.29%", "2018-09-30": "6.99%", "2018-06-30": "9.32%", "2018-03-31": "9.84%", "2017-12-31": "7.71%", "2017-09-30": "11.14%", "2017-06-30": "11.84%", "2017-03-31": "9.37%", "2016-12-31": "7.72%", "2016-09-30": "17.00%", "2016-06-30": "15.13%", "2016-03-31": "14.63%", "2015-12-31": "15.73%", "2015-09-30": "3.22%", "2015-06-30": "1.12%", "2015-03-31": "1.16%", "2014-12-31": "-0.17%", "2014-09-30": "3.32%", "2014-06-30": "4.15%", "2014-03-31": "10.68%", "2013-12-31": "10.80%", "2013-09-30": "11.84%", "2013-06-30": "10.12%", "2013-03-31": "2.87%", "2012-12-31": "3.24%", "2012-09-30": "2.32%", "2012-06-30": "1.90%", "2012-03-31": "3.28%", "2011-12-31": "3.75%", "2011-09-30": "4.96%", "2011-06-30": "7.32%", "2011-03-31": "7.11%", "2010-12-31": "4.28%", "2010-09-30": "3.29%", "2010-06-30": "1.97%", "2010-03-31": "2.37%", "2009-12-31": "5.51%", "2009-09-30": "4.35%", "2009-06-30": "5.16%", "2009-03-31": "5.96%", "2008-12-31": "0.73%", "2008-09-30": "1.80%", "2008-06-30": "1.59%", "2008-03-31": "0.14%", "2007-12-31": "3.85%", "2007-09-30": "-5.34%", "2007-06-30": "-8.09%", "2007-03-31": "-11.71%", "2006-12-31": "-11.46%", "2006-09-30": "0.64%", "2006-06-30": "3.16%", "2006-03-31": "2.56%", "2005-12-31": "1.97%"}, "net profit margin": {"2020-09-30": "2.18%", "2020-06-30": "1.03%", "2020-03-31": "0.37%", "2019-12-31": "2.66%", "2019-09-30": "2.64%", "2019-06-30": "8.87%", "2019-03-31": "10.21%", "2018-12-31": "10.17%", "2018-09-30": "4.94%", "2018-06-30": "2.46%", "2018-03-31": "2.81%", "2017-12-31": "1.80%", "2017-09-30": "12.25%", "2017-06-30": "13.11%", "2017-03-31": "12.32%", "2016-12-31": "11.90%", "2016-09-30": "7.28%", "2016-06-30": "5.70%", "2016-03-31": "5.49%", "2015-12-31": "5.71%", "2015-09-30": "1.76%", "2015-06-30": "0.51%", "2015-03-31": "0.53%", "2014-12-31": "0.22%", "2014-09-30": "1.57%", "2014-06-30": "2.67%", "2014-03-31": "2.88%", "2013-12-31": "2.84%", "2013-09-30": "3.22%", "2013-06-30": "2.18%", "2013-03-31": "1.30%", "2012-12-31": "1.39%", "2012-09-30": "0.85%", "2012-06-30": "0.76%", "2012-03-31": "1.34%", "2011-12-31": "1.43%", "2011-09-30": "2.03%", "2011-06-30": "2.68%", "2011-03-31": "2.52%", "2010-12-31": "1.58%", "2010-09-30": "0.84%", "2010-06-30": "0.55%", "2010-03-31": "0.65%", "2009-12-31": "1.72%", "2009-09-30": "1.57%", "2009-06-30": "1.98%", "2009-03-31": "2.30%", "2008-12-31": "-2.44%", "2008-09-30": "-1.59%", "2008-06-30": "-1.39%", "2008-03-31": "-1.35%", "2007-12-31": "2.78%", "2007-09-30": "-6.23%", "2007-06-30": "-8.73%", "2007-03-31": "-12.65%", "2006-12-31": "-12.51%", "2006-09-30": "0.64%", "2006-06-30": "2.53%", "2006-03-31": "1.92%", "2005-12-31": "1.32%"}, "pe ratio": {"current": "7.08", "2021-02-05": "36.68", "2020-09-30": "21.76", "2020-06-30": "54.44", "2020-03-31": "0.00", "2019-12-31": "38.16", "2019-09-30": "36.93", "2019-06-30": "9.57", "2019-03-31": "8.27", "2018-12-31": "7.73", "2018-09-30": "43.86", "2018-06-30": "59.46", "2018-03-31": "85.69", "2017-12-31": "0.00", "2017-09-30": "24.86", "2017-06-30": "25.16", "2017-03-31": "22.82", "2016-12-31": "20.80", "2016-09-30": "11.88", "2016-06-30": "13.00", "2016-03-31": "13.83", "2015-12-31": "14.45", "2015-09-30": "34.36", "2015-06-30": "122.53", "2015-03-31": "163.00", "2014-12-31": "311.46", "2014-09-30": "41.59", "2014-06-30": "24.60", "2014-03-31": "12.15", "2013-12-31": "11.05", "2013-09-30": "8.40", "2013-06-30": "11.64", "2013-03-31": "17.83", "2012-12-31": "12.62", "2012-09-30": "27.59", "2012-06-30": "39.93", "2012-03-31": "24.52", "2011-12-31": "16.21", "2011-09-30": "10.88", "2011-06-30": "10.30", "2011-03-31": "12.13", "2010-12-31": "17.20", "2010-09-30": "15.51", "2010-06-30": "16.63", "2010-03-31": "18.16", "2009-12-31": "6.79", "2009-09-30": "8.06", "2009-06-30": "6.71", "2009-03-31": "3.03", "2008-12-31": "5.84", "2008-09-30": "0.00", "2008-06-30": "0.00", "2008-03-31": "0.00", "2007-12-31": "0.00", "2007-09-30": "0.00", "2007-06-30": "0.00", "2007-03-31": "60.28", "2006-12-31": "41.54"}, "price sales": {"2021-02-05": "1.05", "2020-09-30": "0.63", "2020-06-30": "0.60", "2020-03-31": "0.54", "2019-12-31": "1.26", "2019-09-30": "1.14", "2019-06-30": "1.17", "2019-03-31": "1.03", "2018-12-31": "0.98", "2018-09-30": "1.96", "2018-06-30": "1.61", "2018-03-31": "1.78", "2017-12-31": "1.78", "2017-09-30": "3.13", "2017-06-30": "2.77", "2017-03-31": "2.74", "2016-12-31": "2.67", "2016-09-30": "0.86", "2016-06-30": "0.83", "2016-03-31": "0.82", "2015-12-31": "0.86", "2015-09-30": "0.79", "2015-06-30": "0.88", "2015-03-31": "1.01", "2014-12-31": "1.01", "2014-09-30": "0.94", "2014-06-30": "0.96", "2014-03-31": "0.61", "2013-12-31": "0.55", "2013-09-30": "0.49", "2013-06-30": "0.40", "2013-03-31": "0.33", "2012-12-31": "0.26", "2012-09-30": "0.30", "2012-06-30": "0.35", "2012-03-31": "0.43", "2011-12-31": "0.34", "2011-09-30": "0.41", "2011-06-30": "0.65", "2011-03-31": "0.77", "2010-12-31": "0.46", "2010-09-30": "0.33", "2010-06-30": "0.28", "2010-03-31": "0.33", "2009-12-31": "0.37", "2009-09-30": "0.33", "2009-06-30": "0.28", "2009-03-31": "0.15", "2008-12-31": "0.17", "2008-09-30": "0.22", "2008-06-30": "0.37", "2008-03-31": "0.58", "2007-12-31": "0.65", "2007-09-30": "0.41", "2007-06-30": "0.47", "2007-03-31": "0.57", "2006-12-31": "0.52"}, "price book": {"current": "1.82", "2021-02-05": "1.82", "2020-09-30": "1.08", "2020-06-30": "1.28", "2020-03-31": "1.24", "2019-12-31": "2.72", "2019-09-30": "2.25", "2019-06-30": "1.93", "2019-03-31": "1.82", "2018-12-31": "1.75", "2018-09-30": "1.75", "2018-06-30": "1.86", "2018-03-31": "2.43", "2017-12-31": "3.16", "2017-09-30": "3.81", "2017-06-30": "2.57", "2017-03-31": "2.21", "2016-12-31": "1.35", "2016-09-30": "1.56", "2016-06-30": "1.56", "2016-03-31": "1.54", "2015-12-31": "1.46", "2015-09-30": "1.50", "2015-06-30": "2.10", "2015-03-31": "2.50", "2014-12-31": "2.35", "2014-09-30": "1.72", "2014-06-30": "1.70", "2014-03-31": "1.38", "2013-12-31": "1.19", "2013-09-30": "1.03", "2013-06-30": "0.81", "2013-03-31": "1.00", "2012-12-31": "0.75", "2012-09-30": "1.05", "2012-06-30": "1.11", "2012-03-31": "1.29", "2011-12-31": "0.98", "2011-09-30": "1.02", "2011-06-30": "1.29", "2011-03-31": "1.29", "2010-12-31": "1.15", "2010-09-30": "0.80", "2010-06-30": "0.66", "2010-03-31": "0.77", "2009-12-31": "0.50", "2009-09-30": "0.44", "2009-06-30": "0.38", "2009-03-31": "0.21", "2008-12-31": "0.26", "2008-09-30": "0.73", "2008-06-30": "1.15", "2008-03-31": "0.96", "2007-12-31": "0.47", "2007-09-30": "0.67", "2007-06-30": "0.75", "2007-03-31": "0.80", "2006-12-31": "0.66", "2006-09-30": "0.70", "2006-06-30": "0.64", "2006-03-31": "0.61"}, "price fcf": {"2021-02-05": "", "2020-09-30": "$0.20", "2020-06-30": "$0.29", "2020-03-31": "$0.27", "2019-12-31": "$0.27", "2019-09-30": "$1.13", "2019-06-30": "$0.83", "2019-03-31": "$0.32", "2018-12-31": "$-0.28", "2018-09-30": "$-1.65", "2018-06-30": "$-0.82", "2018-03-31": "$-0.51", "2017-12-31": "$1.15", "2017-09-30": "$2.32", "2017-06-30": "$1.55", "2017-03-31": "$0.90", "2016-12-31": "$-0.52", "2016-09-30": "$0.81", "2016-06-30": "$1.11", "2016-03-31": "$1.91", "2015-12-31": "$2.19", "2015-09-30": "$0.66", "2015-06-30": "$0.49", "2015-03-31": "$0.45", "2014-12-31": "$0.63", "2014-09-30": "$0.37", "2014-06-30": "$0.34", "2014-03-31": "$0.40", "2013-12-31": "$0.40", "2013-09-30": "$0.26", "2013-06-30": "$0.34", "2013-03-31": "$0.51", "2012-12-31": "$0.43", "2012-09-30": "$0.70", "2012-06-30": "$0.68", "2012-03-31": "$0.06", "2011-12-31": "$0.36", "2011-09-30": "$0.40", "2011-06-30": "$0.22", "2011-03-31": "$0.76", "2010-12-31": "$0.07", "2010-09-30": "$0.06", "2010-06-30": "$0.40", "2010-03-31": "$0.51", "2009-12-31": "$1.56", "2009-09-30": "$1.32", "2009-06-30": "$1.08", "2009-03-31": "$1.78", "2008-12-31": "$0.27", "2008-09-30": "$1.04", "2008-06-30": "$1.55", "2008-03-31": "$0.38", "2007-12-31": "$1.44", "2007-09-30": "$-0.16", "2007-06-30": "$-0.49", "2007-03-31": "$-0.40", "2006-12-31": "$-0.55"}, "net worth": {"value": "$1.46B"}, "current ratio": {"2020-09-30": "0.80", "2020-06-30": "1.22", "2020-03-31": "0.84", "2019-12-31": "0.75", "2019-09-30": "1.08", "2019-06-30": "1.11", "2019-03-31": "1.11", "2018-12-31": "1.23", "2018-09-30": "1.15", "2018-06-30": "1.16", "2018-03-31": "1.14", "2017-12-31": "1.24", "2017-09-30": "1.32", "2017-06-30": "1.15", "2017-03-31": "1.17", "2016-12-31": "1.82", "2016-09-30": "1.25", "2016-06-30": "1.29", "2016-03-31": "1.20", "2015-12-31": "1.33", "2015-09-30": "1.03", "2015-06-30": "1.07", "2015-03-31": "1.06", "2014-12-31": "1.40", "2014-09-30": "1.33", "2014-06-30": "1.43", "2014-03-31": "1.33", "2013-12-31": "1.75", "2013-09-30": "1.45", "2013-06-30": "1.36", "2013-03-31": "1.31", "2012-12-31": "1.74", "2012-09-30": "1.43", "2012-06-30": "1.53", "2012-03-31": "1.39", "2011-12-31": "1.75", "2011-09-30": "1.42", "2011-06-30": "1.27", "2011-03-31": "1.27", "2010-12-31": "1.33", "2010-09-30": "1.31", "2010-06-30": "1.28", "2010-03-31": "1.19", "2009-12-31": "1.34", "2009-09-30": "1.33", "2009-06-30": "1.18", "2009-03-31": "1.48", "2008-12-31": "1.63", "2008-09-30": "1.29", "2008-06-30": "1.21", "2008-03-31": "2.88", "2007-12-31": "1.36", "2007-09-30": "3.69", "2007-06-30": "5.12", "2007-03-31": "5.27", "2006-12-31": "5.89", "2006-09-30": "5.32", "2006-06-30": "5.80", "2006-03-31": "6.51", "2005-12-31": "6.55", "2005-09-30": "4.74", "2005-06-30": "5.77", "2005-03-31": "8.14"}, "quick ratio": {"2020-09-30": "0.00", "2020-06-30": "0.00", "2020-03-31": "0.00", "2019-12-31": "0.00", "2019-09-30": "0.00", "2019-06-30": "1.09", "2019-03-31": "1.09", "2018-12-31": "0.00", "2018-09-30": "0.00", "2018-06-30": "1.14", "2018-03-31": "1.12", "2017-12-31": "1.22", "2017-09-30": "1.31", "2017-06-30": "1.13", "2017-03-31": "1.16", "2016-12-31": "1.80", "2016-09-30": "1.17", "2016-06-30": "1.18", "2016-03-31": "1.19", "2015-12-31": "1.31", "2015-09-30": "1.01", "2015-06-30": "1.06", "2015-03-31": "1.05", "2014-12-31": "1.38", "2014-09-30": "1.31", "2014-06-30": "1.40", "2014-03-31": "1.31", "2013-12-31": "1.71", "2013-09-30": "1.44", "2013-06-30": "0.00", "2013-03-31": "0.00", "2012-12-31": "1.69", "2012-09-30": "0.00", "2012-06-30": "0.00", "2012-03-31": "1.35", "2011-12-31": "0.00", "2011-09-30": "0.00", "2011-06-30": "1.26", "2011-03-31": "1.26", "2010-12-31": "1.32", "2010-09-30": "1.30", "2010-06-30": "1.27", "2010-03-31": "1.19", "2009-12-31": "1.34", "2009-09-30": "1.33", "2009-06-30": "0.79", "2009-03-31": "1.48", "2008-12-31": "1.63", "2008-09-30": "1.27", "2008-06-30": "1.19", "2008-03-31": "2.84", "2007-12-31": "1.31", "2007-09-30": "0.00", "2007-06-30": "0.00", "2007-03-31": "0.00", "2006-12-31": "0.00", "2006-09-30": "0.00", "2006-06-30": "0.00", "2006-03-31": "0.00", "2005-12-31": "0.00", "2005-09-30": "0.00", "2005-06-30": "0.00", "2005-03-31": "0.00"}, "debt equity ratio": {"current": "0.00", "2020-09-30": "4.72", "2020-06-30": "4.90", "2020-03-31": "7.00", "2019-12-31": "4.27", "2019-09-30": "7.19", "2019-06-30": "5.33", "2019-03-31": "4.74", "2018-12-31": "2.98", "2018-09-30": "3.62", "2018-06-30": "3.11", "2018-03-31": "3.71", "2017-12-31": "3.76", "2017-09-30": "7.23", "2017-06-30": "3.63", "2017-03-31": "3.30", "2016-12-31": "2.09", "2016-09-30": "3.05", "2016-06-30": "3.44", "2016-03-31": "2.89", "2015-12-31": "2.23", "2015-09-30": "3.22", "2015-06-30": "4.47", "2015-03-31": "8.14", "2014-12-31": "3.73", "2014-09-30": "3.19", "2014-06-30": "2.87", "2014-03-31": "3.52", "2013-12-31": "1.96", "2013-09-30": "3.04", "2013-06-30": "3.55", "2013-03-31": "5.07", "2012-12-31": "2.84", "2012-09-30": "4.11", "2012-06-30": "3.54", "2012-03-31": "3.38", "2011-12-31": "2.39", "2011-09-30": "4.03", "2011-06-30": "4.12", "2011-03-31": "4.06", "2010-12-31": "3.43", "2010-09-30": "3.49", "2010-06-30": "3.97", "2010-03-31": "5.59", "2009-12-31": "3.38", "2009-09-30": "3.58", "2009-06-30": "5.49", "2009-03-31": "2.57", "2008-12-31": "2.13", "2008-09-30": "7.36", "2008-06-30": "7.62", "2008-03-31": "0.28", "2007-12-31": "1.94", "2007-09-30": "0.24", "2007-06-30": "0.18", "2007-03-31": "0.16", "2006-12-31": "0.16", "2006-09-30": "0.17", "2006-06-30": "0.15", "2006-03-31": "0.14", "2005-12-31": "0.14", "2005-09-30": "0.19", "2005-06-30": "0.16", "2005-03-31": "0.12"}, "return on equity": {"2020-09-30": "5.95%", "2020-06-30": "2.91%", "2020-03-31": "1.03%", "2019-12-31": "6.84%", "2019-09-30": "6.48%", "2019-06-30": "15.97%", "2019-03-31": "15.10%", "2018-12-31": "13.45%", "2018-09-30": "6.13%", "2018-06-30": "4.37%", "2018-03-31": "6.46%", "2017-12-31": "4.86%", "2017-09-30": "20.36%", "2017-06-30": "19.52%", "2017-03-31": "16.35%", "2016-12-31": "14.39%", "2016-09-30": "17.89%", "2016-06-30": "14.40%", "2016-03-31": "15.41%", "2015-12-31": "18.11%", "2015-09-30": "5.87%", "2015-06-30": "1.74%", "2015-03-31": "1.64%", "2014-12-31": "0.63%", "2014-09-30": "4.06%", "2014-06-30": "6.55%", "2014-03-31": "9.89%", "2013-12-31": "10.75%", "2013-09-30": "13.74%", "2013-06-30": "11.03%", "2013-03-31": "5.58%", "2012-12-31": "5.79%", "2012-09-30": "3.40%", "2012-06-30": "2.95%", "2012-03-31": "5.09%", "2011-12-31": "5.61%", "2011-09-30": "8.20%", "2011-06-30": "10.85%", "2011-03-31": "10.29%", "2010-12-31": "6.63%", "2010-09-30": "3.47%", "2010-06-30": "2.18%", "2010-03-31": "2.45%", "2009-12-31": "5.92%", "2009-09-30": "5.30%", "2009-06-30": "7.65%", "2009-03-31": "10.10%", "2008-12-31": "-12.38%", "2008-09-30": "-8.39%", "2008-06-30": "-6.93%", "2008-03-31": "-6.35%", "2007-12-31": "10.17%", "2007-09-30": "-33.50%", "2007-06-30": "-37.62%", "2007-03-31": "-42.69%", "2006-12-31": "-42.59%", "2006-09-30": "0.40%", "2006-06-30": "1.61%", "2006-03-31": "1.21%", "2005-12-31": "0.80%"}, "return on assets": {"2020-09-30": "0.96%", "2020-06-30": "0.43%", "2020-03-31": "0.15%", "2019-12-31": "1.07%", "2019-09-30": "1.08%", "2019-06-30": "3.17%", "2019-03-31": "3.33%", "2018-12-31": "3.06%", "2018-09-30": "1.35%", "2018-06-30": "0.85%", "2018-03-31": "1.20%", "2017-12-31": "0.91%", "2017-09-30": "4.34%", "2017-06-30": "4.97%", "2017-03-31": "4.21%", "2016-12-31": "3.79%", "2016-09-30": "4.59%", "2016-06-30": "3.67%", "2016-03-31": "3.80%", "2015-12-31": "3.66%", "2015-09-30": "1.04%", "2015-06-30": "0.30%", "2015-03-31": "0.30%", "2014-12-31": "0.15%", "2014-09-30": "1.05%", "2014-06-30": "1.71%", "2014-03-31": "2.46%", "2013-12-31": "2.55%", "2013-09-30": "3.04%", "2013-06-30": "2.29%", "2013-03-31": "1.14%", "2012-12-31": "1.30%", "2012-09-30": "0.78%", "2012-06-30": "0.68%", "2012-03-31": "1.14%", "2011-12-31": "1.22%", "2011-09-30": "1.67%", "2011-06-30": "2.27%", "2011-03-31": "2.17%", "2010-12-31": "1.31%", "2010-09-30": "0.69%", "2010-06-30": "0.43%", "2010-03-31": "0.45%", "2009-12-31": "1.24%", "2009-09-30": "1.19%", "2009-06-30": "1.53%", "2009-03-31": "1.93%", "2008-12-31": "-2.55%", "2008-09-30": "-1.84%", "2008-06-30": "-2.13%", "2008-03-31": "-3.34%", "2007-12-31": "5.46%", "2007-09-30": "-28.31%", "2007-06-30": "-32.23%", "2007-03-31": "-36.80%", "2006-12-31": "-36.86%", "2006-09-30": "0.35%", "2006-06-30": "1.39%", "2006-03-31": "1.04%", "2005-12-31": "0.69%"}, "return on investments": {"2020-09-30": "26.87%", "2020-06-30": "11.72%", "2020-03-31": "10.89%", "2019-12-31": "11.22%", "2019-09-30": "8.84%", "2019-06-30": "9.21%", "2019-03-31": "8.34%", "2018-12-31": "6.16%", "2018-09-30": "4.88%", "2018-06-30": "5.44%", "2018-03-31": "8.25%", "2017-12-31": "8.94%", "2017-09-30": "7.55%", "2017-06-30": "8.39%", "2017-03-31": "4.94%", "2016-12-31": "3.52%", "2016-09-30": "2.06%", "2016-06-30": "0.59%", "2016-03-31": "0.70%", "2015-12-31": "-0.11%", "2015-09-30": "2.50%", "2015-06-30": "-0.29%", "2015-03-31": "-1.13%", "2014-12-31": "-0.81%", "2014-09-30": "4.66%", "2014-06-30": "7.01%", "2014-03-31": "23.90%", "2013-12-31": "24.99%", "2013-09-30": "30.94%", "2013-06-30": "32.44%", "2013-03-31": "11.50%", "2012-12-31": "12.19%", "2012-09-30": "8.83%", "2012-06-30": "7.77%", "2012-03-31": "10.99%", "2011-12-31": "12.45%", "2011-09-30": "15.56%", "2011-06-30": "22.44%", "2011-03-31": "21.78%", "2010-12-31": "14.46%", "2010-09-30": "11.52%", "2010-06-30": "7.59%", "2010-03-31": "8.16%", "2009-12-31": "15.09%", "2009-09-30": "12.95%", "2009-06-30": "16.20%", "2009-03-31": "20.37%", "2008-12-31": "9.80%", "2008-09-30": "14.72%", "2008-06-30": "20.33%", "2008-03-31": "21.62%", "2007-12-31": "41.44%", "2007-09-30": "inf%", "2007-06-30": "inf%", "2007-03-31": "inf%", "2006-12-31": "inf%", "2006-09-30": "inf%", "2006-06-30": "inf%", "2006-03-31": "inf%", "2005-12-31": "inf%"}, "return on tangible equity": {"2020-09-30": "-47.49%", "2020-06-30": "-22.11%", "2020-03-31": "-9.64%", "2019-12-31": "-114.87%", "2019-09-30": "-1000.00%", "2019-06-30": "286.40%", "2019-03-31": "266.67%", "2018-12-31": "736.45%", "2018-09-30": "86.84%", "2018-06-30": "-42.83%", "2018-03-31": "-46.69%", "2017-12-31": "-40.70%", "2017-09-30": "-135.00%", "2017-06-30": "608.59%", "2017-03-31": "234.17%", "2016-12-31": "133.33%", "2016-09-30": "150.35%", "2016-06-30": "517.46%", "2016-03-31": "-118.80%", "2015-12-31": "-49.84%", "2015-09-30": "-12.91%", "2015-06-30": "-6.98%", "2015-03-31": "11.53%", "2014-12-31": "1.10%", "2014-09-30": "5.95%", "2014-06-30": "9.04%", "2014-03-31": "13.31%", "2013-12-31": "14.96%", "2013-09-30": "20.09%", "2013-06-30": "17.23%", "2013-03-31": "9.65%", "2012-12-31": "9.71%", "2012-09-30": "5.58%", "2012-06-30": "4.54%", "2012-03-31": "7.49%", "2011-12-31": "7.97%", "2011-09-30": "11.24%", "2011-06-30": "15.16%", "2011-03-31": "14.45%", "2010-12-31": "9.42%", "2010-09-30": "4.89%", "2010-06-30": "3.04%", "2010-03-31": "3.38%", "2009-12-31": "8.01%", "2009-09-30": "7.08%", "2009-06-30": "10.57%", "2009-03-31": "14.52%", "2008-12-31": "-17.00%", "2008-09-30": "-11.00%", "2008-06-30": "-8.35%", "2008-03-31": "-7.14%", "2007-12-31": "11.42%", "2007-09-30": "-36.17%", "2007-06-30": "-40.73%", "2007-03-31": "-46.40%", "2006-12-31": "-46.52%", "2006-09-30": "0.44%", "2006-06-30": "1.78%", "2006-03-31": "1.34%", "2005-12-31": "0.88%"}, "dividend yield history": {"last payout": "$0.04", "last yield": "0.99%"}}