{"ticker": "TECH", "price": {"title": "Bio-Techne Corp Historical Annual Stock Price Data", "value": 380.67, "historical": {"2021": {"Average Stock Price": "343.3425", "Year Open": "314.6200", "Year High": "382.7300", "Year Low": "314.6200", "Year Close": "380.6700", "Annual % Change": "19.88%"}, "2020": {"Average Stock Price": "247.7781", "Year Open": "219.4600", "Year High": "321.8700", "Year Low": "161.1700", "Year Close": "317.5500", "Annual % Change": "44.66%"}, "2019": {"Average Stock Price": "198.1965", "Year Open": "141.9100", "Year High": "222.0900", "Year Low": "136.0900", "Year Close": "219.5100", "Annual % Change": "51.68%"}, "2018": {"Average Stock Price": "159.6951", "Year Open": "131.4600", "Year High": "204.1100", "Year Low": "131.4600", "Year Close": "144.7200", "Annual % Change": "11.71%"}, "2017": {"Average Stock Price": "114.6330", "Year Open": "102.6100", "Year High": "134.7500", "Year Low": "97.9000", "Year Close": "129.5500", "Annual % Change": "25.98%"}, "2016": {"Average Stock Price": "101.6069", "Year Open": "88.2300", "Year High": "115.1700", "Year Low": "81.2200", "Year Close": "102.8300", "Annual % Change": "14.26%"}, "2015": {"Average Stock Price": "96.6247", "Year Open": "91.4400", "Year High": "111.0600", "Year Low": "87.0000", "Year Close": "90.0000", "Annual % Change": "-2.60%"}, "2014": {"Average Stock Price": "90.9403", "Year Open": "94.1900", "Year High": "96.6900", "Year Low": "83.7400", "Year Close": "92.4000", "Annual % Change": "-2.40%"}, "2013": {"Average Stock Price": "74.5120", "Year Open": "69.3400", "Year High": "94.6700", "Year Low": "63.4200", "Year Close": "94.6700", "Annual % Change": "38.53%"}, "2012": {"Average Stock Price": "69.6373", "Year Open": "68.5800", "Year High": "76.0200", "Year Low": "65.1900", "Year Close": "68.3400", "Annual % Change": "0.12%"}, "2011": {"Average Stock Price": "72.4047", "Year Open": "66.4900", "Year High": "85.1300", "Year Low": "62.3700", "Year Close": "68.2600", "Annual % Change": "3.94%"}, "2010": {"Average Stock Price": "62.1573", "Year Open": "68.6800", "Year High": "68.6800", "Year Low": "56.1400", "Year Close": "65.6700", "Annual % Change": "-4.22%"}, "2009": {"Average Stock Price": "60.6913", "Year Open": "64.4700", "Year High": "69.6500", "Year Low": "45.6400", "Year Close": "68.5600", "Annual % Change": "6.26%"}, "2008": {"Average Stock Price": "70.7446", "Year Open": "67.1100", "Year High": "81.9000", "Year Low": "59.4900", "Year Close": "64.5200", "Annual % Change": "-2.32%"}, "2007": {"Average Stock Price": "60.5362", "Year Open": "56.1700", "Year High": "69.9000", "Year Low": "54.6800", "Year Close": "66.0500", "Annual % Change": "19.12%"}, "2006": {"Average Stock Price": "54.4261", "Year Open": "56.9600", "Year High": "60.1400", "Year Low": "45.6300", "Year Close": "55.4500", "Annual % Change": "-1.12%"}, "2005": {"Average Stock Price": "47.1188", "Year Open": "38.2900", "Year High": "58.4500", "Year Low": "33.1100", "Year Close": "56.0800", "Annual % Change": "44.16%"}, "2004": {"Average Stock Price": "39.2968", "Year Open": "38.0000", "Year High": "43.4500", "Year Low": "34.9600", "Year Close": "38.9000", "Annual % Change": "2.80%"}, "2003": {"Average Stock Price": "29.3388", "Year Open": "28.9900", "Year High": "39.0000", "Year Low": "18.9500", "Year Close": "37.8400", "Annual % Change": "32.45%"}, "2002": {"Average Stock Price": "29.8044", "Year Open": "35.9900", "Year High": "37.0500", "Year Low": "22.7900", "Year Close": "28.5700", "Annual % Change": "-22.47%"}, "2001": {"Average Stock Price": "30.2317", "Year Open": "33.6900", "Year High": "38.4100", "Year Low": "22.5000", "Year Close": "36.8500", "Annual % Change": "2.19%"}, "2000": {"Average Stock Price": "44.3085", "Year Open": "29.2500", "Year High": "74.0000", "Year Low": "25.9850", "Year Close": "36.0600", "Annual % Change": "30.98%"}, "1999": {"Average Stock Price": "15.3738", "Year Open": "10.5650", "Year High": "27.5300", "Year Low": "10.2500", "Year Close": "27.5300", "Annual % Change": "160.58%"}, "1998": {"Average Stock Price": "8.6826", "Year Open": "9.2500", "Year High": "10.5650", "Year Low": "6.1250", "Year Close": "10.5650", "Annual % Change": "19.04%"}, "1997": {"Average Stock Price": "7.2237", "Year Open": "6.2500", "Year High": "9.8750", "Year Low": "5.6875", "Year Close": "8.8750", "Annual % Change": "36.54%"}, "1996": {"Average Stock Price": "6.2233", "Year Open": "4.9700", "Year High": "7.9375", "Year Low": "4.5313", "Year Close": "6.5000", "Annual % Change": "29.16%"}, "1995": {"Average Stock Price": "4.0877", "Year Open": "2.5000", "Year High": "6.0325", "Year Low": "2.5000", "Year Close": "5.0325", "Annual % Change": "96.39%"}, "1994": {"Average Stock Price": "2.6292", "Year Open": "2.5625", "Year High": "3.1250", "Year Low": "2.1875", "Year Close": "2.5625", "Annual % Change": "-6.82%"}, "1993": {"Average Stock Price": "3.6056", "Year Open": "4.3125", "Year High": "4.6250", "Year Low": "2.4688", "Year Close": "2.7500", "Annual % Change": "-35.29%"}}}, "market cap": {"value": "$14.7B"}, "income statement": {"Revenue": {"2020-06-30": "738.69100", "2019-06-30": "714.00600", "2018-06-30": "642.99300", "2017-06-30": "563.00300", "2016-06-30": "499.02300", "2015-06-30": "452.24600", "2014-06-30": "357.76300", "2013-06-30": "310.57500", "2012-06-30": "314.56000", "2011-06-30": "289.96200", "2010-06-30": "269.04700", "2009-06-30": "263.95600", "2008-06-30": "257.42000", "2007-06-30": "223.48200", "2006-06-30": "202.61700", "2005-06-30": "178.65200"}, "Cost Of Goods Sold": {"2020-06-30": "255.49700", "2019-06-30": "240.51500", "2018-06-30": "210.85000", "2017-06-30": "188.46200", "2016-06-30": "162.36400", "2015-06-30": "144.96900", "2014-06-30": "106.35200", "2013-06-30": "79.46500", "2012-06-30": "78.75600", "2011-06-30": "65.02500", "2010-06-30": "54.89800", "2009-06-30": "55.92300", "2008-06-30": "52.88900", "2007-06-30": "46.66700", "2006-06-30": "45.71800", "2005-06-30": "36.81300"}, "Gross Profit": {"2020-06-30": "483.19400", "2019-06-30": "473.49100", "2018-06-30": "432.14300", "2017-06-30": "374.54100", "2016-06-30": "336.65900", "2015-06-30": "307.27700", "2014-06-30": "251.41100", "2013-06-30": "231.11000", "2012-06-30": "235.80400", "2011-06-30": "224.93700", "2010-06-30": "214.14900", "2009-06-30": "208.03300", "2008-06-30": "204.53100", "2007-06-30": "176.81500", "2006-06-30": "156.89900", "2005-06-30": "141.83900"}, "Research And Development Expenses": {"2020-06-30": "65.19200", "2019-06-30": "62.41300", "2018-06-30": "55.32900", "2017-06-30": "53.51400", "2016-06-30": "45.18700", "2015-06-30": "40.85300", "2014-06-30": "30.94500", "2013-06-30": "29.25700", "2012-06-30": "27.91200", "2011-06-30": "25.98500", "2010-06-30": "25.12100", "2009-06-30": "23.56400", "2008-06-30": "22.39400", "2007-06-30": "20.08200", "2006-06-30": "18.82500", "2005-06-30": "18.37900"}, "SG&A Expenses": {"2020-06-30": "260.58300", "2019-06-30": "264.35900", "2018-06-30": "240.63600", "2017-06-30": "200.44300", "2016-06-30": "140.87900", "2015-06-30": "119.40100", "2014-06-30": "60.71600", "2013-06-30": "43.38400", "2012-06-30": "41.68300", "2011-06-30": "35.89700", "2010-06-30": "32.70000", "2009-06-30": "33.68900", "2008-06-30": "36.71500", "2007-06-30": "30.96500", "2006-06-30": "27.60400", "2005-06-30": "24.47600"}, "Other Operating Income Or Expenses": {"2020-06-30": "", "2019-06-30": "", "2018-06-30": "", "2017-06-30": "", "2016-06-30": "", "2015-06-30": "", "2014-06-30": "", "2013-06-30": "", "2012-06-30": "", "2011-06-30": "", "2010-06-30": "", "2009-06-30": "", "2008-06-30": "", "2007-06-30": "", "2006-06-30": "", "2005-06-30": ""}, "Operating Expenses": {"2020-06-30": "581.27200", "2019-06-30": "567.28700", "2018-06-30": "506.81500", "2017-06-30": "442.41900", "2016-06-30": "348.43000", "2015-06-30": "305.22300", "2014-06-30": "198.01300", "2013-06-30": "152.10600", "2012-06-30": "148.35100", "2011-06-30": "126.90700", "2010-06-30": "112.71900", "2009-06-30": "113.17600", "2008-06-30": "113.13300", "2007-06-30": "99.32800", "2006-06-30": "94.11400", "2005-06-30": "80.88900"}, "Operating Income": {"2020-06-30": "157.41900", "2019-06-30": "146.71900", "2018-06-30": "136.17800", "2017-06-30": "120.58400", "2016-06-30": "150.59300", "2015-06-30": "147.02300", "2014-06-30": "159.75000", "2013-06-30": "158.46900", "2012-06-30": "166.20900", "2011-06-30": "163.05500", "2010-06-30": "156.32800", "2009-06-30": "150.78000", "2008-06-30": "144.28700", "2007-06-30": "124.15400", "2006-06-30": "108.50300", "2005-06-30": "97.76300"}, "Total Non-Operating Income/Expense": {"2020-06-30": "119.05800", "2019-06-30": "-34.70400", "2018-06-30": "-10.22600", "2017-06-30": "-8.62300", "2016-06-30": "-3.11200", "2015-06-30": "7.13900", "2014-06-30": "1.64200", "2013-06-30": "2.19300", "2012-06-30": "-4.01400", "2011-06-30": "1.92600", "2010-06-30": "0.11800", "2009-06-30": "4.58300", "2008-06-30": "9.54400", "2007-06-30": "4.77700", "2006-06-30": "2.66000", "2005-06-30": "2.12400"}, "Pre-Tax Income": {"2020-06-30": "276.47700", "2019-06-30": "112.01500", "2018-06-30": "125.95200", "2017-06-30": "111.96100", "2016-06-30": "147.48100", "2015-06-30": "154.16200", "2014-06-30": "161.39200", "2013-06-30": "160.66200", "2012-06-30": "162.19500", "2011-06-30": "164.98100", "2010-06-30": "156.44600", "2009-06-30": "155.36300", "2008-06-30": "153.83100", "2007-06-30": "128.93100", "2006-06-30": "111.16300", "2005-06-30": "99.88700"}, "Income Taxes": {"2020-06-30": "47.18100", "2019-06-30": "15.94300", "2018-06-30": "-0.19800", "2017-06-30": "35.87500", "2016-06-30": "43.00500", "2015-06-30": "46.42700", "2014-06-30": "50.44400", "2013-06-30": "48.10100", "2012-06-30": "49.86400", "2011-06-30": "52.67900", "2010-06-30": "46.67000", "2009-06-30": "50.12100", "2008-06-30": "50.27300", "2007-06-30": "43.82000", "2006-06-30": "37.81200", "2005-06-30": "33.75500"}, "Income After Taxes": {"2020-06-30": "229.29600", "2019-06-30": "96.07200", "2018-06-30": "126.15000", "2017-06-30": "76.08600", "2016-06-30": "104.47600", "2015-06-30": "107.73500", "2014-06-30": "110.94800", "2013-06-30": "112.56100", "2012-06-30": "112.33100", "2011-06-30": "112.30200", "2010-06-30": "109.77600", "2009-06-30": "105.24200", "2008-06-30": "103.55800", "2007-06-30": "85.11100", "2006-06-30": "73.35100", "2005-06-30": "66.13200"}, "Other Income": {"2020-06-30": "", "2019-06-30": "", "2018-06-30": "", "2017-06-30": "", "2016-06-30": "", "2015-06-30": "", "2014-06-30": "", "2013-06-30": "", "2012-06-30": "", "2011-06-30": "", "2010-06-30": "", "2009-06-30": "", "2008-06-30": "", "2007-06-30": "", "2006-06-30": "", "2005-06-30": ""}, "Income From Continuous Operations": {"2020-06-30": "229.29600", "2019-06-30": "96.07200", "2018-06-30": "126.15000", "2017-06-30": "76.08600", "2016-06-30": "104.47600", "2015-06-30": "107.73500", "2014-06-30": "110.94800", "2013-06-30": "112.56100", "2012-06-30": "112.33100", "2011-06-30": "112.30200", "2010-06-30": "109.77600", "2009-06-30": "105.24200", "2008-06-30": "103.55800", "2007-06-30": "85.11100", "2006-06-30": "73.35100", "2005-06-30": "66.13200"}, "Income From Discontinued Operations": {"2020-06-30": "", "2019-06-30": "", "2018-06-30": "", "2017-06-30": "", "2016-06-30": "", "2015-06-30": "", "2014-06-30": "", "2013-06-30": "", "2012-06-30": "", "2011-06-30": "", "2010-06-30": "", "2009-06-30": "", "2008-06-30": "", "2007-06-30": "", "2006-06-30": "", "2005-06-30": ""}, "Net Income": {"2020-06-30": "229.29600", "2019-06-30": "96.07200", "2018-06-30": "126.15000", "2017-06-30": "76.08600", "2016-06-30": "104.47600", "2015-06-30": "107.73500", "2014-06-30": "110.94800", "2013-06-30": "112.56100", "2012-06-30": "112.33100", "2011-06-30": "112.30200", "2010-06-30": "109.77600", "2009-06-30": "105.24200", "2008-06-30": "103.55800", "2007-06-30": "85.11100", "2006-06-30": "73.35100", "2005-06-30": "66.13200"}, "EBITDA": {"2020-06-30": "240.15600", "2019-06-30": "224.89000", "2018-06-30": "200.64100", "2017-06-30": "180.62000", "2016-06-30": "193.35700", "2015-06-30": "184.24900", "2014-06-30": "178.92500", "2013-06-30": "170.79000", "2012-06-30": "178.67600", "2011-06-30": "171.75500", "2010-06-30": "164.45800", "2009-06-30": "158.54600", "2008-06-30": "151.54600", "2007-06-30": "131.14800", "2006-06-30": "115.45800", "2005-06-30": "103.87100"}, "EBIT": {"2020-06-30": "157.41900", "2019-06-30": "146.71900", "2018-06-30": "136.17800", "2017-06-30": "120.58400", "2016-06-30": "150.59300", "2015-06-30": "147.02300", "2014-06-30": "159.75000", "2013-06-30": "158.46900", "2012-06-30": "166.20900", "2011-06-30": "163.05500", "2010-06-30": "156.32800", "2009-06-30": "150.78000", "2008-06-30": "144.28700", "2007-06-30": "124.15400", "2006-06-30": "108.50300", "2005-06-30": "97.76300"}, "Basic Shares Outstanding": {"2020-06-30": "38.20100", "2019-06-30": "37.78100", "2018-06-30": "37.47600", "2017-06-30": "37.31300", "2016-06-30": "37.19400", "2015-06-30": "37.09600", "2014-06-30": "36.89000", "2013-06-30": "36.83600", "2012-06-30": "36.93900", "2011-06-30": "37.09800", "2010-06-30": "37.25500", "2009-06-30": "37.80200", "2008-06-30": "39.13900", "2007-06-30": "39.40600", "2006-06-30": "39.04900", "2005-06-30": "40.35900"}, "Shares Outstanding": {"2020-06-30": "39.40100", "2019-06-30": "38.89200", "2018-06-30": "38.05500", "2017-06-30": "37.50000", "2016-06-30": "37.32600", "2015-06-30": "37.23100", "2014-06-30": "37.00500", "2013-06-30": "36.90000", "2012-06-30": "37.00600", "2011-06-30": "37.17200", "2010-06-30": "37.34700", "2009-06-30": "37.90000", "2008-06-30": "39.24700", "2007-06-30": "39.51300", "2006-06-30": "39.59400", "2005-06-30": "40.92000"}, "Basic EPS": {"2020-06-30": "6.00000", "2019-06-30": "2.54000", "2018-06-30": "3.36000", "2017-06-30": "2.04000", "2016-06-30": "2.81000", "2015-06-30": "2.90000", "2014-06-30": "3.01000", "2013-06-30": "3.06000", "2012-06-30": "3.04000", "2011-06-30": "3.03000", "2010-06-30": "2.95000", "2009-06-30": "2.78000", "2008-06-30": "2.65000", "2007-06-30": "2.16000", "2006-06-30": "1.88000", "2005-06-30": "1.64000"}, "EPS - Earnings Per Share": {"2020-06-30": "5.82000", "2019-06-30": "2.47000", "2018-06-30": "3.31000", "2017-06-30": "2.03000", "2016-06-30": "2.80000", "2015-06-30": "2.89000", "2014-06-30": "3.00000", "2013-06-30": "3.05000", "2012-06-30": "3.04000", "2011-06-30": "3.02000", "2010-06-30": "2.94000", "2009-06-30": "2.78000", "2008-06-30": "2.64000", "2007-06-30": "2.15000", "2006-06-30": "1.85000", "2005-06-30": "1.62000"}}, "income statement, quarterly": {"Revenue": {"2020-12-31": "224.25300", "2020-09-30": "204.19900", "2020-06-30": "175.83400", "2020-03-31": "194.68000", "2019-12-31": "184.93400", "2019-09-30": "183.24300", "2019-06-30": "191.66500", "2019-03-31": "184.86100", "2018-12-31": "174.51000", "2018-09-30": "162.97000", "2018-06-30": "180.25390", "2018-03-31": "163.97300", "2017-12-31": "154.15300", "2017-09-30": "144.61300", "2017-06-30": "156.57800", "2017-03-31": "144.03700", "2016-12-31": "131.80700", "2016-09-30": "130.58100", "2016-06-30": "134.76200", "2016-03-31": "130.97300", "2015-12-31": "120.90700", "2015-09-30": "112.38100", "2015-06-30": "117.66300", "2015-03-31": "114.15800", "2014-12-31": "111.94800", "2014-09-30": "108.47700", "2014-06-30": "92.52300", "2014-03-31": "95.55500", "2013-12-31": "84.01700", "2013-09-30": "85.66800", "2013-06-30": "79.47500", "2013-03-31": "80.99200", "2012-12-31": "75.08300", "2012-09-30": "75.02500", "2012-06-30": "78.68100", "2012-03-31": "83.62100", "2011-12-31": "74.66200", "2011-09-30": "77.59600", "2011-06-30": "78.03800", "2011-03-31": "76.27100", "2010-12-31": "67.70800", "2010-09-30": "67.94500", "2010-06-30": "66.71400", "2010-03-31": "70.27800", "2009-12-31": "65.52100", "2009-09-30": "66.53400", "2009-06-30": "64.89000", "2009-03-31": "67.86600", "2008-12-31": "61.87600", "2008-09-30": "69.32400", "2008-06-30": "67.76900", "2008-03-31": "69.52200", "2007-12-31": "62.14200", "2007-09-30": "57.98700", "2007-06-30": "58.42500", "2007-03-31": "60.19700", "2006-12-31": "52.50900", "2006-09-30": "52.35100", "2006-06-30": "52.06600", "2006-03-31": "54.81300", "2005-12-31": "48.02900", "2005-09-30": "47.70900", "2005-06-30": "47.55100", "2005-03-31": "47.93500"}, "Cost Of Goods Sold": {"2020-12-31": "73.35300", "2020-09-30": "66.46800", "2020-06-30": "62.52000", "2020-03-31": "64.61700", "2019-12-31": "63.53100", "2019-09-30": "64.82900", "2019-06-30": "63.40500", "2019-03-31": "60.25100", "2018-12-31": "61.49200", "2018-09-30": "55.36700", "2018-06-30": "58.07400", "2018-03-31": "53.71200", "2017-12-31": "52.31900", "2017-09-30": "46.74500", "2017-06-30": "54.20700", "2017-03-31": "47.35500", "2016-12-31": "43.66400", "2016-09-30": "43.23600", "2016-06-30": "45.07000", "2016-03-31": "40.98400", "2015-12-31": "39.32000", "2015-09-30": "36.99000", "2015-06-30": "38.57500", "2015-03-31": "34.77800", "2014-12-31": "36.20500", "2014-09-30": "35.41100", "2014-06-30": "28.93000", "2014-03-31": "27.44400", "2013-12-31": "25.42400", "2013-09-30": "24.55400", "2013-06-30": "20.35800", "2013-03-31": "19.84500", "2012-12-31": "19.82000", "2012-09-30": "19.44200", "2012-06-30": "19.81700", "2012-03-31": "20.23800", "2011-12-31": "19.49200", "2011-09-30": "19.20900", "2011-06-30": "18.40700", "2011-03-31": "15.94100", "2010-12-31": "15.32700", "2010-09-30": "15.35000", "2010-06-30": "14.26900", "2010-03-31": "14.39900", "2009-12-31": "13.32900", "2009-09-30": "12.90100", "2009-06-30": "15.09100", "2009-03-31": "14.31600", "2008-12-31": "13.43000", "2008-09-30": "13.08600", "2008-06-30": "13.88800", "2008-03-31": "14.14600", "2007-12-31": "12.75100", "2007-09-30": "12.10400", "2007-06-30": "12.69700", "2007-03-31": "12.01900", "2006-12-31": "10.71400", "2006-09-30": "11.23700", "2006-06-30": "11.82200", "2006-03-31": "12.10500", "2005-12-31": "10.69500", "2005-09-30": "11.09600", "2005-06-30": "9.84700", "2005-03-31": "9.13800"}, "Gross Profit": {"2020-12-31": "150.90000", "2020-09-30": "137.73100", "2020-06-30": "113.31400", "2020-03-31": "130.06300", "2019-12-31": "121.40300", "2019-09-30": "118.41400", "2019-06-30": "128.26000", "2019-03-31": "124.61000", "2018-12-31": "113.01800", "2018-09-30": "107.60300", "2018-06-30": "122.17990", "2018-03-31": "110.26100", "2017-12-31": "101.83400", "2017-09-30": "97.86800", "2017-06-30": "102.37100", "2017-03-31": "96.68200", "2016-12-31": "88.14300", "2016-09-30": "87.34500", "2016-06-30": "89.69200", "2016-03-31": "89.98900", "2015-12-31": "81.58700", "2015-09-30": "75.39100", "2015-06-30": "79.08800", "2015-03-31": "79.38000", "2014-12-31": "75.74300", "2014-09-30": "73.06600", "2014-06-30": "63.59300", "2014-03-31": "68.11100", "2013-12-31": "58.59300", "2013-09-30": "61.11400", "2013-06-30": "59.11700", "2013-03-31": "61.14700", "2012-12-31": "55.26300", "2012-09-30": "55.58300", "2012-06-30": "58.86400", "2012-03-31": "63.38300", "2011-12-31": "55.17000", "2011-09-30": "58.38700", "2011-06-30": "59.63100", "2011-03-31": "60.33000", "2010-12-31": "52.38100", "2010-09-30": "52.59500", "2010-06-30": "52.44500", "2010-03-31": "55.87900", "2009-12-31": "52.19200", "2009-09-30": "53.63300", "2009-06-30": "49.79900", "2009-03-31": "53.55000", "2008-12-31": "48.44600", "2008-09-30": "56.23800", "2008-06-30": "53.88100", "2008-03-31": "55.37600", "2007-12-31": "49.39100", "2007-09-30": "45.88300", "2007-06-30": "45.72800", "2007-03-31": "48.17800", "2006-12-31": "41.79500", "2006-09-30": "41.11400", "2006-06-30": "40.24400", "2006-03-31": "42.70800", "2005-12-31": "37.33400", "2005-09-30": "36.61300", "2005-06-30": "37.70400", "2005-03-31": "38.79700"}, "Research And Development Expenses": {"2020-12-31": "16.78900", "2020-09-30": "16.04100", "2020-06-30": "16.78000", "2020-03-31": "15.95400", "2019-12-31": "16.38100", "2019-09-30": "16.07700", "2019-06-30": "16.26000", "2019-03-31": "15.55200", "2018-12-31": "15.81200", "2018-09-30": "14.78900", "2018-06-30": "13.97800", "2018-03-31": "13.89200", "2017-12-31": "13.91100", "2017-09-30": "13.54800", "2017-06-30": "13.69700", "2017-03-31": "13.77100", "2016-12-31": "13.28100", "2016-09-30": "12.76500", "2016-06-30": "11.64300", "2016-03-31": "11.24500", "2015-12-31": "10.97700", "2015-09-30": "11.32200", "2015-06-30": "10.81300", "2015-03-31": "10.86500", "2014-12-31": "10.02600", "2014-09-30": "9.14900", "2014-06-30": "7.64400", "2014-03-31": "7.67600", "2013-12-31": "7.92300", "2013-09-30": "7.70200", "2013-06-30": "7.18300", "2013-03-31": "7.21900", "2012-12-31": "7.40300", "2012-09-30": "7.45200", "2012-06-30": "7.28600", "2012-03-31": "7.12200", "2011-12-31": "6.83700", "2011-09-30": "6.66700", "2011-06-30": "6.46600", "2011-03-31": "6.29700", "2010-12-31": "6.60300", "2010-09-30": "6.61900", "2010-06-30": "6.25100", "2010-03-31": "6.32500", "2009-12-31": "6.39100", "2009-09-30": "6.15400", "2009-06-30": "5.99900", "2009-03-31": "5.80900", "2008-12-31": "5.84600", "2008-09-30": "5.91000", "2008-06-30": "5.81200", "2008-03-31": "5.83900", "2007-12-31": "5.56200", "2007-09-30": "5.18100", "2007-06-30": "5.01400", "2007-03-31": "5.16900", "2006-12-31": "5.04400", "2006-09-30": "4.85500", "2006-06-30": "4.77300", "2006-03-31": "4.76100", "2005-12-31": "4.57400", "2005-09-30": "4.71700", "2005-06-30": "4.44100", "2005-03-31": "4.63100"}, "SG&A Expenses": {"2020-12-31": "83.11600", "2020-09-30": "72.59800", "2020-06-30": "57.22500", "2020-03-31": "66.31800", "2019-12-31": "68.03000", "2019-09-30": "69.01000", "2019-06-30": "68.73700", "2019-03-31": "64.96800", "2018-12-31": "63.60300", "2018-09-30": "67.05100", "2018-06-30": "65.28700", "2018-03-31": "53.28500", "2017-12-31": "63.77500", "2017-09-30": "58.28900", "2017-06-30": "48.62900", "2017-03-31": "49.40900", "2016-12-31": "56.98100", "2016-09-30": "45.42400", "2016-06-30": "38.03700", "2016-03-31": "35.21700", "2015-12-31": "34.58500", "2015-09-30": "33.04000", "2015-06-30": "30.47400", "2015-03-31": "29.08900", "2014-12-31": "31.13700", "2014-09-30": "28.70100", "2014-06-30": "17.10300", "2014-03-31": "14.66600", "2013-12-31": "14.92600", "2013-09-30": "14.02100", "2013-06-30": "12.11800", "2013-03-31": "9.98200", "2012-12-31": "10.95600", "2012-09-30": "10.32800", "2012-06-30": "10.36000", "2012-03-31": "9.89900", "2011-12-31": "10.65100", "2011-09-30": "10.77300", "2011-06-30": "10.56200", "2011-03-31": "9.29500", "2010-12-31": "8.42700", "2010-09-30": "7.61300", "2010-06-30": "7.98900", "2010-03-31": "7.66600", "2009-12-31": "9.00700", "2009-09-30": "8.03800", "2009-06-30": "8.08500", "2009-03-31": "7.06100", "2008-12-31": "9.70300", "2008-09-30": "8.84000", "2008-06-30": "8.98600", "2008-03-31": "8.99400", "2007-12-31": "10.64500", "2007-09-30": "8.09000", "2007-06-30": "7.83900", "2007-03-31": "7.22900", "2006-12-31": "8.83000", "2006-09-30": "7.06700", "2006-06-30": "6.26900", "2006-03-31": "6.90100", "2005-12-31": "7.98000", "2005-09-30": "6.45400", "2005-06-30": "6.17300", "2005-03-31": "6.37900"}, "Other Operating Income Or Expenses": {"2020-12-31": "", "2020-09-30": "", "2020-06-30": "", "2020-03-31": "", "2019-12-31": "", "2019-09-30": "", "2019-06-30": "", "2019-03-31": "", "2018-12-31": "", "2018-09-30": "", "2018-06-30": "", "2018-03-31": "", "2017-12-31": "", "2017-09-30": "", "2017-06-30": "", "2017-03-31": "", "2016-12-31": "", "2016-09-30": "", "2016-06-30": "", "2016-03-31": "", "2015-12-31": "", "2015-09-30": "", "2015-06-30": "", "2015-03-31": "", "2014-12-31": "", "2014-09-30": "", "2014-06-30": "", "2014-03-31": "", "2013-12-31": "", "2013-09-30": "", "2013-06-30": "", "2013-03-31": "", "2012-12-31": "", "2012-09-30": "", "2012-06-30": "", "2012-03-31": "", "2011-12-31": "", "2011-09-30": "", "2011-06-30": "", "2011-03-31": "", "2010-12-31": "", "2010-09-30": "", "2010-06-30": "", "2010-03-31": "", "2009-12-31": "", "2009-09-30": "", "2009-06-30": "", "2009-03-31": "", "2008-12-31": "", "2008-09-30": "", "2008-06-30": "", "2008-03-31": "", "2007-12-31": "", "2007-09-30": "", "2007-06-30": "", "2007-03-31": "", "2006-12-31": "", "2006-09-30": "", "2006-06-30": "", "2006-03-31": "", "2005-12-31": "", "2005-09-30": "", "2005-06-30": "", "2005-03-31": ""}, "Operating Expenses": {"2020-12-31": "173.25800", "2020-09-30": "155.10700", "2020-06-30": "136.52500", "2020-03-31": "146.88900", "2019-12-31": "147.94200", "2019-09-30": "149.91600", "2019-06-30": "148.40200", "2019-03-31": "140.77100", "2018-12-31": "140.90700", "2018-09-30": "137.20700", "2018-06-30": "137.33900", "2018-03-31": "120.88900", "2017-12-31": "130.00500", "2017-09-30": "118.58200", "2017-06-30": "116.53300", "2017-03-31": "110.53500", "2016-12-31": "113.92600", "2016-09-30": "101.42500", "2016-06-30": "94.75000", "2016-03-31": "87.44600", "2015-12-31": "84.88200", "2015-09-30": "81.35200", "2015-06-30": "79.86200", "2015-03-31": "74.73200", "2014-12-31": "77.36800", "2014-09-30": "73.26100", "2014-06-30": "53.67700", "2014-03-31": "49.78600", "2013-12-31": "48.27300", "2013-09-30": "46.27700", "2013-06-30": "39.65900", "2013-03-31": "37.04600", "2012-12-31": "38.17900", "2012-09-30": "37.22200", "2012-06-30": "37.46300", "2012-03-31": "37.25900", "2011-12-31": "36.98000", "2011-09-30": "36.64900", "2011-06-30": "35.43500", "2011-03-31": "31.53300", "2010-12-31": "30.35700", "2010-09-30": "29.58200", "2010-06-30": "27.78900", "2010-03-31": "28.63000", "2009-12-31": "28.96700", "2009-09-30": "27.33300", "2009-06-30": "28.45500", "2009-03-31": "27.42600", "2008-12-31": "29.21900", "2008-09-30": "28.07600", "2008-06-30": "28.96800", "2008-03-31": "29.26200", "2007-12-31": "29.24000", "2007-09-30": "25.66300", "2007-06-30": "25.95400", "2007-03-31": "24.82000", "2006-12-31": "24.99200", "2006-09-30": "23.56200", "2006-06-30": "23.35500", "2006-03-31": "24.25900", "2005-12-31": "23.74100", "2005-09-30": "22.75900", "2005-06-30": "20.76600", "2005-03-31": "20.45300"}, "Operating Income": {"2020-12-31": "50.99500", "2020-09-30": "49.09200", "2020-06-30": "39.30900", "2020-03-31": "47.79100", "2019-12-31": "36.99200", "2019-09-30": "33.32700", "2019-06-30": "43.26300", "2019-03-31": "44.09000", "2018-12-31": "33.60300", "2018-09-30": "25.76300", "2018-06-30": "42.91500", "2018-03-31": "43.08400", "2017-12-31": "24.14800", "2017-09-30": "26.03100", "2017-06-30": "40.04500", "2017-03-31": "33.50200", "2016-12-31": "17.88100", "2016-09-30": "29.15600", "2016-06-30": "40.01200", "2016-03-31": "43.52700", "2015-12-31": "36.02500", "2015-09-30": "31.02900", "2015-06-30": "37.80100", "2015-03-31": "39.42600", "2014-12-31": "34.58000", "2014-09-30": "35.21600", "2014-06-30": "38.84600", "2014-03-31": "45.76900", "2013-12-31": "35.74400", "2013-09-30": "39.39100", "2013-06-30": "39.81600", "2013-03-31": "43.94600", "2012-12-31": "36.90400", "2012-09-30": "37.80300", "2012-06-30": "41.21800", "2012-03-31": "46.36200", "2011-12-31": "37.68200", "2011-09-30": "40.94700", "2011-06-30": "42.60300", "2011-03-31": "44.73800", "2010-12-31": "37.35100", "2010-09-30": "38.36300", "2010-06-30": "38.92500", "2010-03-31": "41.64800", "2009-12-31": "36.55400", "2009-09-30": "39.20100", "2009-06-30": "36.43500", "2009-03-31": "40.44000", "2008-12-31": "32.65700", "2008-09-30": "41.24800", "2008-06-30": "38.80100", "2008-03-31": "40.26000", "2007-12-31": "32.90200", "2007-09-30": "32.32400", "2007-06-30": "32.47100", "2007-03-31": "35.37700", "2006-12-31": "27.51700", "2006-09-30": "28.78900", "2006-06-30": "28.71100", "2006-03-31": "30.55400", "2005-12-31": "24.28800", "2005-09-30": "24.95000", "2005-06-30": "26.78500", "2005-03-31": "27.48200"}, "Total Non-Operating Income/Expense": {"2020-12-31": "5.37300", "2020-09-30": "-9.75300", "2020-06-30": "22.21500", "2020-03-31": "-0.97000", "2019-12-31": "113.33400", "2019-09-30": "-15.52100", "2019-06-30": "-20.47800", "2019-03-31": "5.78700", "2018-12-31": "-11.83600", "2018-09-30": "-8.17700", "2018-06-30": "13.35700", "2018-03-31": "-18.10200", "2017-12-31": "-2.41700", "2017-09-30": "-3.06400", "2017-06-30": "-2.19800", "2017-03-31": "-2.36100", "2016-12-31": "-2.69300", "2016-09-30": "-1.37100", "2016-06-30": "-2.24200", "2016-03-31": "-1.03700", "2015-12-31": "-0.65100", "2015-09-30": "0.81800", "2015-06-30": "0.44100", "2015-03-31": "-0.66700", "2014-12-31": "7.98300", "2014-09-30": "-0.61800", "2014-06-30": "0.60500", "2014-03-31": "0.30000", "2013-12-31": "0.47400", "2013-09-30": "0.26300", "2013-06-30": "0.94800", "2013-03-31": "0.52000", "2012-12-31": "0.54200", "2012-09-30": "0.18300", "2012-06-30": "-0.60100", "2012-03-31": "-3.15700", "2011-12-31": "0.19100", "2011-09-30": "-0.44700", "2011-06-30": "0.36800", "2011-03-31": "0.64600", "2010-12-31": "0.32200", "2010-09-30": "0.59000", "2010-06-30": "-0.32400", "2010-03-31": "-0.20900", "2009-12-31": "0.14500", "2009-09-30": "0.50600", "2009-06-30": "0.98900", "2009-03-31": "0.40100", "2008-12-31": "1.49300", "2008-09-30": "1.70000", "2008-06-30": "1.70400", "2008-03-31": "2.73200", "2007-12-31": "2.67900", "2007-09-30": "2.42900", "2007-06-30": "1.67100", "2007-03-31": "1.47000", "2006-12-31": "0.71300", "2006-09-30": "0.92300", "2006-06-30": "0.90100", "2006-03-31": "0.60800", "2005-12-31": "0.61100", "2005-09-30": "0.54000", "2005-06-30": "0.76500", "2005-03-31": "0.42200"}, "Pre-Tax Income": {"2020-12-31": "56.36800", "2020-09-30": "39.33900", "2020-06-30": "61.52400", "2020-03-31": "46.82100", "2019-12-31": "150.32600", "2019-09-30": "17.80600", "2019-06-30": "22.78500", "2019-03-31": "49.87700", "2018-12-31": "21.76700", "2018-09-30": "17.58600", "2018-06-30": "56.27200", "2018-03-31": "24.98200", "2017-12-31": "21.73100", "2017-09-30": "22.96700", "2017-06-30": "37.84700", "2017-03-31": "31.14100", "2016-12-31": "15.18800", "2016-09-30": "27.78500", "2016-06-30": "37.77000", "2016-03-31": "42.49000", "2015-12-31": "35.37400", "2015-09-30": "31.84700", "2015-06-30": "38.24200", "2015-03-31": "38.75900", "2014-12-31": "42.56300", "2014-09-30": "34.59800", "2014-06-30": "39.45100", "2014-03-31": "46.06900", "2013-12-31": "36.21800", "2013-09-30": "39.65400", "2013-06-30": "40.76400", "2013-03-31": "44.46600", "2012-12-31": "37.44600", "2012-09-30": "37.98600", "2012-06-30": "40.61700", "2012-03-31": "43.20500", "2011-12-31": "37.87300", "2011-09-30": "40.50000", "2011-06-30": "42.97100", "2011-03-31": "45.38400", "2010-12-31": "37.67300", "2010-09-30": "38.95300", "2010-06-30": "38.60100", "2010-03-31": "41.43900", "2009-12-31": "36.69900", "2009-09-30": "39.70700", "2009-06-30": "37.42400", "2009-03-31": "40.84100", "2008-12-31": "34.15000", "2008-09-30": "42.94800", "2008-06-30": "40.50500", "2008-03-31": "42.99200", "2007-12-31": "35.58100", "2007-09-30": "34.75300", "2007-06-30": "34.14200", "2007-03-31": "36.84700", "2006-12-31": "28.23000", "2006-09-30": "29.71200", "2006-06-30": "29.61200", "2006-03-31": "31.16200", "2005-12-31": "24.89900", "2005-09-30": "25.49000", "2005-06-30": "27.55000", "2005-03-31": "27.90400"}, "Income Taxes": {"2020-12-31": "10.22400", "2020-09-30": "5.94400", "2020-06-30": "2.68000", "2020-03-31": "10.38900", "2019-12-31": "30.70400", "2019-09-30": "3.40800", "2019-06-30": "6.32600", "2019-03-31": "5.22300", "2018-12-31": "4.21100", "2018-09-30": "0.18300", "2018-06-30": "14.57000", "2018-03-31": "5.24400", "2017-12-31": "-27.11600", "2017-09-30": "7.10400", "2017-06-30": "10.23800", "2017-03-31": "8.97400", "2016-12-31": "7.72100", "2016-09-30": "8.94200", "2016-06-30": "12.14400", "2016-03-31": "12.19900", "2015-12-31": "9.52300", "2015-09-30": "9.13900", "2015-06-30": "11.91300", "2015-03-31": "14.46900", "2014-12-31": "9.35400", "2014-09-30": "10.69100", "2014-06-30": "12.62700", "2014-03-31": "14.42800", "2013-12-31": "11.16300", "2013-09-30": "12.22600", "2013-06-30": "12.35300", "2013-03-31": "11.34800", "2012-12-31": "12.08200", "2012-09-30": "12.31800", "2012-06-30": "13.37600", "2012-03-31": "11.44900", "2011-12-31": "12.06000", "2011-09-30": "12.97900", "2011-06-30": "14.64000", "2011-03-31": "14.32000", "2010-12-31": "11.13900", "2010-09-30": "12.58000", "2010-06-30": "12.70600", "2010-03-31": "9.05100", "2009-12-31": "11.97800", "2009-09-30": "12.93500", "2009-06-30": "12.03800", "2009-03-31": "13.20000", "2008-12-31": "10.52800", "2008-09-30": "14.35500", "2008-06-30": "13.24800", "2008-03-31": "13.40200", "2007-12-31": "11.94200", "2007-09-30": "11.68100", "2007-06-30": "11.21800", "2007-03-31": "12.95400", "2006-12-31": "9.56700", "2006-09-30": "10.08100", "2006-06-30": "10.12300", "2006-03-31": "10.81500", "2005-12-31": "8.38500", "2005-09-30": "8.48900", "2005-06-30": "8.98300", "2005-03-31": "9.46500"}, "Income After Taxes": {"2020-12-31": "46.14400", "2020-09-30": "33.39500", "2020-06-30": "58.84400", "2020-03-31": "36.43200", "2019-12-31": "119.62200", "2019-09-30": "14.39800", "2019-06-30": "16.45900", "2019-03-31": "44.65400", "2018-12-31": "17.55600", "2018-09-30": "17.40300", "2018-06-30": "41.70200", "2018-03-31": "19.73800", "2017-12-31": "48.84700", "2017-09-30": "15.86300", "2017-06-30": "27.60900", "2017-03-31": "22.16700", "2016-12-31": "7.46700", "2016-09-30": "18.84300", "2016-06-30": "25.62600", "2016-03-31": "30.29100", "2015-12-31": "25.85100", "2015-09-30": "22.70800", "2015-06-30": "26.32900", "2015-03-31": "24.29000", "2014-12-31": "33.20900", "2014-09-30": "23.90700", "2014-06-30": "26.82400", "2014-03-31": "31.64100", "2013-12-31": "25.05500", "2013-09-30": "27.42800", "2013-06-30": "28.41100", "2013-03-31": "33.11800", "2012-12-31": "25.36400", "2012-09-30": "25.66800", "2012-06-30": "27.24100", "2012-03-31": "31.75600", "2011-12-31": "25.81300", "2011-09-30": "27.52100", "2011-06-30": "28.33100", "2011-03-31": "31.06400", "2010-12-31": "26.53400", "2010-09-30": "26.37300", "2010-06-30": "25.89500", "2010-03-31": "32.38800", "2009-12-31": "24.72100", "2009-09-30": "26.77200", "2009-06-30": "25.38600", "2009-03-31": "27.64100", "2008-12-31": "23.62200", "2008-09-30": "28.59300", "2008-06-30": "27.25700", "2008-03-31": "29.59000", "2007-12-31": "23.63900", "2007-09-30": "23.07200", "2007-06-30": "22.92400", "2007-03-31": "23.89300", "2006-12-31": "18.66300", "2006-09-30": "19.63100", "2006-06-30": "19.48900", "2006-03-31": "20.34700", "2005-12-31": "16.51400", "2005-09-30": "17.00100", "2005-06-30": "18.56700", "2005-03-31": "18.43900"}, "Other Income": {"2020-12-31": "", "2020-09-30": "", "2020-06-30": "", "2020-03-31": "", "2019-12-31": "", "2019-09-30": "", "2019-06-30": "", "2019-03-31": "", "2018-12-31": "", "2018-09-30": "", "2018-06-30": "", "2018-03-31": "", "2017-12-31": "", "2017-09-30": "", "2017-06-30": "", "2017-03-31": "", "2016-12-31": "", "2016-09-30": "", "2016-06-30": "", "2016-03-31": "", "2015-12-31": "", "2015-09-30": "", "2015-06-30": "", "2015-03-31": "", "2014-12-31": "", "2014-09-30": "", "2014-06-30": "", "2014-03-31": "", "2013-12-31": "", "2013-09-30": "", "2013-06-30": "", "2013-03-31": "", "2012-12-31": "", "2012-09-30": "", "2012-06-30": "", "2012-03-31": "", "2011-12-31": "", "2011-09-30": "", "2011-06-30": "", "2011-03-31": "", "2010-12-31": "", "2010-09-30": "", "2010-06-30": "", "2010-03-31": "", "2009-12-31": "", "2009-09-30": "", "2009-06-30": "", "2009-03-31": "", "2008-12-31": "", "2008-09-30": "", "2008-06-30": "", "2008-03-31": "", "2007-12-31": "", "2007-09-30": "", "2007-06-30": "", "2007-03-31": "", "2006-12-31": "", "2006-09-30": "", "2006-06-30": "", "2006-03-31": "", "2005-12-31": "", "2005-09-30": "", "2005-06-30": "", "2005-03-31": ""}, "Income From Continuous Operations": {"2020-12-31": "46.14400", "2020-09-30": "33.39500", "2020-06-30": "58.84400", "2020-03-31": "36.43200", "2019-12-31": "119.62200", "2019-09-30": "14.39800", "2019-06-30": "16.45900", "2019-03-31": "44.65400", "2018-12-31": "17.55600", "2018-09-30": "17.40300", "2018-06-30": "41.70200", "2018-03-31": "19.73800", "2017-12-31": "48.84700", "2017-09-30": "15.86300", "2017-06-30": "27.60900", "2017-03-31": "22.16700", "2016-12-31": "7.46700", "2016-09-30": "18.84300", "2016-06-30": "25.62600", "2016-03-31": "30.29100", "2015-12-31": "25.85100", "2015-09-30": "22.70800", "2015-06-30": "26.32900", "2015-03-31": "24.29000", "2014-12-31": "33.20900", "2014-09-30": "23.90700", "2014-06-30": "26.82400", "2014-03-31": "31.64100", "2013-12-31": "25.05500", "2013-09-30": "27.42800", "2013-06-30": "28.41100", "2013-03-31": "33.11800", "2012-12-31": "25.36400", "2012-09-30": "25.66800", "2012-06-30": "27.24100", "2012-03-31": "31.75600", "2011-12-31": "25.81300", "2011-09-30": "27.52100", "2011-06-30": "28.33100", "2011-03-31": "31.06400", "2010-12-31": "26.53400", "2010-09-30": "26.37300", "2010-06-30": "25.89500", "2010-03-31": "32.38800", "2009-12-31": "24.72100", "2009-09-30": "26.77200", "2009-06-30": "25.38600", "2009-03-31": "27.64100", "2008-12-31": "23.62200", "2008-09-30": "28.59300", "2008-06-30": "27.25700", "2008-03-31": "29.59000", "2007-12-31": "23.63900", "2007-09-30": "23.07200", "2007-06-30": "22.92400", "2007-03-31": "23.89300", "2006-12-31": "18.66300", "2006-09-30": "19.63100", "2006-06-30": "19.48900", "2006-03-31": "20.34700", "2005-12-31": "16.51400", "2005-09-30": "17.00100", "2005-06-30": "18.56700", "2005-03-31": "18.43900"}, "Income From Discontinued Operations": {"2020-12-31": "", "2020-09-30": "", "2020-06-30": "", "2020-03-31": "", "2019-12-31": "", "2019-09-30": "", "2019-06-30": "", "2019-03-31": "", "2018-12-31": "", "2018-09-30": "", "2018-06-30": "", "2018-03-31": "", "2017-12-31": "", "2017-09-30": "", "2017-06-30": "", "2017-03-31": "", "2016-12-31": "", "2016-09-30": "", "2016-06-30": "", "2016-03-31": "", "2015-12-31": "", "2015-09-30": "", "2015-06-30": "", "2015-03-31": "", "2014-12-31": "", "2014-09-30": "", "2014-06-30": "", "2014-03-31": "", "2013-12-31": "", "2013-09-30": "", "2013-06-30": "", "2013-03-31": "", "2012-12-31": "", "2012-09-30": "", "2012-06-30": "", "2012-03-31": "", "2011-12-31": "", "2011-09-30": "", "2011-06-30": "", "2011-03-31": "", "2010-12-31": "", "2010-09-30": "", "2010-06-30": "", "2010-03-31": "", "2009-12-31": "", "2009-09-30": "", "2009-06-30": "", "2009-03-31": "", "2008-12-31": "", "2008-09-30": "", "2008-06-30": "", "2008-03-31": "", "2007-12-31": "", "2007-09-30": "", "2007-06-30": "", "2007-03-31": "", "2006-12-31": "", "2006-09-30": "", "2006-06-30": "", "2006-03-31": "", "2005-12-31": "", "2005-09-30": "", "2005-06-30": "", "2005-03-31": ""}, "Net Income": {"2020-12-31": "46.27400", "2020-09-30": "33.39500", "2020-06-30": "58.84400", "2020-03-31": "36.43200", "2019-12-31": "119.62200", "2019-09-30": "14.39800", "2019-06-30": "16.45900", "2019-03-31": "44.65400", "2018-12-31": "17.55600", "2018-09-30": "17.40300", "2018-06-30": "41.70200", "2018-03-31": "19.73800", "2017-12-31": "48.84700", "2017-09-30": "15.86300", "2017-06-30": "27.60900", "2017-03-31": "22.16700", "2016-12-31": "7.46700", "2016-09-30": "18.84300", "2016-06-30": "25.62700", "2016-03-31": "30.29100", "2015-12-31": "25.85100", "2015-09-30": "22.70700", "2015-06-30": "26.32900", "2015-03-31": "24.29000", "2014-12-31": "33.20900", "2014-09-30": "23.90700", "2014-06-30": "26.82400", "2014-03-31": "31.64100", "2013-12-31": "25.05500", "2013-09-30": "27.42800", "2013-06-30": "28.41100", "2013-03-31": "33.11800", "2012-12-31": "25.36400", "2012-09-30": "25.66800", "2012-06-30": "27.24100", "2012-03-31": "31.75600", "2011-12-31": "25.81300", "2011-09-30": "27.52100", "2011-06-30": "28.33100", "2011-03-31": "31.06400", "2010-12-31": "26.53400", "2010-09-30": "26.37300", "2010-06-30": "25.89500", "2010-03-31": "32.38800", "2009-12-31": "24.72100", "2009-09-30": "26.77200", "2009-06-30": "25.38600", "2009-03-31": "27.64100", "2008-12-31": "23.62200", "2008-09-30": "28.59300", "2008-06-30": "27.25700", "2008-03-31": "29.59000", "2007-12-31": "23.63900", "2007-09-30": "23.07200", "2007-06-30": "22.92400", "2007-03-31": "23.89300", "2006-12-31": "18.66300", "2006-09-30": "19.63100", "2006-06-30": "19.48900", "2006-03-31": "20.34700", "2005-12-31": "16.51400", "2005-09-30": "17.00100", "2005-06-30": "18.56700", "2005-03-31": "18.43900"}, "EBITDA": {"2020-12-31": "", "2020-09-30": "70.18000", "2020-06-30": "60.30000", "2020-03-31": "68.89900", "2019-12-31": "57.54500", "2019-09-30": "53.41200", "2019-06-30": "63.18200", "2019-03-31": "63.41200", "2018-12-31": "53.48100", "2018-09-30": "44.81500", "2018-06-30": "60.06690", "2018-03-31": "59.35700", "2017-12-31": "39.76300", "2017-09-30": "41.45400", "2017-06-30": "54.79300", "2017-03-31": "49.54000", "2016-12-31": "33.48700", "2016-09-30": "42.80000", "2016-06-30": "50.67300", "2016-03-31": "54.35500", "2015-12-31": "46.61500", "2015-09-30": "41.71400", "2015-06-30": "47.30000", "2015-03-31": "48.69900", "2014-12-31": "44.47500", "2014-09-30": "43.77500", "2014-06-30": "44.15700", "2014-03-31": "50.68700", "2013-12-31": "40.60000", "2013-09-30": "43.48100", "2013-06-30": "42.85800", "2013-03-31": "46.94700", "2012-12-31": "40.07700", "2012-09-30": "40.90800", "2012-06-30": "44.31900", "2012-03-31": "49.41400", "2011-12-31": "40.86100", "2011-09-30": "44.08200", "2011-06-30": "45.36100", "2011-03-31": "46.62200", "2010-12-31": "39.40100", "2010-09-30": "40.37100", "2010-06-30": "40.98800", "2010-03-31": "43.65000", "2009-12-31": "38.61400", "2009-09-30": "41.20600", "2009-06-30": "38.40000", "2009-03-31": "42.36600", "2008-12-31": "34.61100", "2008-09-30": "43.16900", "2008-06-30": "40.80600", "2008-03-31": "42.13100", "2007-12-31": "34.59300", "2007-09-30": "34.01600", "2007-06-30": "34.31300", "2007-03-31": "37.14300", "2006-12-31": "29.23800", "2006-09-30": "30.45400", "2006-06-30": "30.49800", "2006-03-31": "32.27200", "2005-12-31": "26.01500", "2005-09-30": "26.67300", "2005-06-30": "28.34200", "2005-03-31": "28.98900"}, "EBIT": {"2020-12-31": "50.99500", "2020-09-30": "49.09200", "2020-06-30": "39.30900", "2020-03-31": "47.79100", "2019-12-31": "36.99200", "2019-09-30": "33.32700", "2019-06-30": "43.26300", "2019-03-31": "44.09000", "2018-12-31": "33.60300", "2018-09-30": "25.76300", "2018-06-30": "42.91500", "2018-03-31": "43.08400", "2017-12-31": "24.14800", "2017-09-30": "26.03100", "2017-06-30": "40.04500", "2017-03-31": "33.50200", "2016-12-31": "17.88100", "2016-09-30": "29.15600", "2016-06-30": "40.01200", "2016-03-31": "43.52700", "2015-12-31": "36.02500", "2015-09-30": "31.02900", "2015-06-30": "37.80100", "2015-03-31": "39.42600", "2014-12-31": "34.58000", "2014-09-30": "35.21600", "2014-06-30": "38.84600", "2014-03-31": "45.76900", "2013-12-31": "35.74400", "2013-09-30": "39.39100", "2013-06-30": "39.81600", "2013-03-31": "43.94600", "2012-12-31": "36.90400", "2012-09-30": "37.80300", "2012-06-30": "41.21800", "2012-03-31": "46.36200", "2011-12-31": "37.68200", "2011-09-30": "40.94700", "2011-06-30": "42.60300", "2011-03-31": "44.73800", "2010-12-31": "37.35100", "2010-09-30": "38.36300", "2010-06-30": "38.92500", "2010-03-31": "41.64800", "2009-12-31": "36.55400", "2009-09-30": "39.20100", "2009-06-30": "36.43500", "2009-03-31": "40.44000", "2008-12-31": "32.65700", "2008-09-30": "41.24800", "2008-06-30": "38.80100", "2008-03-31": "40.26000", "2007-12-31": "32.90200", "2007-09-30": "32.32400", "2007-06-30": "32.47100", "2007-03-31": "35.37700", "2006-12-31": "27.51700", "2006-09-30": "28.78900", "2006-06-30": "28.71100", "2006-03-31": "30.55400", "2005-12-31": "24.28800", "2005-09-30": "24.95000", "2005-06-30": "26.78500", "2005-03-31": "27.48200"}, "Basic Shares Outstanding": {"2020-12-31": "38.69100", "2020-09-30": "38.53600", "2020-06-30": "38.20100", "2020-03-31": "38.30300", "2019-12-31": "38.16700", "2019-09-30": "38.03200", "2019-06-30": "37.78100", "2019-03-31": "37.77200", "2018-12-31": "37.76600", "2018-09-30": "37.69700", "2018-06-30": "37.47600", "2018-03-31": "37.50300", "2017-12-31": "37.44900", "2017-09-30": "37.37600", "2017-06-30": "37.31300", "2017-03-31": "37.32000", "2016-12-31": "37.30800", "2016-09-30": "37.28100", "2016-06-30": "37.19400", "2016-03-31": "37.19600", "2015-12-31": "37.18900", "2015-09-30": "37.16900", "2015-06-30": "37.09600", "2015-03-31": "37.13800", "2014-12-31": "37.08500", "2014-09-30": "37.00700", "2014-06-30": "36.89000", "2014-03-31": "36.91100", "2013-12-31": "36.88200", "2013-09-30": "36.84200", "2013-06-30": "36.83600", "2013-03-31": "36.84200", "2012-12-31": "36.83400", "2012-09-30": "36.82800", "2012-06-30": "36.93900", "2012-03-31": "36.86400", "2011-12-31": "36.96600", "2011-09-30": "37.09500", "2011-06-30": "37.09800", "2011-03-31": "37.11900", "2010-12-31": "37.09300", "2010-09-30": "37.04000", "2010-06-30": "37.25500", "2010-03-31": "37.29200", "2009-12-31": "37.25200", "2009-09-30": "37.24500", "2009-06-30": "37.80200", "2009-03-31": "37.42700", "2008-12-31": "37.89400", "2008-09-30": "38.62400", "2008-06-30": "39.13900", "2008-03-31": "39.00000", "2007-12-31": "39.39500", "2007-09-30": "39.48900", "2007-06-30": "39.40600", "2007-03-31": "39.41400", "2006-12-31": "39.38700", "2006-09-30": "39.37900", "2006-06-30": "39.04900", "2006-03-31": "39.19900", "2005-12-31": "38.87700", "2005-09-30": "38.75400", "2005-06-30": "40.35900", "2005-03-31": "40.42300"}, "Shares Outstanding": {"2020-12-31": "40.25700", "2020-09-30": "40.02500", "2020-06-30": "39.40100", "2020-03-31": "39.43500", "2019-12-31": "39.55000", "2019-09-30": "39.25300", "2019-06-30": "38.89200", "2019-03-31": "38.86100", "2018-12-31": "38.74800", "2018-09-30": "38.81300", "2018-06-30": "38.05500", "2018-03-31": "38.14200", "2017-12-31": "37.92600", "2017-09-30": "37.70500", "2017-06-30": "37.50000", "2017-03-31": "37.49400", "2016-12-31": "37.47800", "2016-09-30": "37.47300", "2016-06-30": "37.32600", "2016-03-31": "37.29900", "2015-12-31": "37.30100", "2015-09-30": "37.31500", "2015-06-30": "37.23100", "2015-03-31": "37.26900", "2014-12-31": "37.21100", "2014-09-30": "37.14800", "2014-06-30": "37.00500", "2014-03-31": "37.05300", "2013-12-31": "37.01500", "2013-09-30": "36.92800", "2013-06-30": "36.90000", "2013-03-31": "36.90800", "2012-12-31": "36.90000", "2012-09-30": "36.89500", "2012-06-30": "37.00600", "2012-03-31": "36.93000", "2011-12-31": "37.02800", "2011-09-30": "37.17000", "2011-06-30": "37.17200", "2011-03-31": "37.19400", "2010-12-31": "37.15600", "2010-09-30": "37.10700", "2010-06-30": "37.34700", "2010-03-31": "37.38000", "2009-12-31": "37.35300", "2009-09-30": "37.33900", "2009-06-30": "37.90000", "2009-03-31": "37.49900", "2008-12-31": "37.99200", "2008-09-30": "38.74700", "2008-06-30": "39.24700", "2008-03-31": "39.10800", "2007-12-31": "39.49700", "2007-09-30": "39.58700", "2007-06-30": "39.51300", "2007-03-31": "39.54300", "2006-12-31": "39.51100", "2006-09-30": "39.46900", "2006-06-30": "39.59400", "2006-03-31": "39.42500", "2005-12-31": "39.76100", "2005-09-30": "39.66900", "2005-06-30": "40.92000", "2005-03-31": "40.89600"}, "Basic EPS": {"2020-12-31": "1.20000", "2020-09-30": "0.87000", "2020-06-30": "1.54000", "2020-03-31": "0.95000", "2019-12-31": "3.13000", "2019-09-30": "0.38000", "2019-06-30": "0.44000", "2019-03-31": "1.18000", "2018-12-31": "0.46000", "2018-09-30": "0.46000", "2018-06-30": "1.11000", "2018-03-31": "0.53000", "2017-12-31": "1.30000", "2017-09-30": "0.42000", "2017-06-30": "0.74000", "2017-03-31": "0.59000", "2016-12-31": "0.20000", "2016-09-30": "0.51000", "2016-06-30": "0.69000", "2016-03-31": "0.81000", "2015-12-31": "0.70000", "2015-09-30": "0.61000", "2015-06-30": "0.70000", "2015-03-31": "0.65000", "2014-12-31": "0.90000", "2014-09-30": "0.65000", "2014-06-30": "0.73000", "2014-03-31": "0.86000", "2013-12-31": "0.68000", "2013-09-30": "0.74000", "2013-06-30": "0.77000", "2013-03-31": "0.90000", "2012-12-31": "0.69000", "2012-09-30": "0.70000", "2012-06-30": "0.74000", "2012-03-31": "0.86000", "2011-12-31": "0.70000", "2011-09-30": "0.74000", "2011-06-30": "0.76000", "2011-03-31": "0.84000", "2010-12-31": "0.72000", "2010-09-30": "0.71000", "2010-06-30": "0.70000", "2010-03-31": "0.87000", "2009-12-31": "0.66000", "2009-09-30": "0.72000", "2009-06-30": "0.68000", "2009-03-31": "0.74000", "2008-12-31": "0.62000", "2008-09-30": "0.74000", "2008-06-30": "0.71000", "2008-03-31": "0.76000", "2007-12-31": "0.60000", "2007-09-30": "0.58000", "2007-06-30": "0.58000", "2007-03-31": "0.61000", "2006-12-31": "0.47000", "2006-09-30": "0.50000", "2006-06-30": "0.50000", "2006-03-31": "0.52000", "2005-12-31": "0.42000", "2005-09-30": "0.44000", "2005-06-30": "0.48000", "2005-03-31": "0.46000"}, "EPS - Earnings Per Share": {"2020-12-31": "1.15000", "2020-09-30": "0.83000", "2020-06-30": "1.51000", "2020-03-31": "0.92000", "2019-12-31": "3.02000", "2019-09-30": "0.37000", "2019-06-30": "0.42000", "2019-03-31": "1.15000", "2018-12-31": "0.45000", "2018-09-30": "0.45000", "2018-06-30": "1.08000", "2018-03-31": "0.52000", "2017-12-31": "1.29000", "2017-09-30": "0.42000", "2017-06-30": "0.74000", "2017-03-31": "0.59000", "2016-12-31": "0.20000", "2016-09-30": "0.50000", "2016-06-30": "0.69000", "2016-03-31": "0.81000", "2015-12-31": "0.69000", "2015-09-30": "0.61000", "2015-06-30": "0.71000", "2015-03-31": "0.65000", "2014-12-31": "0.89000", "2014-09-30": "0.64000", "2014-06-30": "0.73000", "2014-03-31": "0.85000", "2013-12-31": "0.68000", "2013-09-30": "0.74000", "2013-06-30": "0.76000", "2013-03-31": "0.90000", "2012-12-31": "0.69000", "2012-09-30": "0.70000", "2012-06-30": "0.74000", "2012-03-31": "0.86000", "2011-12-31": "0.70000", "2011-09-30": "0.74000", "2011-06-30": "0.76000", "2011-03-31": "0.84000", "2010-12-31": "0.71000", "2010-09-30": "0.71000", "2010-06-30": "0.69000", "2010-03-31": "0.87000", "2009-12-31": "0.66000", "2009-09-30": "0.72000", "2009-06-30": "0.68000", "2009-03-31": "0.74000", "2008-12-31": "0.62000", "2008-09-30": "0.74000", "2008-06-30": "0.70000", "2008-03-31": "0.76000", "2007-12-31": "0.60000", "2007-09-30": "0.58000", "2007-06-30": "0.58000", "2007-03-31": "0.60000", "2006-12-31": "0.47000", "2006-09-30": "0.50000", "2006-06-30": "0.48000", "2006-03-31": "0.52000", "2005-12-31": "0.42000", "2005-09-30": "0.43000", "2005-06-30": "0.47000", "2005-03-31": "0.45000"}}, "balance sheet": {"Cash On Hand": {"2020-06-30": "270.89300", "2019-06-30": "166.03300", "2018-06-30": "181.75400", "2017-06-30": "157.71400", "2016-06-30": "95.83500", "2015-06-30": "110.92100", "2014-06-30": "363.35400", "2013-06-30": "332.93700", "2012-06-30": "268.98600", "2011-06-30": "140.81300", "2010-06-30": "138.81100", "2009-06-30": "202.88700", "2008-06-30": "206.34500", "2007-06-30": "164.77400", "2006-06-30": "108.84600", "2005-06-30": "97.13400"}, "Receivables": {"2020-06-30": "122.53400", "2019-06-30": "137.46600", "2018-06-30": "120.29600", "2017-06-30": "116.83000", "2016-06-30": "93.39300", "2015-06-30": "70.03400", "2014-06-30": "55.00100", "2013-06-30": "40.17500", "2012-06-30": "37.74100", "2011-06-30": "37.86000", "2010-06-30": "34.13700", "2009-06-30": "31.15300", "2008-06-30": "33.33200", "2007-06-30": "30.96600", "2006-06-30": "25.07800", "2005-06-30": "23.72200"}, "Inventory": {"2020-06-30": "103.15200", "2019-06-30": "91.05000", "2018-06-30": "85.64800", "2017-06-30": "60.15100", "2016-06-30": "57.10200", "2015-06-30": "49.57700", "2014-06-30": "38.84700", "2013-06-30": "34.87700", "2012-06-30": "38.27700", "2011-06-30": "44.90600", "2010-06-30": "13.73700", "2009-06-30": "11.26900", "2008-06-30": "9.51500", "2007-06-30": "8.75700", "2006-06-30": "9.02400", "2005-06-30": "7.75800"}, "Pre-Paid Expenses": {"2020-06-30": "", "2019-06-30": "", "2018-06-30": "", "2017-06-30": "", "2016-06-30": "", "2015-06-30": "", "2014-06-30": "", "2013-06-30": "1.52700", "2012-06-30": "1.50300", "2011-06-30": "1.04100", "2010-06-30": "0.97600", "2009-06-30": "0.81300", "2008-06-30": "0.80800", "2007-06-30": "0.89500", "2006-06-30": "0.75300", "2005-06-30": "0.90000"}, "Other Current Assets": {"2020-06-30": "24.34100", "2019-06-30": "18.05800", "2018-06-30": "10.66800", "2017-06-30": "13.33000", "2016-06-30": "7.56100", "2015-06-30": "6.24000", "2014-06-30": "2.58800", "2013-06-30": "", "2012-06-30": "", "2011-06-30": "", "2010-06-30": "", "2009-06-30": "", "2008-06-30": "", "2007-06-30": "", "2006-06-30": "", "2005-06-30": ""}, "Total Current Assets": {"2020-06-30": "520.92000", "2019-06-30": "412.60700", "2018-06-30": "398.36600", "2017-06-30": "348.02500", "2016-06-30": "253.89100", "2015-06-30": "248.28300", "2014-06-30": "469.41300", "2013-06-30": "409.51600", "2012-06-30": "346.50700", "2011-06-30": "230.41700", "2010-06-30": "201.04000", "2009-06-30": "255.46700", "2008-06-30": "258.43300", "2007-06-30": "212.83800", "2006-06-30": "149.82200", "2005-06-30": "134.98100"}, "Property, Plant, And Equipment": {"2020-06-30": "176.82900", "2019-06-30": "154.03900", "2018-06-30": "145.34800", "2017-06-30": "135.12400", "2016-06-30": "132.36200", "2015-06-30": "129.74900", "2014-06-30": "117.12000", "2013-06-30": "108.75600", "2012-06-30": "93.78800", "2011-06-30": "95.39800", "2010-06-30": "97.40000", "2009-06-30": "100.13300", "2008-06-30": "101.72200", "2007-06-30": "91.53500", "2006-06-30": "88.77200", "2005-06-30": "89.03600"}, "Long-Term Investments": {"2020-06-30": "", "2019-06-30": "", "2018-06-30": "", "2017-06-30": "", "2016-06-30": "", "2015-06-30": "", "2014-06-30": "14.02100", "2013-06-30": "132.90700", "2012-06-30": "145.02200", "2011-06-30": "151.62100", "2010-06-30": "191.73000", "2009-06-30": "83.98200", "2008-06-30": "112.13300", "2007-06-30": "115.59800", "2006-06-30": "94.85500", "2005-06-30": "49.96700"}, "Goodwill And Intangible Assets": {"2020-06-30": "1244.85300", "2019-06-30": "1312.09600", "2018-06-30": "1044.22200", "2017-06-30": "1031.06800", "2016-06-30": "741.40600", "2015-06-30": "683.47700", "2014-06-30": "260.24900", "2013-06-30": "124.88800", "2012-06-30": "132.15800", "2011-06-30": "138.91500", "2010-06-30": "27.11200", "2009-06-30": "28.07200", "2008-06-30": "29.03200", "2007-06-30": "30.16700", "2006-06-30": "32.02100", "2005-06-30": "14.13800"}, "Other Long-Term Assets": {"2020-06-30": "13.52200", "2019-06-30": "5.66800", "2018-06-30": "5.26600", "2017-06-30": "44.00200", "2016-06-30": "1.92200", "2015-06-30": "1.85100", "2014-06-30": "1.68800", "2013-06-30": "2.03100", "2012-06-30": "1.84900", "2011-06-30": "1.31900", "2010-06-30": "0.52300", "2009-06-30": "0.75000", "2008-06-30": "0.99400", "2007-06-30": "0.34400", "2006-06-30": "0.40400", "2005-06-30": "0.61700"}, "Total Long-Term Assets": {"2020-06-30": "1506.66900", "2019-06-30": "1471.80300", "2018-06-30": "1194.83600", "2017-06-30": "1210.19400", "2016-06-30": "875.69000", "2015-06-30": "815.07700", "2014-06-30": "393.07800", "2013-06-30": "368.58200", "2012-06-30": "372.81700", "2011-06-30": "387.25300", "2010-06-30": "317.77600", "2009-06-30": "216.53800", "2008-06-30": "248.93600", "2007-06-30": "242.00600", "2006-06-30": "220.69000", "2005-06-30": "160.28200"}, "Total Assets": {"2020-06-30": "2027.58900", "2019-06-30": "1884.41000", "2018-06-30": "1593.20200", "2017-06-30": "1558.21900", "2016-06-30": "1129.58100", "2015-06-30": "1063.36000", "2014-06-30": "862.49100", "2013-06-30": "778.09800", "2012-06-30": "719.32400", "2011-06-30": "617.67000", "2010-06-30": "518.81600", "2009-06-30": "472.00500", "2008-06-30": "507.36900", "2007-06-30": "454.84400", "2006-06-30": "370.51200", "2005-06-30": "295.26300"}, "Total Current Liabilities": {"2020-06-30": "106.66800", "2019-06-30": "101.98500", "2018-06-30": "79.51000", "2017-06-30": "135.52200", "2016-06-30": "54.14700", "2015-06-30": "39.76800", "2014-06-30": "26.39100", "2013-06-30": "32.08400", "2012-06-30": "35.75000", "2011-06-30": "18.18800", "2010-06-30": "17.02400", "2009-06-30": "15.52300", "2008-06-30": "20.23900", "2007-06-30": "17.19300", "2006-06-30": "17.96600", "2005-06-30": "14.01600"}, "Long Term Debt": {"2020-06-30": "344.24300", "2019-06-30": "492.66000", "2018-06-30": "339.00000", "2017-06-30": "343.77100", "2016-06-30": "91.50000", "2015-06-30": "73.00000", "2014-06-30": "", "2013-06-30": "", "2012-06-30": "", "2011-06-30": "", "2010-06-30": "", "2009-06-30": "", "2008-06-30": "", "2007-06-30": "", "2006-06-30": "12.19800", "2005-06-30": "13.37800"}, "Other Non-Current Liabilities": {"2020-06-30": "27.14800", "2019-06-30": "34.42200", "2018-06-30": "9.33800", "2017-06-30": "8.70300", "2016-06-30": "41.81700", "2015-06-30": "42.22800", "2014-06-30": "6.99700", "2013-06-30": "", "2012-06-30": "", "2011-06-30": "", "2010-06-30": "", "2009-06-30": "", "2008-06-30": "", "2007-06-30": "", "2006-06-30": "", "2005-06-30": ""}, "Total Long Term Liabilities": {"2020-06-30": "539.72900", "2019-06-30": "616.83600", "2018-06-30": "434.63100", "2017-06-30": "473.07000", "2016-06-30": "196.15400", "2015-06-30": "176.65700", "2014-06-30": "40.83500", "2013-06-30": "8.47300", "2012-06-30": "9.13200", "2011-06-30": "13.36000", "2010-06-30": "", "2009-06-30": "", "2008-06-30": "", "2007-06-30": "", "2006-06-30": "12.19800", "2005-06-30": "13.37800"}, "Total Liabilities": {"2020-06-30": "646.39700", "2019-06-30": "718.82100", "2018-06-30": "514.14100", "2017-06-30": "608.59200", "2016-06-30": "250.30100", "2015-06-30": "216.42500", "2014-06-30": "67.22600", "2013-06-30": "40.55700", "2012-06-30": "44.88200", "2011-06-30": "31.54800", "2010-06-30": "17.02400", "2009-06-30": "15.52300", "2008-06-30": "20.23900", "2007-06-30": "17.19300", "2006-06-30": "30.16400", "2005-06-30": "27.39400"}, "Common Stock Net": {"2020-06-30": "0.38500", "2019-06-30": "0.37900", "2018-06-30": "0.37600", "2017-06-30": "0.37400", "2016-06-30": "0.37200", "2015-06-30": "0.37100", "2014-06-30": "0.37000", "2013-06-30": "0.36800", "2012-06-30": "0.36800", "2011-06-30": "0.37100", "2010-06-30": "0.37000", "2009-06-30": "0.37200", "2008-06-30": "0.38600", "2007-06-30": "0.39500", "2006-06-30": "0.39400", "2005-06-30": "0.38600"}, "Retained Earnings (Accumulated Deficit)": {"2020-06-30": "1057.47000", "2019-06-30": "931.93400", "2018-06-30": "876.93100", "2017-06-30": "799.02700", "2016-06-30": "770.55300", "2015-06-30": "713.85100", "2014-06-30": "653.27900", "2013-06-30": "587.72500", "2012-06-30": "520.44800", "2011-06-30": "472.73000", "2010-06-30": "400.11900", "2009-06-30": "345.64100", "2008-06-30": "359.20800", "2007-06-30": "314.33900", "2006-06-30": "229.22800", "2005-06-30": "185.04900"}, "Comprehensive Income": {"2020-06-30": "-97.19900", "2019-06-30": "-83.52100", "2018-06-30": "-44.81400", "2017-06-30": "-48.93500", "2016-06-30": "-70.40500", "2015-06-30": "-30.59300", "2014-06-30": "-5.38800", "2013-06-30": "14.55300", "2012-06-30": "21.77500", "2011-06-30": "-16.29100", "2010-06-30": "-21.23400", "2009-06-30": "-7.47700", "2008-06-30": "12.12800", "2007-06-30": "12.92400", "2006-06-30": "5.68500", "2005-06-30": "3.63000"}, "Other Share Holders Equity": {"2020-06-30": "", "2019-06-30": "", "2018-06-30": "", "2017-06-30": "", "2016-06-30": "", "2015-06-30": "", "2014-06-30": "", "2013-06-30": "", "2012-06-30": "", "2011-06-30": "", "2010-06-30": "", "2009-06-30": "", "2008-06-30": "", "2007-06-30": "", "2006-06-30": "", "2005-06-30": ""}, "Share Holder Equity": {"2020-06-30": "1381.19200", "2019-06-30": "1165.58900", "2018-06-30": "1079.06100", "2017-06-30": "949.62700", "2016-06-30": "879.28000", "2015-06-30": "846.93500", "2014-06-30": "795.26500", "2013-06-30": "737.54100", "2012-06-30": "674.44200", "2011-06-30": "586.12200", "2010-06-30": "501.79200", "2009-06-30": "456.48200", "2008-06-30": "487.13000", "2007-06-30": "437.65100", "2006-06-30": "340.34800", "2005-06-30": "267.86900"}, "Total Liabilities And Share Holders Equity": {"2020-06-30": "2027.58900", "2019-06-30": "1884.41000", "2018-06-30": "1593.20200", "2017-06-30": "1558.21900", "2016-06-30": "1129.58100", "2015-06-30": "1063.36000", "2014-06-30": "862.49100", "2013-06-30": "778.09800", "2012-06-30": "719.32400", "2011-06-30": "617.67000", "2010-06-30": "518.81600", "2009-06-30": "472.00500", "2008-06-30": "507.36900", "2007-06-30": "454.84400", "2006-06-30": "370.51200", "2005-06-30": "295.26300"}}, "balance sheet, quarterly": {"Cash On Hand": {"2020-12-31": "282.95200", "2020-09-30": "287.39000", "2020-06-30": "270.89300", "2020-03-31": "261.08800", "2019-12-31": "243.95000", "2019-09-30": "158.41100", "2019-06-30": "166.03300", "2019-03-31": "178.79000", "2018-12-31": "156.53300", "2018-09-30": "163.72100", "2018-06-30": "181.75400", "2018-03-31": "176.43400", "2017-12-31": "162.38500", "2017-09-30": "122.72500", "2017-06-30": "157.71400", "2017-03-31": "113.62000", "2016-12-31": "115.49500", "2016-09-30": "121.97000", "2016-06-30": "95.83500", "2016-03-31": "84.58700", "2015-12-31": "113.92300", "2015-09-30": "87.26500", "2015-06-30": "110.92100", "2015-03-31": "159.95000", "2014-12-31": "139.93800", "2014-09-30": "130.81200", "2014-06-30": "363.35400", "2014-03-31": "220.13100", "2013-12-31": "186.85600", "2013-09-30": "184.69900", "2013-06-30": "332.93700", "2013-03-31": "312.87500", "2012-12-31": "286.09500", "2012-09-30": "273.06700", "2012-06-30": "268.98600", "2012-03-31": "219.60500", "2011-12-31": "137.75200", "2011-09-30": "133.35500", "2011-06-30": "140.81300", "2011-03-31": "213.89800", "2010-12-31": "194.86200", "2010-09-30": "172.63400", "2010-06-30": "138.81100", "2010-03-31": "153.15800", "2009-12-31": "249.47900", "2009-09-30": "227.27500", "2009-06-30": "202.88700", "2009-03-31": "167.11700", "2008-12-31": "143.96100", "2008-09-30": "196.17900", "2008-06-30": "206.34500", "2008-03-31": "205.79600", "2007-12-31": "188.79600", "2007-09-30": "180.99400", "2007-06-30": "164.77400", "2007-03-31": "144.09800", "2006-12-31": "126.30900", "2006-09-30": "120.53100", "2006-06-30": "108.84600", "2006-03-31": "99.76200", "2005-12-31": "93.26000", "2005-09-30": "95.24100", "2005-06-30": "97.13400", "2005-03-31": "72.42600"}, "Receivables": {"2020-12-31": "128.24300", "2020-09-30": "122.63500", "2020-06-30": "122.53400", "2020-03-31": "117.45200", "2019-12-31": "111.75300", "2019-09-30": "122.72400", "2019-06-30": "137.46600", "2019-03-31": "133.92700", "2018-12-31": "113.28300", "2018-09-30": "114.75300", "2018-06-30": "120.29600", "2018-03-31": "109.75900", "2017-12-31": "98.49800", "2017-09-30": "107.32500", "2017-06-30": "116.83000", "2017-03-31": "118.33500", "2016-12-31": "104.36800", "2016-09-30": "109.81300", "2016-06-30": "93.39300", "2016-03-31": "88.22100", "2015-12-31": "67.33000", "2015-09-30": "71.88700", "2015-06-30": "70.03400", "2015-03-31": "66.82700", "2014-12-31": "62.56900", "2014-09-30": "61.53700", "2014-06-30": "55.00100", "2014-03-31": "50.45800", "2013-12-31": "40.43500", "2013-09-30": "44.16800", "2013-06-30": "40.17500", "2013-03-31": "39.87400", "2012-12-31": "34.32500", "2012-09-30": "36.91000", "2012-06-30": "37.74100", "2012-03-31": "44.74200", "2011-12-31": "34.54500", "2011-09-30": "35.63900", "2011-06-30": "37.86000", "2011-03-31": "37.51400", "2010-12-31": "31.88500", "2010-09-30": "33.05700", "2010-06-30": "34.13700", "2010-03-31": "37.93700", "2009-12-31": "27.80100", "2009-09-30": "31.72500", "2009-06-30": "31.15300", "2009-03-31": "34.61200", "2008-12-31": "29.55300", "2008-09-30": "33.96800", "2008-06-30": "33.33200", "2008-03-31": "34.20500", "2007-12-31": "30.73800", "2007-09-30": "32.03500", "2007-06-30": "30.96600", "2007-03-31": "30.82900", "2006-12-31": "24.27800", "2006-09-30": "25.68400", "2006-06-30": "25.07800", "2006-03-31": "26.93500", "2005-12-31": "21.60800", "2005-09-30": "23.11200", "2005-06-30": "23.72200", "2005-03-31": "23.48100"}, "Inventory": {"2020-12-31": "106.59000", "2020-09-30": "106.00300", "2020-06-30": "103.15200", "2020-03-31": "99.67300", "2019-12-31": "95.35100", "2019-09-30": "90.85500", "2019-06-30": "91.05000", "2019-03-31": "93.83900", "2018-12-31": "90.90500", "2018-09-30": "90.91800", "2018-06-30": "85.64800", "2018-03-31": "88.58600", "2017-12-31": "68.28000", "2017-09-30": "66.53200", "2017-06-30": "60.15100", "2017-03-31": "63.76700", "2016-12-31": "66.08900", "2016-09-30": "70.51900", "2016-06-30": "57.10200", "2016-03-31": "57.06600", "2015-12-31": "58.67500", "2015-09-30": "58.96700", "2015-06-30": "49.57700", "2015-03-31": "51.04500", "2014-12-31": "52.81500", "2014-09-30": "52.19500", "2014-06-30": "38.84700", "2014-03-31": "38.38600", "2013-12-31": "39.99200", "2013-09-30": "39.95700", "2013-06-30": "34.87700", "2013-03-31": "35.67500", "2012-12-31": "37.60000", "2012-09-30": "38.39700", "2012-06-30": "38.27700", "2012-03-31": "40.49700", "2011-12-31": "40.97800", "2011-09-30": "42.11600", "2011-06-30": "44.90600", "2011-03-31": "13.61900", "2010-12-31": "13.73600", "2010-09-30": "13.81800", "2010-06-30": "13.73700", "2010-03-31": "13.45100", "2009-12-31": "12.98800", "2009-09-30": "12.46800", "2009-06-30": "11.26900", "2009-03-31": "10.74900", "2008-12-31": "9.87700", "2008-09-30": "9.69900", "2008-06-30": "9.51500", "2008-03-31": "10.00300", "2007-12-31": "9.40900", "2007-09-30": "9.28100", "2007-06-30": "8.75700", "2007-03-31": "9.57400", "2006-12-31": "9.21000", "2006-09-30": "8.98200", "2006-06-30": "9.02400", "2006-03-31": "9.60500", "2005-12-31": "9.95000", "2005-09-30": "9.98200", "2005-06-30": "7.75800", "2005-03-31": "8.22900"}, "Pre-Paid Expenses": {"2020-12-31": "", "2020-09-30": "", "2020-06-30": "", "2020-03-31": "", "2019-12-31": "", "2019-09-30": "", "2019-06-30": "", "2019-03-31": "", "2018-12-31": "", "2018-09-30": "", "2018-06-30": "", "2018-03-31": "18.72500", "2017-12-31": "16.92300", "2017-09-30": "10.57600", "2017-06-30": "", "2017-03-31": "10.32000", "2016-12-31": "8.15400", "2016-09-30": "7.84900", "2016-06-30": "", "2016-03-31": "6.86500", "2015-12-31": "6.94200", "2015-09-30": "6.20100", "2015-06-30": "", "2015-03-31": "5.18700", "2014-12-31": "5.11800", "2014-09-30": "4.41900", "2014-06-30": "", "2014-03-31": "2.04700", "2013-12-31": "1.98000", "2013-09-30": "2.28500", "2013-06-30": "1.52700", "2013-03-31": "1.73300", "2012-12-31": "1.71100", "2012-09-30": "1.76900", "2012-06-30": "1.50300", "2012-03-31": "1.42800", "2011-12-31": "1.02000", "2011-09-30": "1.17000", "2011-06-30": "1.04100", "2011-03-31": "0.85800", "2010-12-31": "0.95800", "2010-09-30": "1.06300", "2010-06-30": "0.97600", "2010-03-31": "1.14700", "2009-12-31": "1.00500", "2009-09-30": "1.01300", "2009-06-30": "0.81300", "2009-03-31": "0.90000", "2008-12-31": "0.74000", "2008-09-30": "0.77500", "2008-06-30": "0.80800", "2008-03-31": "1.12100", "2007-12-31": "0.98800", "2007-09-30": "1.15300", "2007-06-30": "0.89500", "2007-03-31": "0.99900", "2006-12-31": "0.74500", "2006-09-30": "0.85000", "2006-06-30": "0.75300", "2006-03-31": "0.90100", "2005-12-31": "0.77200", "2005-09-30": "0.92300", "2005-06-30": "0.90000", "2005-03-31": "0.91700"}, "Other Current Assets": {"2020-12-31": "24.14800", "2020-09-30": "25.86500", "2020-06-30": "24.34100", "2020-03-31": "13.71500", "2019-12-31": "14.02000", "2019-09-30": "19.95500", "2019-06-30": "18.05800", "2019-03-31": "16.87700", "2018-12-31": "19.21300", "2018-09-30": "13.72000", "2018-06-30": "10.66800", "2018-03-31": "", "2017-12-31": "", "2017-09-30": "", "2017-06-30": "13.33000", "2017-03-31": "", "2016-12-31": "", "2016-09-30": "", "2016-06-30": "7.56100", "2016-03-31": "", "2015-12-31": "", "2015-09-30": "", "2015-06-30": "6.24000", "2015-03-31": "", "2014-12-31": "", "2014-09-30": "", "2014-06-30": "2.58800", "2014-03-31": "", "2013-12-31": "", "2013-09-30": "", "2013-06-30": "", "2013-03-31": "", "2012-12-31": "", "2012-09-30": "", "2012-06-30": "", "2012-03-31": "", "2011-12-31": "", "2011-09-30": "", "2011-06-30": "", "2011-03-31": "", "2010-12-31": "", "2010-09-30": "", "2010-06-30": "", "2010-03-31": "", "2009-12-31": "", "2009-09-30": "", "2009-06-30": "", "2009-03-31": "", "2008-12-31": "", "2008-09-30": "", "2008-06-30": "", "2008-03-31": "", "2007-12-31": "", "2007-09-30": "", "2007-06-30": "", "2007-03-31": "", "2006-12-31": "", "2006-09-30": "", "2006-06-30": "", "2006-03-31": "", "2005-12-31": "", "2005-09-30": "", "2005-06-30": "", "2005-03-31": ""}, "Total Current Assets": {"2020-12-31": "541.93300", "2020-09-30": "541.89300", "2020-06-30": "520.92000", "2020-03-31": "491.92800", "2019-12-31": "465.07400", "2019-09-30": "391.94500", "2019-06-30": "412.60700", "2019-03-31": "423.43300", "2018-12-31": "379.93400", "2018-09-30": "383.11200", "2018-06-30": "398.36600", "2018-03-31": "393.50400", "2017-12-31": "346.08600", "2017-09-30": "307.15800", "2017-06-30": "348.02500", "2017-03-31": "306.04200", "2016-12-31": "294.10600", "2016-09-30": "310.15100", "2016-06-30": "253.89100", "2016-03-31": "236.73900", "2015-12-31": "258.38300", "2015-09-30": "240.99700", "2015-06-30": "248.28300", "2015-03-31": "294.73800", "2014-12-31": "273.53000", "2014-09-30": "268.11100", "2014-06-30": "469.41300", "2014-03-31": "319.53100", "2013-12-31": "279.14100", "2013-09-30": "280.63600", "2013-06-30": "409.51600", "2013-03-31": "390.15700", "2012-12-31": "359.73100", "2012-09-30": "350.14300", "2012-06-30": "346.50700", "2012-03-31": "306.27200", "2011-12-31": "227.21600", "2011-09-30": "219.01000", "2011-06-30": "230.41700", "2011-03-31": "276.72600", "2010-12-31": "253.56000", "2010-09-30": "233.19900", "2010-06-30": "201.04000", "2010-03-31": "219.32200", "2009-12-31": "300.95900", "2009-09-30": "281.88400", "2009-06-30": "255.46700", "2009-03-31": "222.67500", "2008-12-31": "193.12300", "2008-09-30": "249.38800", "2008-06-30": "258.43300", "2008-03-31": "259.36100", "2007-12-31": "237.91700", "2007-09-30": "231.20900", "2007-06-30": "212.83800", "2007-03-31": "192.39200", "2006-12-31": "167.22300", "2006-09-30": "162.48300", "2006-06-30": "149.82200", "2006-03-31": "143.10000", "2005-12-31": "131.17000", "2005-09-30": "134.43400", "2005-06-30": "134.98100", "2005-03-31": "110.27400"}, "Property, Plant, And Equipment": {"2020-12-31": "195.60200", "2020-09-30": "191.67700", "2020-06-30": "176.82900", "2020-03-31": "165.01200", "2019-12-31": "164.31300", "2019-09-30": "156.78300", "2019-06-30": "154.03900", "2019-03-31": "145.31900", "2018-12-31": "145.26200", "2018-09-30": "146.51100", "2018-06-30": "145.34800", "2018-03-31": "142.77900", "2017-12-31": "138.46100", "2017-09-30": "136.84600", "2017-06-30": "135.12400", "2017-03-31": "132.14600", "2016-12-31": "131.95200", "2016-09-30": "133.80500", "2016-06-30": "132.36200", "2016-03-31": "133.66600", "2015-12-31": "134.04300", "2015-09-30": "132.85200", "2015-06-30": "129.74900", "2015-03-31": "124.48500", "2014-12-31": "124.77600", "2014-09-30": "122.00600", "2014-06-30": "117.12000", "2014-03-31": "116.64900", "2013-12-31": "115.15900", "2013-09-30": "113.36200", "2013-06-30": "108.75600", "2013-03-31": "105.20200", "2012-12-31": "101.13300", "2012-09-30": "94.92000", "2012-06-30": "93.78800", "2012-03-31": "94.61400", "2011-12-31": "94.60400", "2011-09-30": "94.35200", "2011-06-30": "95.39800", "2011-03-31": "94.14500", "2010-12-31": "95.09600", "2010-09-30": "96.32200", "2010-06-30": "97.40000", "2010-03-31": "97.74500", "2009-12-31": "98.91000", "2009-09-30": "98.80600", "2009-06-30": "100.13300", "2009-03-31": "97.42800", "2008-12-31": "98.35200", "2008-09-30": "100.10000", "2008-06-30": "101.72200", "2008-03-31": "94.06900", "2007-12-31": "94.47800", "2007-09-30": "93.38500", "2007-06-30": "91.53500", "2007-03-31": "89.17200", "2006-12-31": "90.04500", "2006-09-30": "89.41800", "2006-06-30": "88.77200", "2006-03-31": "88.20300", "2005-12-31": "88.26500", "2005-09-30": "88.64000", "2005-06-30": "89.03600", "2005-03-31": "89.14800"}, "Long-Term Investments": {"2020-12-31": "", "2020-09-30": "", "2020-06-30": "", "2020-03-31": "", "2019-12-31": "", "2019-09-30": "", "2019-06-30": "", "2019-03-31": "", "2018-12-31": "", "2018-09-30": "", "2018-06-30": "", "2018-03-31": "", "2017-12-31": "", "2017-09-30": "", "2017-06-30": "", "2017-03-31": "", "2016-12-31": "", "2016-09-30": "", "2016-06-30": "", "2016-03-31": "", "2015-12-31": "", "2015-09-30": "", "2015-06-30": "", "2015-03-31": "", "2014-12-31": "4.08500", "2014-09-30": "13.57500", "2014-06-30": "14.02100", "2014-03-31": "151.35700", "2013-12-31": "162.59000", "2013-09-30": "138.47700", "2013-06-30": "132.90700", "2013-03-31": "135.76500", "2012-12-31": "128.56900", "2012-09-30": "131.71300", "2012-06-30": "145.02200", "2012-03-31": "146.65100", "2011-12-31": "167.29000", "2011-09-30": "168.38400", "2011-06-30": "151.62100", "2011-03-31": "183.60800", "2010-12-31": "178.67800", "2010-09-30": "181.74800", "2010-06-30": "191.73000", "2010-03-31": "175.22800", "2009-12-31": "70.41800", "2009-09-30": "74.39300", "2009-06-30": "83.98200", "2009-03-31": "89.38300", "2008-12-31": "108.35700", "2008-09-30": "124.42000", "2008-06-30": "112.13300", "2008-03-31": "100.14900", "2007-12-31": "120.75900", "2007-09-30": "121.76000", "2007-06-30": "115.59800", "2007-03-31": "110.35200", "2006-12-31": "104.26400", "2006-09-30": "100.90100", "2006-06-30": "94.85500", "2006-03-31": "72.82100", "2005-12-31": "52.02900", "2005-09-30": "56.42700", "2005-06-30": "49.96700", "2005-03-31": "56.34600"}, "Goodwill And Intangible Assets": {"2020-12-31": "1250.83800", "2020-09-30": "1239.22700", "2020-06-30": "1244.85300", "2020-03-31": "1256.16400", "2019-12-31": "1283.95300", "2019-09-30": "1293.75000", "2019-06-30": "1312.09600", "2019-03-31": "1298.75000", "2018-12-31": "1314.62800", "2018-09-30": "1337.47600", "2018-06-30": "1044.22200", "2018-03-31": "1054.46100", "2017-12-31": "1027.46100", "2017-09-30": "1038.80400", "2017-06-30": "1031.06800", "2017-03-31": "1052.43100", "2016-12-31": "1051.27300", "2016-09-30": "1069.41500", "2016-06-30": "741.40600", "2016-03-31": "750.04400", "2015-12-31": "739.44200", "2015-09-30": "752.71300", "2015-06-30": "683.47700", "2015-03-31": "683.14400", "2014-12-31": "714.90600", "2014-09-30": "612.74200", "2014-06-30": "260.24900", "2014-03-31": "240.76400", "2013-12-31": "242.90700", "2013-09-30": "244.32300", "2013-06-30": "124.88800", "2013-03-31": "126.09000", "2012-12-31": "132.10400", "2012-09-30": "133.00900", "2012-06-30": "132.15800", "2012-03-31": "134.87600", "2011-12-31": "133.91900", "2011-09-30": "135.39000", "2011-06-30": "138.91500", "2011-03-31": "26.60100", "2010-12-31": "26.77100", "2010-09-30": "26.94200", "2010-06-30": "27.11200", "2010-03-31": "27.35200", "2009-12-31": "27.59200", "2009-09-30": "27.83200", "2009-06-30": "28.07200", "2009-03-31": "28.31200", "2008-12-31": "28.55200", "2008-09-30": "28.79200", "2008-06-30": "29.03200", "2008-03-31": "29.31400", "2007-12-31": "29.59700", "2007-09-30": "29.87900", "2007-06-30": "30.16700", "2007-03-31": "30.57100", "2006-12-31": "31.21500", "2006-09-30": "31.61800", "2006-06-30": "32.02100", "2006-03-31": "32.52100", "2005-12-31": "33.01300", "2005-09-30": "33.50500", "2005-06-30": "14.13800", "2005-03-31": "14.44300"}, "Other Long-Term Assets": {"2020-12-31": "11.33900", "2020-09-30": "10.28100", "2020-06-30": "13.52200", "2020-03-31": "12.16700", "2019-12-31": "9.25100", "2019-09-30": "5.58800", "2019-06-30": "5.66800", "2019-03-31": "5.11600", "2018-12-31": "5.00800", "2018-09-30": "5.09900", "2018-06-30": "5.26600", "2018-03-31": "27.06400", "2017-12-31": "43.41400", "2017-09-30": "44.57200", "2017-06-30": "44.00200", "2017-03-31": "42.81200", "2016-12-31": "42.69400", "2016-09-30": "4.10600", "2016-06-30": "1.92200", "2016-03-31": "1.47400", "2015-12-31": "1.58500", "2015-09-30": "1.75700", "2015-06-30": "1.85100", "2015-03-31": "1.93800", "2014-12-31": "1.70100", "2014-09-30": "1.82600", "2014-06-30": "1.68800", "2014-03-31": "2.26500", "2013-12-31": "2.36800", "2013-09-30": "2.49200", "2013-06-30": "2.03100", "2013-03-31": "3.07600", "2012-12-31": "3.03300", "2012-09-30": "2.84400", "2012-06-30": "1.84900", "2012-03-31": "1.62100", "2011-12-31": "1.21900", "2011-09-30": "11.30000", "2011-06-30": "1.31900", "2011-03-31": "1.20000", "2010-12-31": "0.44000", "2010-09-30": "0.47700", "2010-06-30": "0.52300", "2010-03-31": "0.56900", "2009-12-31": "0.61800", "2009-09-30": "0.68400", "2009-06-30": "0.75000", "2009-03-31": "0.81300", "2008-12-31": "0.87600", "2008-09-30": "0.93600", "2008-06-30": "0.99400", "2008-03-31": "0.85100", "2007-12-31": "0.79700", "2007-09-30": "0.56600", "2007-06-30": "0.34400", "2007-03-31": "0.24200", "2006-12-31": "0.25800", "2006-09-30": "0.36500", "2006-06-30": "0.40400", "2006-03-31": "0.44200", "2005-12-31": "0.49000", "2005-09-30": "0.56500", "2005-06-30": "0.61700", "2005-03-31": "0.69700"}, "Total Long-Term Assets": {"2020-12-31": "1525.93300", "2020-09-30": "1511.20300", "2020-06-30": "1506.66900", "2020-03-31": "1507.09400", "2019-12-31": "1533.34100", "2019-09-30": "1533.08300", "2019-06-30": "1471.80300", "2019-03-31": "1449.18500", "2018-12-31": "1464.89800", "2018-09-30": "1489.08600", "2018-06-30": "1194.83600", "2018-03-31": "1224.30400", "2017-12-31": "1209.33600", "2017-09-30": "1220.22200", "2017-06-30": "1210.19400", "2017-03-31": "1227.38900", "2016-12-31": "1225.91900", "2016-09-30": "1207.32600", "2016-06-30": "875.69000", "2016-03-31": "885.18400", "2015-12-31": "875.07000", "2015-09-30": "887.32200", "2015-06-30": "815.07700", "2015-03-31": "809.56700", "2014-12-31": "845.46800", "2014-09-30": "750.14900", "2014-06-30": "393.07800", "2014-03-31": "511.03500", "2013-12-31": "523.02400", "2013-09-30": "498.65400", "2013-06-30": "368.58200", "2013-03-31": "370.13300", "2012-12-31": "364.83900", "2012-09-30": "362.48600", "2012-06-30": "372.81700", "2012-03-31": "377.76200", "2011-12-31": "397.03200", "2011-09-30": "409.42600", "2011-06-30": "387.25300", "2011-03-31": "306.09300", "2010-12-31": "302.04800", "2010-09-30": "306.42500", "2010-06-30": "317.77600", "2010-03-31": "302.57000", "2009-12-31": "201.27400", "2009-09-30": "205.16200", "2009-06-30": "216.53800", "2009-03-31": "219.12800", "2008-12-31": "240.40700", "2008-09-30": "258.28000", "2008-06-30": "248.93600", "2008-03-31": "228.74900", "2007-12-31": "250.29600", "2007-09-30": "249.84700", "2007-06-30": "242.00600", "2007-03-31": "234.78100", "2006-12-31": "230.41900", "2006-09-30": "226.72200", "2006-06-30": "220.69000", "2006-03-31": "199.02200", "2005-12-31": "178.94300", "2005-09-30": "184.05100", "2005-06-30": "160.28200", "2005-03-31": "167.71400"}, "Total Assets": {"2020-12-31": "2067.86600", "2020-09-30": "2053.09600", "2020-06-30": "2027.58900", "2020-03-31": "1999.02200", "2019-12-31": "1998.41500", "2019-09-30": "1925.02800", "2019-06-30": "1884.41000", "2019-03-31": "1872.61800", "2018-12-31": "1844.83200", "2018-09-30": "1872.19800", "2018-06-30": "1593.20200", "2018-03-31": "1617.80800", "2017-12-31": "1555.42200", "2017-09-30": "1527.38000", "2017-06-30": "1558.21900", "2017-03-31": "1533.43100", "2016-12-31": "1520.02500", "2016-09-30": "1517.47800", "2016-06-30": "1129.58100", "2016-03-31": "1121.92400", "2015-12-31": "1133.45300", "2015-09-30": "1128.32000", "2015-06-30": "1063.36000", "2015-03-31": "1104.30500", "2014-12-31": "1118.99800", "2014-09-30": "1018.26000", "2014-06-30": "862.49100", "2014-03-31": "830.56600", "2013-12-31": "802.16500", "2013-09-30": "779.29000", "2013-06-30": "778.09800", "2013-03-31": "760.29000", "2012-12-31": "724.57000", "2012-09-30": "712.62900", "2012-06-30": "719.32400", "2012-03-31": "684.03400", "2011-12-31": "624.24800", "2011-09-30": "628.43600", "2011-06-30": "617.67000", "2011-03-31": "582.81900", "2010-12-31": "555.60800", "2010-09-30": "539.62400", "2010-06-30": "518.81600", "2010-03-31": "521.89200", "2009-12-31": "502.23300", "2009-09-30": "487.04600", "2009-06-30": "472.00500", "2009-03-31": "441.80300", "2008-12-31": "433.53000", "2008-09-30": "507.66800", "2008-06-30": "507.36900", "2008-03-31": "488.11000", "2007-12-31": "488.21300", "2007-09-30": "481.05600", "2007-06-30": "454.84400", "2007-03-31": "427.17300", "2006-12-31": "397.64200", "2006-09-30": "389.20500", "2006-06-30": "370.51200", "2006-03-31": "342.12200", "2005-12-31": "310.11300", "2005-09-30": "318.48500", "2005-06-30": "295.26300", "2005-03-31": "277.98800"}, "Total Current Liabilities": {"2020-12-31": "117.56800", "2020-09-30": "105.42400", "2020-06-30": "106.66800", "2020-03-31": "104.98500", "2019-12-31": "104.95300", "2019-09-30": "88.26800", "2019-06-30": "101.98500", "2019-03-31": "98.04700", "2018-12-31": "87.43200", "2018-09-30": "83.44200", "2018-06-30": "79.51000", "2018-03-31": "70.88900", "2017-12-31": "111.67900", "2017-09-30": "107.03100", "2017-06-30": "135.52200", "2017-03-31": "142.20000", "2016-12-31": "120.32600", "2016-09-30": "107.01600", "2016-06-30": "54.14700", "2016-03-31": "46.61600", "2015-12-31": "35.82900", "2015-09-30": "45.04000", "2015-06-30": "39.76800", "2015-03-31": "38.51300", "2014-12-31": "44.28000", "2014-09-30": "40.61800", "2014-06-30": "26.39100", "2014-03-31": "24.36400", "2013-12-31": "22.10900", "2013-09-30": "20.27600", "2013-06-30": "32.08400", "2013-03-31": "32.48100", "2012-12-31": "21.26800", "2012-09-30": "22.90100", "2012-06-30": "35.75000", "2012-03-31": "30.72100", "2011-12-31": "14.12300", "2011-09-30": "26.23600", "2011-06-30": "18.18800", "2011-03-31": "16.54200", "2010-12-31": "13.67200", "2010-09-30": "16.05900", "2010-06-30": "17.02400", "2010-03-31": "19.74800", "2009-12-31": "13.68700", "2009-09-30": "16.04000", "2009-06-30": "15.52300", "2009-03-31": "14.91400", "2008-12-31": "13.03600", "2008-09-30": "19.25800", "2008-06-30": "20.23900", "2008-03-31": "20.16200", "2007-12-31": "19.85800", "2007-09-30": "14.80000", "2007-06-30": "17.19300", "2007-03-31": "15.71000", "2006-12-31": "12.16000", "2006-09-30": "27.50800", "2006-06-30": "17.96600", "2006-03-31": "13.26200", "2005-12-31": "13.81500", "2005-09-30": "12.73000", "2005-06-30": "14.01600", "2005-03-31": "18.08000"}, "Long Term Debt": {"2020-12-31": "219.03500", "2020-09-30": "311.13900", "2020-06-30": "344.24300", "2020-03-31": "407.34800", "2019-12-31": "370.45200", "2019-09-30": "473.55600", "2019-06-30": "492.66000", "2019-03-31": "509.76500", "2018-12-31": "532.86900", "2018-09-30": "548.97300", "2018-06-30": "339.00000", "2018-03-31": "392.50000", "2017-12-31": "362.50000", "2017-09-30": "337.50000", "2017-06-30": "343.77100", "2017-03-31": "343.63700", "2016-12-31": "343.65900", "2016-09-30": "343.50000", "2016-06-30": "91.50000", "2016-03-31": "157.80800", "2015-12-31": "162.78900", "2015-09-30": "164.36800", "2015-06-30": "73.00000", "2015-03-31": "152.01100", "2014-12-31": "151.03700", "2014-09-30": "118.99700", "2014-06-30": "", "2014-03-31": "", "2013-12-31": "", "2013-09-30": "", "2013-06-30": "", "2013-03-31": "", "2012-12-31": "", "2012-09-30": "", "2012-06-30": "", "2012-03-31": "", "2011-12-31": "", "2011-09-30": "", "2011-06-30": "", "2011-03-31": "", "2010-12-31": "", "2010-09-30": "", "2010-06-30": "", "2010-03-31": "", "2009-12-31": "", "2009-09-30": "", "2009-06-30": "", "2009-03-31": "", "2008-12-31": "", "2008-09-30": "", "2008-06-30": "", "2008-03-31": "", "2007-12-31": "", "2007-09-30": "", "2007-06-30": "", "2007-03-31": "", "2006-12-31": "", "2006-09-30": "", "2006-06-30": "12.19800", "2006-03-31": "12.49000", "2005-12-31": "12.79700", "2005-09-30": "13.07800", "2005-06-30": "13.37800", "2005-03-31": "13.66100"}, "Other Non-Current Liabilities": {"2020-12-31": "31.39500", "2020-09-30": "30.18000", "2020-06-30": "27.14800", "2020-03-31": "29.75200", "2019-12-31": "23.39000", "2019-09-30": "27.58000", "2019-06-30": "34.42200", "2019-03-31": "21.69600", "2018-12-31": "23.99300", "2018-09-30": "16.47100", "2018-06-30": "9.33800", "2018-03-31": "9.14000", "2017-12-31": "9.32100", "2017-09-30": "6.25500", "2017-06-30": "8.70300", "2017-03-31": "7.59700", "2016-12-31": "32.22800", "2016-09-30": "36.05400", "2016-06-30": "41.81700", "2016-03-31": "3.16400", "2015-12-31": "3.22000", "2015-09-30": "3.14600", "2015-06-30": "42.22800", "2015-03-31": "37.14400", "2014-12-31": "36.89600", "2014-09-30": "0.70800", "2014-06-30": "6.99700", "2014-03-31": "", "2013-12-31": "", "2013-09-30": "", "2013-06-30": "", "2013-03-31": "", "2012-12-31": "", "2012-09-30": "", "2012-06-30": "", "2012-03-31": "", "2011-12-31": "", "2011-09-30": "", "2011-06-30": "", "2011-03-31": "", "2010-12-31": "", "2010-09-30": "", "2010-06-30": "", "2010-03-31": "", "2009-12-31": "", "2009-09-30": "", "2009-06-30": "", "2009-03-31": "", "2008-12-31": "", "2008-09-30": "", "2008-06-30": "", "2008-03-31": "", "2007-12-31": "", "2007-09-30": "", "2007-06-30": "", "2007-03-31": "", "2006-12-31": "", "2006-09-30": "", "2006-06-30": "", "2006-03-31": "", "2005-12-31": "", "2005-09-30": "", "2005-06-30": "", "2005-03-31": ""}, "Total Long Term Liabilities": {"2020-12-31": "419.44400", "2020-09-30": "508.38700", "2020-06-30": "539.72900", "2020-03-31": "602.76900", "2019-12-31": "570.11400", "2019-09-30": "662.53610", "2019-06-30": "616.83600", "2019-03-31": "628.30500", "2018-12-31": "660.97500", "2018-09-30": "679.28700", "2018-06-30": "434.63100", "2018-03-31": "488.62700", "2017-12-31": "445.92400", "2017-09-30": "460.53900", "2017-06-30": "473.07000", "2017-03-31": "483.30600", "2016-12-31": "509.12600", "2016-09-30": "515.06600", "2016-06-30": "196.15400", "2016-03-31": "222.34500", "2015-12-31": "241.28100", "2015-09-30": "245.33300", "2015-06-30": "176.65700", "2015-03-31": "245.72600", "2014-12-31": "254.03600", "2014-09-30": "184.22900", "2014-06-30": "40.83500", "2014-03-31": "29.16100", "2013-12-31": "31.52800", "2013-09-30": "32.25100", "2013-06-30": "8.47300", "2013-03-31": "8.30000", "2012-12-31": "8.73700", "2012-09-30": "9.12300", "2012-06-30": "9.13200", "2012-03-31": "8.81600", "2011-12-31": "12.61900", "2011-09-30": "12.84600", "2011-06-30": "13.36000", "2011-03-31": "", "2010-12-31": "", "2010-09-30": "", "2010-06-30": "", "2010-03-31": "", "2009-12-31": "", "2009-09-30": "", "2009-06-30": "", "2009-03-31": "", "2008-12-31": "", "2008-09-30": "", "2008-06-30": "", "2008-03-31": "", "2007-12-31": "", "2007-09-30": "", "2007-06-30": "", "2007-03-31": "", "2006-12-31": "", "2006-09-30": "", "2006-06-30": "12.19800", "2006-03-31": "12.49000", "2005-12-31": "12.79700", "2005-09-30": "13.07800", "2005-06-30": "13.37800", "2005-03-31": "13.66100"}, "Total Liabilities": {"2020-12-31": "537.01200", "2020-09-30": "613.81100", "2020-06-30": "646.39700", "2020-03-31": "707.75400", "2019-12-31": "675.06700", "2019-09-30": "750.80400", "2019-06-30": "718.82100", "2019-03-31": "726.35200", "2018-12-31": "748.40700", "2018-09-30": "762.72900", "2018-06-30": "514.14100", "2018-03-31": "559.51600", "2017-12-31": "557.60300", "2017-09-30": "567.57000", "2017-06-30": "608.59200", "2017-03-31": "625.50600", "2016-12-31": "629.45200", "2016-09-30": "622.08200", "2016-06-30": "250.30100", "2016-03-31": "268.96200", "2015-12-31": "277.11000", "2015-09-30": "290.37300", "2015-06-30": "216.42500", "2015-03-31": "284.23900", "2014-12-31": "298.31600", "2014-09-30": "224.84700", "2014-06-30": "67.22600", "2014-03-31": "53.52500", "2013-12-31": "53.63700", "2013-09-30": "52.52700", "2013-06-30": "40.55700", "2013-03-31": "40.78100", "2012-12-31": "30.00500", "2012-09-30": "32.02400", "2012-06-30": "44.88200", "2012-03-31": "39.53700", "2011-12-31": "26.74200", "2011-09-30": "39.08200", "2011-06-30": "31.54800", "2011-03-31": "16.54200", "2010-12-31": "13.67200", "2010-09-30": "16.05900", "2010-06-30": "17.02400", "2010-03-31": "19.74800", "2009-12-31": "13.68700", "2009-09-30": "16.04000", "2009-06-30": "15.52300", "2009-03-31": "14.91400", "2008-12-31": "13.03600", "2008-09-30": "19.25800", "2008-06-30": "20.23900", "2008-03-31": "20.16200", "2007-12-31": "19.85800", "2007-09-30": "14.80000", "2007-06-30": "17.19300", "2007-03-31": "15.71000", "2006-12-31": "12.16000", "2006-09-30": "27.50800", "2006-06-30": "30.16400", "2006-03-31": "25.75200", "2005-12-31": "26.61200", "2005-09-30": "25.80800", "2005-06-30": "27.39400", "2005-03-31": "31.74100"}, "Common Stock Net": {"2020-12-31": "", "2020-09-30": "0.38600", "2020-06-30": "0.38500", "2020-03-31": "0.38100", "2019-12-31": "0.38300", "2019-09-30": "0.38100", "2019-06-30": "0.37900", "2019-03-31": "0.37800", "2018-12-31": "0.37700", "2018-09-30": "0.37800", "2018-06-30": "0.37600", "2018-03-31": "0.37500", "2017-12-31": "0.37500", "2017-09-30": "0.37400", "2017-06-30": "0.37400", "2017-03-31": "0.37300", "2016-12-31": "0.37300", "2016-09-30": "0.37300", "2016-06-30": "0.37200", "2016-03-31": "0.37200", "2015-12-31": "0.37200", "2015-09-30": "0.37200", "2015-06-30": "0.37100", "2015-03-31": "0.37200", "2014-12-31": "0.37100", "2014-09-30": "0.37000", "2014-06-30": "0.37000", "2014-03-31": "0.36900", "2013-12-31": "0.36900", "2013-09-30": "0.36900", "2013-06-30": "0.36800", "2013-03-31": "0.36800", "2012-12-31": "0.36800", "2012-09-30": "0.36800", "2012-06-30": "0.36800", "2012-03-31": "0.36900", "2011-12-31": "0.36900", "2011-09-30": "0.37000", "2011-06-30": "0.37100", "2011-03-31": "0.37100", "2010-12-31": "0.37100", "2010-09-30": "0.37100", "2010-06-30": "0.37000", "2010-03-31": "0.37300", "2009-12-31": "0.37300", "2009-09-30": "0.37200", "2009-06-30": "0.37200", "2009-03-31": "0.37300", "2008-12-31": "0.37500", "2008-09-30": "0.38400", "2008-06-30": "0.38600", "2008-03-31": "0.38800", "2007-12-31": "0.39200", "2007-09-30": "0.39500", "2007-06-30": "0.39500", "2007-03-31": "0.39400", "2006-12-31": "0.39400", "2006-09-30": "0.39400", "2006-06-30": "0.39400", "2006-03-31": "0.39400", "2005-12-31": "0.38900", "2005-09-30": "0.38900", "2005-06-30": "0.38600", "2005-03-31": "0.38400"}, "Retained Earnings (Accumulated Deficit)": {"2020-12-31": "", "2020-09-30": "1073.36200", "2020-06-30": "1057.47000", "2020-03-31": "1012.71300", "2019-12-31": "1038.78300", "2019-09-30": "931.35800", "2019-06-30": "931.93400", "2019-03-31": "927.77300", "2018-12-31": "895.20500", "2018-09-30": "905.13900", "2018-06-30": "876.93100", "2018-03-31": "847.31000", "2017-12-31": "839.56400", "2017-09-30": "802.43400", "2017-06-30": "799.02700", "2017-03-31": "778.83600", "2016-12-31": "769.00500", "2016-09-30": "774.73400", "2016-06-30": "770.55300", "2016-03-31": "756.92600", "2015-12-31": "738.53800", "2015-09-30": "724.58600", "2015-06-30": "713.85100", "2015-03-31": "699.46600", "2014-12-31": "687.06000", "2014-09-30": "665.71400", "2014-06-30": "653.27900", "2014-03-31": "637.92300", "2013-12-31": "617.72200", "2013-09-30": "604.10200", "2013-06-30": "587.72500", "2013-03-31": "572.18600", "2012-12-31": "550.12000", "2012-09-30": "535.80500", "2012-06-30": "520.44800", "2012-03-31": "505.83400", "2011-12-31": "487.52400", "2011-09-30": "479.55100", "2011-06-30": "472.73000", "2011-03-31": "454.42800", "2010-12-31": "433.38700", "2010-09-30": "416.86300", "2010-06-30": "400.11900", "2010-03-31": "399.42900", "2009-12-31": "378.13900", "2009-09-30": "363.10200", "2009-06-30": "345.64100", "2009-03-31": "331.33600", "2008-12-31": "323.61400", "2008-09-30": "372.19400", "2008-06-30": "359.20800", "2008-03-31": "341.36200", "2007-12-31": "340.42600", "2007-09-30": "337.41100", "2007-06-30": "314.33900", "2007-03-31": "294.51600", "2006-12-31": "270.62300", "2006-09-30": "251.96000", "2006-06-30": "229.22800", "2006-03-31": "212.93000", "2005-12-31": "192.58300", "2005-09-30": "202.05000", "2005-06-30": "185.04900", "2005-03-31": "166.51800"}, "Comprehensive Income": {"2020-12-31": "", "2020-09-30": "-83.14200", "2020-06-30": "-97.19900", "2020-03-31": "-103.45800", "2019-12-31": "-78.35200", "2019-09-30": "-91.62700", "2019-06-30": "-83.52100", "2019-03-31": "-79.63300", "2018-12-31": "-83.01100", "2018-09-30": "-70.63200", "2018-06-30": "-44.81400", "2018-03-31": "-15.86200", "2017-12-31": "-56.81700", "2017-09-30": "-49.75900", "2017-06-30": "-48.93500", "2017-03-31": "-65.29400", "2016-12-31": "-67.22000", "2016-09-30": "-63.92500", "2016-06-30": "-70.40500", "2016-03-31": "-76.48000", "2015-12-31": "-51.52700", "2015-09-30": "-53.61500", "2015-06-30": "-30.59300", "2015-03-31": "-41.62200", "2014-12-31": "-24.47700", "2014-09-30": "-22.97900", "2014-06-30": "-5.38800", "2014-03-31": "-3.90900", "2013-12-31": "-9.95300", "2013-09-30": "-14.32100", "2013-06-30": "14.55300", "2013-03-31": "12.83700", "2012-12-31": "10.25000", "2012-09-30": "12.14100", "2012-06-30": "21.77500", "2012-03-31": "6.87700", "2011-12-31": "-20.90400", "2011-09-30": "-20.22000", "2011-06-30": "-16.29100", "2011-03-31": "-15.84300", "2010-12-31": "-19.05000", "2010-09-30": "-17.29100", "2010-06-30": "-21.23400", "2010-03-31": "-19.77900", "2009-12-31": "-9.47500", "2009-09-30": "-10.54800", "2009-06-30": "-7.47700", "2009-03-31": "-22.55000", "2008-12-31": "-21.07000", "2008-09-30": "-0.54100", "2008-06-30": "12.12800", "2008-03-31": "11.41700", "2007-12-31": "12.89600", "2007-09-30": "15.54600", "2007-06-30": "12.92400", "2007-03-31": "11.17700", "2006-12-31": "10.65700", "2006-09-30": "7.06700", "2006-06-30": "5.68500", "2006-03-31": "1.53000", "2005-12-31": "1.09100", "2005-09-30": "2.66500", "2005-06-30": "3.63000", "2005-03-31": "7.01500"}, "Other Share Holders Equity": {"2020-12-31": "", "2020-09-30": "", "2020-06-30": "", "2020-03-31": "", "2019-12-31": "", "2019-09-30": "", "2019-06-30": "", "2019-03-31": "", "2018-12-31": "", "2018-09-30": "", "2018-06-30": "", "2018-03-31": "", "2017-12-31": "", "2017-09-30": "", "2017-06-30": "", "2017-03-31": "", "2016-12-31": "", "2016-09-30": "", "2016-06-30": "", "2016-03-31": "", "2015-12-31": "", "2015-09-30": "", "2015-06-30": "", "2015-03-31": "", "2014-12-31": "", "2014-09-30": "", "2014-06-30": "", "2014-03-31": "", "2013-12-31": "", "2013-09-30": "", "2013-06-30": "", "2013-03-31": "", "2012-12-31": "", "2012-09-30": "", "2012-06-30": "", "2012-03-31": "", "2011-12-31": "", "2011-09-30": "", "2011-06-30": "", "2011-03-31": "", "2010-12-31": "", "2010-09-30": "", "2010-06-30": "", "2010-03-31": "", "2009-12-31": "", "2009-09-30": "", "2009-06-30": "", "2009-03-31": "", "2008-12-31": "", "2008-09-30": "", "2008-06-30": "", "2008-03-31": "", "2007-12-31": "", "2007-09-30": "", "2007-06-30": "", "2007-03-31": "", "2006-12-31": "", "2006-09-30": "", "2006-06-30": "", "2006-03-31": "", "2005-12-31": "", "2005-09-30": "", "2005-06-30": "", "2005-03-31": ""}, "Share Holder Equity": {"2020-12-31": "1530.85400", "2020-09-30": "1439.28500", "2020-06-30": "1381.19200", "2020-03-31": "1291.26800", "2019-12-31": "1323.34800", "2019-09-30": "1174.22400", "2019-06-30": "1165.58900", "2019-03-31": "1146.26600", "2018-12-31": "1096.42500", "2018-09-30": "1109.46900", "2018-06-30": "1079.06100", "2018-03-31": "1058.29200", "2017-12-31": "997.81900", "2017-09-30": "959.81000", "2017-06-30": "949.62700", "2017-03-31": "907.92500", "2016-12-31": "890.57300", "2016-09-30": "895.36900", "2016-06-30": "879.28000", "2016-03-31": "852.96200", "2015-12-31": "856.34300", "2015-09-30": "837.94700", "2015-06-30": "846.93500", "2015-03-31": "820.06600", "2014-12-31": "820.68200", "2014-09-30": "793.41300", "2014-06-30": "795.26500", "2014-03-31": "777.04100", "2013-12-31": "748.52800", "2013-09-30": "726.76300", "2013-06-30": "737.54100", "2013-03-31": "719.50900", "2012-12-31": "694.56500", "2012-09-30": "680.60500", "2012-06-30": "674.44200", "2012-03-31": "644.49700", "2011-12-31": "597.50600", "2011-09-30": "589.35400", "2011-06-30": "586.12200", "2011-03-31": "566.27700", "2010-12-31": "541.93600", "2010-09-30": "523.56500", "2010-06-30": "501.79200", "2010-03-31": "502.14400", "2009-12-31": "488.54600", "2009-09-30": "471.00600", "2009-06-30": "456.48200", "2009-03-31": "426.88900", "2008-12-31": "420.49400", "2008-09-30": "488.41000", "2008-06-30": "487.13000", "2008-03-31": "467.94800", "2007-12-31": "468.35500", "2007-09-30": "466.25600", "2007-06-30": "437.65100", "2007-03-31": "411.46300", "2006-12-31": "385.48200", "2006-09-30": "361.69700", "2006-06-30": "340.34800", "2006-03-31": "316.37000", "2005-12-31": "283.50100", "2005-09-30": "292.67700", "2005-06-30": "267.86900", "2005-03-31": "246.24700"}, "Total Liabilities And Share Holders Equity": {"2020-12-31": "2067.86600", "2020-09-30": "2053.09600", "2020-06-30": "2027.58900", "2020-03-31": "1999.02200", "2019-12-31": "1998.41500", "2019-09-30": "1925.02800", "2019-06-30": "1884.41000", "2019-03-31": "1872.61800", "2018-12-31": "1844.83200", "2018-09-30": "1872.19800", "2018-06-30": "1593.20200", "2018-03-31": "1617.80800", "2017-12-31": "1555.42200", "2017-09-30": "1527.38000", "2017-06-30": "1558.21900", "2017-03-31": "1533.43100", "2016-12-31": "1520.02500", "2016-09-30": "1517.47800", "2016-06-30": "1129.58100", "2016-03-31": "1121.92400", "2015-12-31": "1133.45300", "2015-09-30": "1128.32000", "2015-06-30": "1063.36000", "2015-03-31": "1104.30500", "2014-12-31": "1118.99800", "2014-09-30": "1018.26000", "2014-06-30": "862.49100", "2014-03-31": "830.56600", "2013-12-31": "802.16500", "2013-09-30": "779.29000", "2013-06-30": "778.09800", "2013-03-31": "760.29000", "2012-12-31": "724.57000", "2012-09-30": "712.62900", "2012-06-30": "719.32400", "2012-03-31": "684.03400", "2011-12-31": "624.24800", "2011-09-30": "628.43600", "2011-06-30": "617.67000", "2011-03-31": "582.81900", "2010-12-31": "555.60800", "2010-09-30": "539.62400", "2010-06-30": "518.81600", "2010-03-31": "521.89200", "2009-12-31": "502.23300", "2009-09-30": "487.04600", "2009-06-30": "472.00500", "2009-03-31": "441.80300", "2008-12-31": "433.53000", "2008-09-30": "507.66800", "2008-06-30": "507.36900", "2008-03-31": "488.11000", "2007-12-31": "488.21300", "2007-09-30": "481.05600", "2007-06-30": "454.84400", "2007-03-31": "427.17300", "2006-12-31": "397.64200", "2006-09-30": "389.20500", "2006-06-30": "370.51200", "2006-03-31": "342.12200", "2005-12-31": "310.11300", "2005-09-30": "318.48500", "2005-06-30": "295.26300", "2005-03-31": "277.98800"}}, "cash flow statement": {"Net Income/Loss": {"2020-06-30": "229.29600", "2019-06-30": "96.07200", "2018-06-30": "126.15000", "2017-06-30": "76.08600", "2016-06-30": "104.47600", "2015-06-30": "107.73500", "2014-06-30": "110.94800", "2013-06-30": "112.56100", "2012-06-30": "112.33100", "2011-06-30": "112.30200", "2010-06-30": "109.77600", "2009-06-30": "105.24200", "2008-06-30": "103.55800", "2007-06-30": "85.11100", "2006-06-30": "73.35100", "2005-06-30": "66.13200"}, "Total Depreciation And Amortization - Cash Flow": {"2020-06-30": "82.73700", "2019-06-30": "78.17100", "2018-06-30": "64.46300", "2017-06-30": "60.03600", "2016-06-30": "42.76400", "2015-06-30": "37.22600", "2014-06-30": "19.17500", "2013-06-30": "12.32100", "2012-06-30": "12.46700", "2011-06-30": "8.70000", "2010-06-30": "8.13000", "2009-06-30": "7.76600", "2008-06-30": "7.25900", "2007-06-30": "6.99400", "2006-06-30": "6.95500", "2005-06-30": "6.10800"}, "Other Non-Cash Items": {"2020-06-30": "-100.83800", "2019-06-30": "32.80200", "2018-06-30": "-22.91800", "2017-06-30": "20.83500", "2016-06-30": "12.23700", "2015-06-30": "5.92200", "2014-06-30": "7.88800", "2013-06-30": "3.18600", "2012-06-30": "5.65700", "2011-06-30": "6.24600", "2010-06-30": "0.89800", "2009-06-30": "1.93100", "2008-06-30": "2.08200", "2007-06-30": "1.21100", "2006-06-30": "-6.88000", "2005-06-30": "0.97800"}, "Total Non-Cash Items": {"2020-06-30": "-18.10100", "2019-06-30": "110.97300", "2018-06-30": "41.54500", "2017-06-30": "80.87100", "2016-06-30": "55.00100", "2015-06-30": "43.14800", "2014-06-30": "27.06300", "2013-06-30": "15.50700", "2012-06-30": "18.12400", "2011-06-30": "14.94600", "2010-06-30": "9.02800", "2009-06-30": "9.69700", "2008-06-30": "9.34100", "2007-06-30": "8.20500", "2006-06-30": "0.07500", "2005-06-30": "7.08600"}, "Change In Accounts Receivable": {"2020-06-30": "6.55600", "2019-06-30": "-15.00000", "2018-06-30": "-2.70000", "2017-06-30": "-19.68600", "2016-06-30": "-22.98100", "2015-06-30": "-11.74700", "2014-06-30": "1.14500", "2013-06-30": "-2.33400", "2012-06-30": "-2.09600", "2011-06-30": "-3.62400", "2010-06-30": "-4.03400", "2009-06-30": "0.04900", "2008-06-30": "-1.71800", "2007-06-30": "-5.00400", "2006-06-30": "-2.15300", "2005-06-30": "-1.03400"}, "Change In Inventories": {"2020-06-30": "-14.86100", "2019-06-30": "-13.64700", "2018-06-30": "-13.32700", "2017-06-30": "-0.73200", "2016-06-30": "-6.62600", "2015-06-30": "-4.71400", "2014-06-30": "-2.89500", "2013-06-30": "-2.21600", "2012-06-30": "-1.57700", "2011-06-30": "-1.02100", "2010-06-30": "-2.36800", "2009-06-30": "-2.12300", "2008-06-30": "-1.06200", "2007-06-30": "0.20500", "2006-06-30": "1.11100", "2005-06-30": "-0.32500"}, "Change In Accounts Payable": {"2020-06-30": "10.34300", "2019-06-30": "6.10100", "2018-06-30": "5.02600", "2017-06-30": "5.69500", "2016-06-30": "8.92400", "2015-06-30": "2.15400", "2014-06-30": "1.36800", "2013-06-30": "0.24300", "2012-06-30": "1.58100", "2011-06-30": "-0.59100", "2010-06-30": "-0.07400", "2009-06-30": "1.39400", "2008-06-30": "-0.93000", "2007-06-30": "1.38000", "2006-06-30": "0.25300", "2005-06-30": "0.15300"}, "Change In Assets/Liabilities": {"2020-06-30": "-2.60500", "2019-06-30": "-0.69800", "2018-06-30": "2.78200", "2017-06-30": "-2.08800", "2016-06-30": "-0.38100", "2015-06-30": "-0.62000", "2014-06-30": "-0.55400", "2013-06-30": "-0.03300", "2012-06-30": "-0.47600", "2011-06-30": "0.25600", "2010-06-30": "-0.18600", "2009-06-30": "-0.04200", "2008-06-30": "0.09600", "2007-06-30": "-0.11700", "2006-06-30": "0.16900", "2005-06-30": "0.05100"}, "Total Change In Assets/Liabilities": {"2020-06-30": "-5.24600", "2019-06-30": "-27.75100", "2018-06-30": "1.89600", "2017-06-30": "-15.45100", "2016-06-30": "-15.04100", "2015-06-30": "-11.36700", "2014-06-30": "-1.84100", "2013-06-30": "-5.26900", "2012-06-30": "-3.93900", "2011-06-30": "-0.27900", "2010-06-30": "-7.76600", "2009-06-30": "-4.07600", "2008-06-30": "2.21000", "2007-06-30": "-2.98100", "2006-06-30": "12.03400", "2005-06-30": "1.11100"}, "Cash Flow From Operating Activities": {"2020-06-30": "205.21700", "2019-06-30": "181.61900", "2018-06-30": "170.36700", "2017-06-30": "143.72100", "2016-06-30": "144.15700", "2015-06-30": "139.35900", "2014-06-30": "136.76200", "2013-06-30": "123.56200", "2012-06-30": "126.74600", "2011-06-30": "127.19400", "2010-06-30": "111.26000", "2009-06-30": "111.32100", "2008-06-30": "115.31700", "2007-06-30": "90.50300", "2006-06-30": "85.58900", "2005-06-30": "74.43300"}, "Net Change In Property, Plant, And Equipment": {"2020-06-30": "-51.74400", "2019-06-30": "-25.41100", "2018-06-30": "-20.93400", "2017-06-30": "-15.17900", "2016-06-30": "-16.89800", "2015-06-30": "-19.90500", "2014-06-30": "-13.82100", "2013-06-30": "-22.45400", "2012-06-30": "-6.01700", "2011-06-30": "-3.63000", "2010-06-30": "-4.64400", "2009-06-30": "-6.55600", "2008-06-30": "-16.36500", "2007-06-30": "-8.07600", "2006-06-30": "-4.60300", "2005-06-30": "-11.41000"}, "Net Change In Intangible Assets": {"2020-06-30": "", "2019-06-30": "", "2018-06-30": "", "2017-06-30": "", "2016-06-30": "", "2015-06-30": "", "2014-06-30": "", "2013-06-30": "", "2012-06-30": "", "2011-06-30": "", "2010-06-30": "", "2009-06-30": "", "2008-06-30": "", "2007-06-30": "", "2006-06-30": "", "2005-06-30": ""}, "Net Acquisitions/Divestitures": {"2020-06-30": "", "2019-06-30": "-289.49200", "2018-06-30": "-67.85100", "2017-06-30": "-253.78500", "2016-06-30": "-91.42300", "2015-06-30": "-420.10200", "2014-06-30": "-109.18000", "2013-06-30": "", "2012-06-30": "", "2011-06-30": "-131.76600", "2010-06-30": "", "2009-06-30": "", "2008-06-30": "", "2007-06-30": "", "2006-06-30": "-19.58700", "2005-06-30": ""}, "Net Change In Short-term Investments": {"2020-06-30": "76.93300", "2019-06-30": "-21.89600", "2018-06-30": "27.81900", "2017-06-30": "3.01000", "2016-06-30": "0.77600", "2015-06-30": "13.46600", "2014-06-30": "182.66400", "2013-06-30": "-9.10200", "2012-06-30": "-15.28500", "2011-06-30": "22.15400", "2010-06-30": "-110.02100", "2009-06-30": "26.49400", "2008-06-30": "-8.61400", "2007-06-30": "-23.81600", "2006-06-30": "-36.77700", "2005-06-30": "65.14600"}, "Net Change In Long-Term Investments": {"2020-06-30": "1.90600", "2019-06-30": "", "2018-06-30": "21.57400", "2017-06-30": "-40.00000", "2016-06-30": "", "2015-06-30": "", "2014-06-30": "-10.00000", "2013-06-30": "", "2012-06-30": "", "2011-06-30": "", "2010-06-30": "", "2009-06-30": "", "2008-06-30": "-1.72300", "2007-06-30": "-7.90000", "2006-06-30": "-9.75000", "2005-06-30": ""}, "Net Change In Investments - Total": {"2020-06-30": "78.83900", "2019-06-30": "-21.89600", "2018-06-30": "49.39300", "2017-06-30": "-36.99000", "2016-06-30": "0.77600", "2015-06-30": "13.46600", "2014-06-30": "172.66400", "2013-06-30": "-9.10200", "2012-06-30": "-15.28500", "2011-06-30": "22.15400", "2010-06-30": "-110.02100", "2009-06-30": "26.49400", "2008-06-30": "-10.33700", "2007-06-30": "-31.71600", "2006-06-30": "-46.52700", "2005-06-30": "65.14600"}, "Investing Activities - Other": {"2020-06-30": "", "2019-06-30": "", "2018-06-30": "0.68000", "2017-06-30": "", "2016-06-30": "-0.02500", "2015-06-30": "0.04900", "2014-06-30": "0.02500", "2013-06-30": "0.35200", "2012-06-30": "-0.36600", "2011-06-30": "-0.94300", "2010-06-30": "0.05000", "2009-06-30": "1.34000", "2008-06-30": "-0.80800", "2007-06-30": "-0.12500", "2006-06-30": "", "2005-06-30": "-0.46100"}, "Cash Flow From Investing Activities": {"2020-06-30": "27.09500", "2019-06-30": "-336.79900", "2018-06-30": "-38.71200", "2017-06-30": "-305.95400", "2016-06-30": "-107.57000", "2015-06-30": "-426.49200", "2014-06-30": "49.68800", "2013-06-30": "-31.20400", "2012-06-30": "-21.66800", "2011-06-30": "-114.18500", "2010-06-30": "-114.61500", "2009-06-30": "21.27800", "2008-06-30": "-27.51000", "2007-06-30": "-39.91700", "2006-06-30": "-70.71700", "2005-06-30": "53.27500"}, "Net Long-Term Debt": {"2020-06-30": "", "2019-06-30": "", "2018-06-30": "", "2017-06-30": "", "2016-06-30": "", "2015-06-30": "", "2014-06-30": "", "2013-06-30": "", "2012-06-30": "", "2011-06-30": "", "2010-06-30": "", "2009-06-30": "", "2008-06-30": "", "2007-06-30": "-13.42700", "2006-06-30": "-1.18900", "2005-06-30": "-1.24100"}, "Net Current Debt": {"2020-06-30": "-148.50000", "2019-06-30": "166.50000", "2018-06-30": "-4.50000", "2017-06-30": "252.00000", "2016-06-30": "18.50000", "2015-06-30": "68.03600", "2014-06-30": "", "2013-06-30": "", "2012-06-30": "", "2011-06-30": "", "2010-06-30": "", "2009-06-30": "", "2008-06-30": "", "2007-06-30": "", "2006-06-30": "", "2005-06-30": ""}, "Debt Issuance/Retirement Net - Total": {"2020-06-30": "-148.50000", "2019-06-30": "166.50000", "2018-06-30": "-4.50000", "2017-06-30": "252.00000", "2016-06-30": "18.50000", "2015-06-30": "68.03600", "2014-06-30": "", "2013-06-30": "", "2012-06-30": "", "2011-06-30": "", "2010-06-30": "", "2009-06-30": "", "2008-06-30": "", "2007-06-30": "-13.42700", "2006-06-30": "-1.18900", "2005-06-30": "-1.24100"}, "Net Common Equity Issued/Repurchased": {"2020-06-30": "20.87100", "2019-06-30": "22.54500", "2018-06-30": "19.17000", "2017-06-30": "5.25700", "2016-06-30": "5.45800", "2015-06-30": "9.73100", "2014-06-30": "8.32600", "2013-06-30": "-1.28900", "2012-06-30": "-23.65800", "2011-06-30": "2.55600", "2010-06-30": "-12.31900", "2009-06-30": "-91.35700", "2008-06-30": "-57.11500", "2007-06-30": "1.51800", "2006-06-30": "-14.72300", "2005-06-30": "-95.92200"}, "Net Total Equity Issued/Repurchased": {"2020-06-30": "20.87100", "2019-06-30": "22.54500", "2018-06-30": "19.17000", "2017-06-30": "5.25700", "2016-06-30": "5.45800", "2015-06-30": "9.73100", "2014-06-30": "8.32600", "2013-06-30": "-1.28900", "2012-06-30": "-23.65800", "2011-06-30": "2.55600", "2010-06-30": "-12.31900", "2009-06-30": "-91.35700", "2008-06-30": "-57.11500", "2007-06-30": "1.51800", "2006-06-30": "-14.72300", "2005-06-30": "-95.92200"}, "Total Common And Preferred Stock Dividends Paid": {"2020-06-30": "-48.90200", "2019-06-30": "-48.36400", "2018-06-30": "-47.97300", "2017-06-30": "-47.32500", "2016-06-30": "-47.60700", "2015-06-30": "-47.10700", "2014-06-30": "-45.39400", "2013-06-30": "-43.46300", "2012-06-30": "-41.01800", "2011-06-30": "-39.69100", "2010-06-30": "-38.38800", "2009-06-30": "-28.19400", "2008-06-30": "", "2007-06-30": "", "2006-06-30": "", "2005-06-30": ""}, "Financial Activities - Other": {"2020-06-30": "-7.27200", "2019-06-30": "-6.29700", "2018-06-30": "-65.88500", "2017-06-30": "-20.81900", "2016-06-30": "0.27900", "2015-06-30": "0.61500", "2014-06-30": "0.26200", "2013-06-30": "0.07500", "2012-06-30": "0.05100", "2011-06-30": "0.84700", "2010-06-30": "0.19600", "2009-06-30": "0.10700", "2008-06-30": "0.52400", "2007-06-30": "0.53400", "2006-06-30": "7.98900", "2005-06-30": ""}, "Cash Flow From Financial Activities": {"2020-06-30": "-183.80200", "2019-06-30": "134.38400", "2018-06-30": "-99.18800", "2017-06-30": "189.11300", "2016-06-30": "-23.37000", "2015-06-30": "31.27500", "2014-06-30": "-36.80600", "2013-06-30": "-44.67700", "2012-06-30": "-64.62500", "2011-06-30": "-36.28800", "2010-06-30": "-50.51100", "2009-06-30": "-119.44400", "2008-06-30": "-56.59100", "2007-06-30": "-11.37500", "2006-06-30": "-7.92300", "2005-06-30": "-97.16300"}, "Net Cash Flow": {"2020-06-30": "45.73900", "2019-06-30": "-21.10400", "2018-06-30": "30.37800", "2017-06-30": "27.37500", "2016-06-30": "9.70500", "2015-06-30": "-264.03600", "2014-06-30": "154.78200", "2013-06-30": "47.11100", "2012-06-30": "39.06200", "2011-06-30": "-16.52600", "2010-06-30": "-66.80100", "2009-06-30": "-6.05200", "2008-06-30": "31.50700", "2007-06-30": "45.85100", "2006-06-30": "9.29000", "2005-06-30": "29.14300"}, "Stock-Based Compensation": {"2020-06-30": "32.36700", "2019-06-30": "32.28000", "2018-06-30": "28.24000", "2017-06-30": "14.63100", "2016-06-30": "9.43000", "2015-06-30": "5.95700", "2014-06-30": "3.52300", "2013-06-30": "1.86400", "2012-06-30": "1.64100", "2011-06-30": "1.13800", "2010-06-30": "1.13500", "2009-06-30": "1.47800", "2008-06-30": "1.72700", "2007-06-30": "1.57600", "2006-06-30": "1.62800", "2005-06-30": ""}, "Common Stock Dividends Paid": {"2020-06-30": "-48.90200", "2019-06-30": "-48.36400", "2018-06-30": "-47.97300", "2017-06-30": "-47.32500", "2016-06-30": "-47.60700", "2015-06-30": "-47.10700", "2014-06-30": "-45.39400", "2013-06-30": "-43.46300", "2012-06-30": "-41.01800", "2011-06-30": "-39.69100", "2010-06-30": "-38.38800", "2009-06-30": "-28.19400", "2008-06-30": "", "2007-06-30": "", "2006-06-30": "", "2005-06-30": ""}}, "cash flow statement, quarterly": {"Net Income/Loss": {"2020-12-31": -33.395, "2020-09-30": "33.39500", "2020-06-30": 58.845, "2020-03-31": 36.433, "2019-12-31": 119.62, "2019-09-30": "14.39800", "2019-06-30": 16.46, "2019-03-31": 44.654, "2018-12-31": 17.555, "2018-09-30": "17.40300", "2018-06-30": 41.701, "2018-03-31": 19.739, "2017-12-31": 48.847, "2017-09-30": "15.86300", "2017-06-30": 27.61, "2017-03-31": 22.167, "2016-12-31": 7.466, "2016-09-30": "18.84300", "2016-06-30": 25.626, "2016-03-31": 30.291, "2015-12-31": 25.852, "2015-09-30": "22.70700", "2015-06-30": 26.329, "2015-03-31": 24.29, "2014-12-31": 33.209, "2014-09-30": "23.90700", "2014-06-30": 26.824, "2014-03-31": 31.641, "2013-12-31": 25.055, "2013-09-30": "27.42800", "2013-06-30": 28.411, "2013-03-31": 33.118, "2012-12-31": 25.364, "2012-09-30": "25.66800", "2012-06-30": 27.241, "2012-03-31": 31.756, "2011-12-31": 25.813, "2011-09-30": "27.52100", "2011-06-30": 28.331, "2011-03-31": 31.064, "2010-12-31": 26.534, "2010-09-30": "26.37300", "2010-06-30": 25.895, "2010-03-31": 32.388, "2009-12-31": 24.721, "2009-09-30": "26.77200", "2009-06-30": 25.386, "2009-03-31": 27.641, "2008-12-31": 23.622, "2008-09-30": "28.59300", "2008-06-30": 27.257, "2008-03-31": 29.59, "2007-12-31": 23.639, "2007-09-30": "23.07200", "2007-06-30": 22.924, "2007-03-31": 23.893, "2006-12-31": 18.663, "2006-09-30": "19.63100", "2006-06-30": 19.489, "2006-03-31": 20.347, "2005-12-31": 16.514, "2005-09-30": "17.00100", "2005-06-30": 18.567, "2005-03-31": 47.565}, "Total Depreciation And Amortization - Cash Flow": {"2020-12-31": -21.088, "2020-09-30": "21.08800", "2020-06-30": 20.991, "2020-03-31": 21.108, "2019-12-31": 20.553, "2019-09-30": "20.08500", "2019-06-30": 19.919, "2019-03-31": 19.322, "2018-12-31": 19.878, "2018-09-30": "19.05200", "2018-06-30": 17.152, "2018-03-31": 16.273, "2017-12-31": 15.615, "2017-09-30": "15.42300", "2017-06-30": 14.748, "2017-03-31": 16.038, "2016-12-31": 15.606, "2016-09-30": "13.64400", "2016-06-30": 10.661, "2016-03-31": 10.828, "2015-12-31": 10.59, "2015-09-30": "10.68500", "2015-06-30": 9.499, "2015-03-31": 9.273, "2014-12-31": 9.895, "2014-09-30": "8.55900", "2014-06-30": 5.311, "2014-03-31": 4.918, "2013-12-31": 4.856, "2013-09-30": "4.09000", "2013-06-30": 3.042, "2013-03-31": 3.001, "2012-12-31": 3.173, "2012-09-30": "3.10500", "2012-06-30": 3.101, "2012-03-31": 3.052, "2011-12-31": 3.179, "2011-09-30": "3.13500", "2011-06-30": 2.758, "2011-03-31": 1.884, "2010-12-31": 2.05, "2010-09-30": "2.00800", "2010-06-30": 2.063, "2010-03-31": 2.002, "2009-12-31": 2.06, "2009-09-30": "2.00500", "2009-06-30": 1.965, "2009-03-31": 1.926, "2008-12-31": 1.954, "2008-09-30": "1.92100", "2008-06-30": 2.005, "2008-03-31": 1.871, "2007-12-31": 1.691, "2007-09-30": "1.69200", "2007-06-30": 1.842, "2007-03-31": 1.766, "2006-12-31": 1.721, "2006-09-30": "1.66500", "2006-06-30": 1.787, "2006-03-31": 1.718, "2005-12-31": 1.727, "2005-09-30": "1.72300", "2005-06-30": 1.557, "2005-03-31": 4.551}, "Other Non-Cash Items": {"2020-12-31": -16.702, "2020-09-30": "16.70200", "2020-06-30": -23.212, "2020-03-31": -0.17, "2019-12-31": -96.316, "2019-09-30": "18.86000", "2019-06-30": 20.968, "2019-03-31": -8.021, "2018-12-31": 9.121, "2018-09-30": "10.73400", "2018-06-30": -0.614, "2018-03-31": -8.088, "2017-12-31": -23.645, "2017-09-30": "9.42900", "2017-06-30": 7.186, "2017-03-31": -3.745, "2016-12-31": 12.13, "2016-09-30": "5.26400", "2016-06-30": 3.501, "2016-03-31": 3.456, "2015-12-31": 3.244, "2015-09-30": "2.03600", "2015-06-30": 5.039, "2015-03-31": 2.474, "2014-12-31": -4.503, "2014-09-30": "2.91200", "2014-06-30": 5.039, "2014-03-31": 0.825, "2013-12-31": 1.053, "2013-09-30": "0.97100", "2013-06-30": 0.37, "2013-03-31": 0.732, "2012-12-31": 1.254, "2012-09-30": "0.83000", "2012-06-30": 2.39, "2012-03-31": 5.274, "2011-12-31": -3.57, "2011-09-30": "1.56300", "2011-06-30": 1.79, "2011-03-31": 2.117, "2010-12-31": 1.147, "2010-09-30": "1.19200", "2010-06-30": 1.356, "2010-03-31": -1.543, "2009-12-31": 0.685, "2009-09-30": "0.40000", "2009-06-30": 0.017, "2009-03-31": 0.849, "2008-12-31": 0.946, "2008-09-30": "0.11900", "2008-06-30": 0.787, "2008-03-31": 0.46, "2007-12-31": 0.928, "2007-09-30": "-0.09300", "2007-06-30": -0.233, "2007-03-31": 0.501, "2006-12-31": 0.77, "2006-09-30": "0.17300", "2006-06-30": 0.421, "2006-03-31": -6.446, "2005-12-31": 0.278, "2005-09-30": "-1.13300", "2005-06-30": 0.372, "2005-03-31": 0.606}, "Total Non-Cash Items": {"2020-12-31": -37.79, "2020-09-30": "37.79000", "2020-06-30": -2.221, "2020-03-31": 20.938, "2019-12-31": -75.763, "2019-09-30": "38.94500", "2019-06-30": 40.887, "2019-03-31": 11.301, "2018-12-31": 28.999, "2018-09-30": "29.78600", "2018-06-30": 16.538, "2018-03-31": 8.185, "2017-12-31": -8.03, "2017-09-30": "24.85200", "2017-06-30": 21.934, "2017-03-31": 12.293, "2016-12-31": 27.736, "2016-09-30": "18.90800", "2016-06-30": 14.162, "2016-03-31": 14.284, "2015-12-31": 13.834, "2015-09-30": "12.72100", "2015-06-30": 14.538, "2015-03-31": 11.747, "2014-12-31": 5.392, "2014-09-30": "11.47100", "2014-06-30": 10.35, "2014-03-31": 5.743, "2013-12-31": 5.909, "2013-09-30": "5.06100", "2013-06-30": 3.412, "2013-03-31": 3.733, "2012-12-31": 4.427, "2012-09-30": "3.93500", "2012-06-30": 5.491, "2012-03-31": 8.326, "2011-12-31": -0.391, "2011-09-30": "4.69800", "2011-06-30": 4.548, "2011-03-31": 4.001, "2010-12-31": 3.197, "2010-09-30": "3.20000", "2010-06-30": 3.419, "2010-03-31": 0.459, "2009-12-31": 2.745, "2009-09-30": "2.40500", "2009-06-30": 1.982, "2009-03-31": 2.775, "2008-12-31": 2.9, "2008-09-30": "2.04000", "2008-06-30": 2.792, "2008-03-31": 2.331, "2007-12-31": 2.619, "2007-09-30": "1.59900", "2007-06-30": 1.609, "2007-03-31": 2.267, "2006-12-31": 2.491, "2006-09-30": "1.83800", "2006-06-30": 2.208, "2006-03-31": -4.728, "2005-12-31": 2.005, "2005-09-30": "0.59000", "2005-06-30": 1.929, "2005-03-31": 5.157}, "Change In Accounts Receivable": {"2020-12-31": -0.91, "2020-09-30": "0.91000", "2020-06-30": 3.864, "2020-03-31": -7.258, "2019-12-31": 11.355, "2019-09-30": "-1.40500", "2019-06-30": -1.864, "2019-03-31": -20.984, "2018-12-31": -0.459, "2018-09-30": "8.30700", "2018-06-30": -12.099, "2018-03-31": -9.237, "2017-12-31": 19.199, "2017-09-30": "-0.56300", "2017-06-30": 0.257, "2017-03-31": -13.537, "2016-12-31": 3.77, "2016-09-30": "-10.17600", "2016-06-30": -8.365, "2016-03-31": -20.029, "2015-12-31": 9.176, "2015-09-30": "-3.76300", "2015-06-30": -4.431, "2015-03-31": -8.959, "2014-12-31": 1.221, "2014-09-30": "0.42200", "2014-06-30": 8.007, "2014-03-31": -9.753, "2013-12-31": 2.997, "2013-09-30": "-0.10600", "2013-06-30": -0.015, "2013-03-31": -5.964, "2012-12-31": 2.592, "2012-09-30": "1.05300", "2012-06-30": 2.549, "2012-03-31": -5.908, "2011-12-31": -0.328, "2011-09-30": "1.59100", "2011-06-30": 2.236, "2011-03-31": -7.019, "2010-12-31": 1.261, "2010-09-30": "-0.10200", "2010-06-30": 1.932, "2010-03-31": -5.381, "2009-12-31": -0.052, "2009-09-30": "-0.53300", "2009-06-30": 2.907, "2009-03-31": -6.869, "2008-12-31": 6.11, "2008-09-30": "-2.09900", "2008-06-30": 0.839, "2008-03-31": -3.254, "2007-12-31": 0.3, "2007-09-30": "0.39700", "2007-06-30": 0.106, "2007-03-31": -6.401, "2006-12-31": 1.734, "2006-09-30": "-0.44300", "2006-06-30": 2.278, "2006-03-31": -5.955, "2005-12-31": 1.463, "2005-09-30": "0.06100", "2005-06-30": 0.539, "2005-03-31": -1.573}, "Change In Inventories": {"2020-12-31": 1.968, "2020-09-30": "-1.96800", "2020-06-30": -4.852, "2020-03-31": -5.628, "2019-12-31": -3.661, "2019-09-30": "-0.72000", "2019-06-30": -2.097, "2019-03-31": -3.338, "2018-12-31": -1.534, "2018-09-30": "-6.67800", "2018-06-30": -1.751, "2018-03-31": -4.063, "2017-12-31": -2.067, "2017-09-30": "-5.44600", "2017-06-30": 2.844, "2017-03-31": -1.079, "2016-12-31": -0.083, "2016-09-30": "-2.41400", "2016-06-30": -2.389, "2016-03-31": 0.322, "2015-12-31": -1.383, "2015-09-30": "-3.17600", "2015-06-30": 0.168, "2015-03-31": -0.623, "2014-12-31": -1.933, "2014-09-30": "-2.32600", "2014-06-30": -2.191, "2014-03-31": 0.539, "2013-12-31": -0.947, "2013-09-30": "-0.29600", "2013-06-30": -0.184, "2013-03-31": -0.67, "2012-12-31": -0.278, "2012-09-30": "-1.08400", "2012-06-30": 0.009, "2012-03-31": -0.657, "2011-12-31": -0.703, "2011-09-30": "-0.22600", "2011-06-30": -1.004, "2011-03-31": 0.217, "2010-12-31": 0.039, "2010-09-30": "-0.27300", "2010-06-30": 0.308, "2010-03-31": -0.608, "2009-12-31": -0.5, "2009-09-30": "-1.56800", "2009-06-30": -0.205, "2009-03-31": -0.84, "2008-12-31": -0.635, "2008-09-30": "-0.44300", "2008-06-30": 0.503, "2008-03-31": -0.594, "2007-12-31": -0.481, "2007-09-30": "-0.49000", "2007-06-30": 0.85, "2007-03-31": -0.355, "2006-12-31": -0.158, "2006-09-30": "-0.13200", "2006-06-30": 0.673, "2006-03-31": 0.361, "2005-12-31": -0.007, "2005-09-30": "0.08400", "2005-06-30": 0.393, "2005-03-31": -0.718}, "Change In Accounts Payable": {"2020-12-31": -6.918, "2020-09-30": "6.91800", "2020-06-30": 0.312, "2020-03-31": 2.916, "2019-12-31": 5.659, "2019-09-30": "1.45600", "2019-06-30": -1.876, "2019-03-31": 2.592, "2018-12-31": 2.278, "2018-09-30": "3.10700", "2018-06-30": 3.361, "2018-03-31": 6.401, "2017-12-31": -14.286, "2017-09-30": "9.55000", "2017-06-30": -1.603, "2017-03-31": 2.05, "2016-12-31": 1.116, "2016-09-30": "4.13200", "2016-06-30": 3.434, "2016-03-31": 7.561, "2015-12-31": -1.655, "2015-09-30": "-0.41600", "2015-06-30": 0.664, "2015-03-31": 0.533, "2014-12-31": 2.444, "2014-09-30": "-1.48700", "2014-06-30": 0.793, "2014-03-31": 1.569, "2013-12-31": -0.166, "2013-09-30": "-0.82800", "2013-06-30": 0.458, "2013-03-31": -0.475, "2012-12-31": 0.042, "2012-09-30": "0.21800", "2012-06-30": -0.06, "2012-03-31": 0.206, "2011-12-31": -0.163, "2011-09-30": "1.59800", "2011-06-30": -0.938, "2011-03-31": 1.189, "2010-12-31": -0.547, "2010-09-30": "-0.29500", "2010-06-30": 0.251, "2010-03-31": -3.611, "2009-12-31": 2.984, "2009-09-30": "0.30200", "2009-06-30": 0.122, "2009-03-31": 1.07, "2008-12-31": -0.556, "2008-09-30": "0.75800", "2008-06-30": -0.35, "2008-03-31": -0.904, "2007-12-31": 0.994, "2007-09-30": "-0.67000", "2007-06-30": 1.059, "2007-03-31": 0.961, "2006-12-31": -0.728, "2006-09-30": "0.08800", "2006-06-30": 0.27, "2006-03-31": -0.382, "2005-12-31": -0.158, "2005-09-30": "0.52300", "2005-06-30": -1.055, "2005-03-31": 1.208}, "Change In Assets/Liabilities": {"2020-12-31": -1.632, "2020-09-30": "1.63200", "2020-06-30": -1.355, "2020-03-31": 0.07, "2019-12-31": 1.229, "2019-09-30": "-2.54900", "2019-06-30": 0.302, "2019-03-31": 1.258, "2018-12-31": -0.904, "2018-09-30": "-1.35400", "2018-06-30": 1.924, "2018-03-31": -0.463, "2017-12-31": 1.273, "2017-09-30": "0.04800", "2017-06-30": -0.175, "2017-03-31": -2.148, "2016-12-31": -0.37, "2016-09-30": "0.60500", "2016-06-30": 0.665, "2016-03-31": 0.464, "2015-12-31": -0.744, "2015-09-30": "-0.76600", "2015-06-30": -0.025, "2015-03-31": -0.095, "2014-12-31": -0.508, "2014-09-30": "0.00800", "2014-06-30": -0.516, "2014-03-31": -0.069, "2013-12-31": 0.336, "2013-09-30": "-0.30500", "2013-06-30": 0.207, "2013-03-31": -0.047, "2012-12-31": 0.059, "2012-09-30": "-0.25200", "2012-06-30": -0.083, "2012-03-31": -0.4, "2011-12-31": 0.152, "2011-09-30": "-0.14500", "2011-06-30": 0.119, "2011-03-31": 0.11, "2010-12-31": 0.099, "2010-09-30": "-0.07200", "2010-06-30": 0.161, "2010-03-31": -0.153, "2009-12-31": 0.009, "2009-09-30": "-0.20300", "2009-06-30": 0.104, "2009-03-31": -0.16, "2008-12-31": 0.009, "2008-09-30": "0.00500", "2008-06-30": 0.316, "2008-03-31": -0.127, "2007-12-31": 0.157, "2007-09-30": "-0.25000", "2007-06-30": 0.109, "2007-03-31": -0.251, "2006-12-31": 0.119, "2006-09-30": "-0.09400", "2006-06-30": 0.165, "2006-03-31": -0.125, "2005-12-31": 0.145, "2005-09-30": "-0.01600", "2005-06-30": 0, "2005-03-31": 0.051}, "Total Change In Assets/Liabilities": {"2020-12-31": 5.371, "2020-09-30": "-5.37100", "2020-06-30": -11.775, "2020-03-31": -7.036, "2019-12-31": 26.533, "2019-09-30": "-12.96800", "2019-06-30": -1.471, "2019-03-31": -16.208, "2018-12-31": -0.114, "2018-09-30": "-9.95800", "2018-06-30": 7.488, "2018-03-31": -6.382, "2017-12-31": -2.914, "2017-09-30": "3.70400", "2017-06-30": -1.822, "2017-03-31": -9.815, "2016-12-31": 6.465, "2016-09-30": "-10.27900", "2016-06-30": -3.09, "2016-03-31": -7.005, "2015-12-31": -1.325, "2015-09-30": "-3.62100", "2015-06-30": -3.605, "2015-03-31": -5.232, "2014-12-31": -2.802, "2014-09-30": "0.27200", "2014-06-30": 0.579, "2014-03-31": -2.598, "2013-12-31": 0.202, "2013-09-30": "-0.02400", "2013-06-30": -2.217, "2013-03-31": -3.996, "2012-12-31": 1.391, "2012-09-30": "-0.44700", "2012-06-30": 4.441, "2012-03-31": -5.501, "2011-12-31": -5.073, "2011-09-30": "2.19400", "2011-06-30": 1.798, "2011-03-31": -2.726, "2010-12-31": -0.435, "2010-09-30": "1.08400", "2010-06-30": 2.35, "2010-03-31": -9.66, "2009-12-31": 0.757, "2009-09-30": "-1.21300", "2009-06-30": 2.844, "2009-03-31": -2.853, "2008-12-31": -0.051, "2008-09-30": "-4.01600", "2008-06-30": 3.214, "2008-03-31": -2.694, "2007-12-31": 3.743, "2007-09-30": "-2.05300", "2007-06-30": 2.754, "2007-03-31": -2.494, "2006-12-31": -1.157, "2006-09-30": "-2.08400", "2006-06-30": 7.604, "2006-03-31": 1.24, "2005-12-31": 3.329, "2005-09-30": "-0.13900", "2005-06-30": -0.761, "2005-03-31": 1.872}, "Cash Flow From Operating Activities": {"2020-12-31": -66.009, "2020-09-30": "66.00900", "2020-06-30": 44.791, "2020-03-31": 49.469, "2019-12-31": 70.418, "2019-09-30": "40.53900", "2019-06-30": 55.946, "2019-03-31": 39.662, "2018-12-31": 46.563, "2018-09-30": "39.44800", "2018-06-30": 64.839, "2018-03-31": 21.65, "2017-12-31": 39.182, "2017-09-30": "44.69600", "2017-06-30": 50.848, "2017-03-31": 25.02, "2016-12-31": 41.63, "2016-09-30": "26.22300", "2016-06-30": 36.648, "2016-03-31": 37.137, "2015-12-31": 38.539, "2015-09-30": "31.83300", "2015-06-30": 37.139, "2015-03-31": 30.776, "2014-12-31": 35.726, "2014-09-30": "35.71800", "2014-06-30": 37.921, "2014-03-31": 34.934, "2013-12-31": 31.322, "2013-09-30": "32.58500", "2013-06-30": 29.987, "2013-03-31": 33.025, "2012-12-31": 31.287, "2012-09-30": "29.26300", "2012-06-30": 37.413, "2012-03-31": 34.463, "2011-12-31": 20.438, "2011-09-30": "34.43200", "2011-06-30": 34.672, "2011-03-31": 32.386, "2010-12-31": 29.433, "2010-09-30": "30.70300", "2010-06-30": 31.78, "2010-03-31": 23.218, "2009-12-31": 28.233, "2009-09-30": "28.02900", "2009-06-30": 30.29, "2009-03-31": 27.726, "2008-12-31": 26.53, "2008-09-30": "26.77500", "2008-06-30": 33.247, "2008-03-31": 29.409, "2007-12-31": 30.024, "2007-09-30": "22.63700", "2007-06-30": 27.329, "2007-03-31": 23.682, "2006-12-31": 20.105, "2006-09-30": "19.38700", "2006-06-30": 29.255, "2006-03-31": 16.908, "2005-12-31": 21.922, "2005-09-30": "17.50400", "2005-06-30": 19.711, "2005-03-31": 54.722}, "Net Change In Property, Plant, And Equipment": {"2020-12-31": 10.938, "2020-09-30": "-10.93800", "2020-06-30": -17.373, "2020-03-31": -9.282, "2019-12-31": -14.564, "2019-09-30": "-10.52500", "2019-06-30": -11.692, "2019-03-31": -4.925, "2018-12-31": -4.604, "2018-09-30": "-4.19000", "2018-06-30": -5.818, "2018-03-31": -3.508, "2017-12-31": -6.335, "2017-09-30": "-5.27300", "2017-06-30": -5.868, "2017-03-31": -4.016, "2016-12-31": -2.853, "2016-09-30": "-2.44200", "2016-06-30": -3.054, "2016-03-31": -2.836, "2015-12-31": -4.887, "2015-09-30": "-6.12100", "2015-06-30": -6.934, "2015-03-31": -4.924, "2014-12-31": -3.142, "2014-09-30": "-4.90500", "2014-06-30": -2.102, "2014-03-31": -4.261, "2013-12-31": -3.647, "2013-09-30": "-3.81100", "2013-06-30": -5.346, "2013-03-31": -6.373, "2012-12-31": -8.22, "2012-09-30": "-2.51500", "2012-06-30": -1.133, "2012-03-31": -1.587, "2011-12-31": -2.201, "2011-09-30": "-1.09600", "2011-06-30": -1.273, "2011-03-31": -0.592, "2010-12-31": -0.713, "2010-09-30": "-1.05200", "2010-06-30": -1.123, "2010-03-31": -1.366, "2009-12-31": -1.592, "2009-09-30": "-0.56300", "2009-06-30": -3.352, "2009-03-31": -1.087, "2008-12-31": -1.375, "2008-09-30": "-0.74200", "2008-06-30": -9.451, "2008-03-31": -1.167, "2007-12-31": -2.517, "2007-09-30": "-3.23000", "2007-06-30": -3.783, "2007-03-31": -0.486, "2006-12-31": -1.908, "2006-09-30": "-1.89900", "2006-06-30": -1.818, "2006-03-31": -1.157, "2005-12-31": -0.876, "2005-09-30": "-0.75200", "2005-06-30": -1.181, "2005-03-31": -10.229}, "Net Change In Intangible Assets": {"2020-12-31": 0, "2020-09-30": "", "2020-06-30": 0, "2020-03-31": 0, "2019-12-31": 0, "2019-09-30": "", "2019-06-30": 0, "2019-03-31": 0, "2018-12-31": 0, "2018-09-30": "", "2018-06-30": 0, "2018-03-31": 0, "2017-12-31": 0, "2017-09-30": "", "2017-06-30": 0, "2017-03-31": 0, "2016-12-31": 0, "2016-09-30": "", "2016-06-30": 0, "2016-03-31": 0, "2015-12-31": 0, "2015-09-30": "", "2015-06-30": 0, "2015-03-31": 0, "2014-12-31": 0, "2014-09-30": "", "2014-06-30": 0, "2014-03-31": 0, "2013-12-31": 0, "2013-09-30": "", "2013-06-30": 0, "2013-03-31": 0, "2012-12-31": 0, "2012-09-30": "", "2012-06-30": 0, "2012-03-31": 0, "2011-12-31": 0, "2011-09-30": "", "2011-06-30": 0, "2011-03-31": 0, "2010-12-31": 0, "2010-09-30": "", "2010-06-30": 0, "2010-03-31": 0, "2009-12-31": 0, "2009-09-30": "", "2009-06-30": 0, "2009-03-31": 0, "2008-12-31": 0, "2008-09-30": "", "2008-06-30": 0, "2008-03-31": 0, "2007-12-31": 0, "2007-09-30": "", "2007-06-30": 0, "2007-03-31": 0, "2006-12-31": 0, "2006-09-30": "", "2006-06-30": 0, "2006-03-31": 0, "2005-12-31": 0, "2005-09-30": "", "2005-06-30": 0, "2005-03-31": 0}, "Net Acquisitions/Divestitures": {"2020-12-31": 0, "2020-09-30": "", "2020-06-30": 0, "2020-03-31": 0, "2019-12-31": 0, "2019-09-30": "", "2019-06-30": -17.206, "2019-03-31": 0.001, "2018-12-31": -0.058, "2018-09-30": "-272.22900", "2018-06-30": -2.785, "2018-03-31": -54.422, "2017-12-31": -0.01, "2017-09-30": "-10.63400", "2017-06-30": 0.156, "2017-03-31": 1.988, "2016-12-31": -2.736, "2016-09-30": "-253.19300", "2016-06-30": -0.535, "2016-03-31": -8, "2015-12-31": 0.082, "2015-09-30": "-82.97000", "2015-06-30": 0, "2015-03-31": 0, "2014-12-31": -59.927, "2014-09-30": "-360.17500", "2014-06-30": -6.031, "2014-03-31": 0, "2013-12-31": -0.1, "2013-09-30": "-103.04900", "2013-06-30": 0, "2013-03-31": 0, "2012-12-31": 0, "2012-09-30": "", "2012-06-30": 0, "2012-03-31": 0, "2011-12-31": 0, "2011-09-30": "", "2011-06-30": -131.766, "2011-03-31": 0, "2010-12-31": 0, "2010-09-30": "", "2010-06-30": 0, "2010-03-31": 0, "2009-12-31": 0, "2009-09-30": "", "2009-06-30": 0, "2009-03-31": 0, "2008-12-31": 0, "2008-09-30": "", "2008-06-30": 0, "2008-03-31": 0, "2007-12-31": 0, "2007-09-30": "", "2007-06-30": 0, "2007-03-31": 0, "2006-12-31": 0, "2006-09-30": "", "2006-06-30": 0, "2006-03-31": 0, "2005-12-31": 0, "2005-09-30": "-19.58700", "2005-06-30": 0, "2005-03-31": 0}, "Net Change In Short-term Investments": {"2020-12-31": -2.8, "2020-09-30": "2.80000", "2020-06-30": 4.994, "2020-03-31": 28.64, "2019-12-31": 47.859, "2019-09-30": "-4.56000", "2019-06-30": -1.418, "2019-03-31": 0.188, "2018-12-31": -8.972, "2018-09-30": "-11.69400", "2018-06-30": 24.317, "2018-03-31": 0, "2017-12-31": 0, "2017-09-30": "3.50200", "2017-06-30": 1.011, "2017-03-31": 2.032, "2016-12-31": 6.803, "2016-09-30": "-6.83600", "2016-06-30": -0.004, "2016-03-31": -3.15, "2015-12-31": 0, "2015-09-30": "3.93000", "2015-06-30": 1.47, "2015-03-31": 2.116, "2014-12-31": 0, "2014-09-30": "9.88000", "2014-06-30": 181.818, "2014-03-31": 4.185, "2013-12-31": -5.119, "2013-09-30": "1.78000", "2013-06-30": -0.357, "2013-03-31": -4.984, "2012-12-31": -0.443, "2012-09-30": "-3.31800", "2012-06-30": -1.482, "2012-03-31": -5.78, "2011-12-31": 1.33, "2011-09-30": "-9.35300", "2011-06-30": 24.194, "2011-03-31": -1.229, "2010-12-31": 0.502, "2010-09-30": "-1.31300", "2010-06-30": -19.908, "2010-03-31": -91.22, "2009-12-31": 2.123, "2009-09-30": "-1.01600", "2009-06-30": -1.941, "2009-03-31": 8.994, "2008-12-31": 25.598, "2008-09-30": "-6.15700", "2008-06-30": -9.687, "2008-03-31": 14.218, "2007-12-31": -0.09, "2007-09-30": "-13.05500", "2007-06-30": -7.35, "2007-03-31": -10.53, "2006-12-31": -4.215, "2006-09-30": "-1.72100", "2006-06-30": -16.335, "2006-03-31": -11.712, "2005-12-31": -1.925, "2005-09-30": "-6.80500", "2005-06-30": 0.455, "2005-03-31": 64.691}, "Net Change In Long-Term Investments": {"2020-12-31": 0, "2020-09-30": "", "2020-06-30": 1.906, "2020-03-31": 0, "2019-12-31": 0, "2019-09-30": "", "2019-06-30": 0, "2019-03-31": 0, "2018-12-31": 0, "2018-09-30": "", "2018-06-30": 21.574, "2018-03-31": 0, "2017-12-31": 0, "2017-09-30": "", "2017-06-30": 0, "2017-03-31": 0, "2016-12-31": -40, "2016-09-30": "", "2016-06-30": 0, "2016-03-31": 0, "2015-12-31": 0, "2015-09-30": "", "2015-06-30": 0, "2015-03-31": 0, "2014-12-31": 0, "2014-09-30": "", "2014-06-30": -10, "2014-03-31": 0, "2013-12-31": 0, "2013-09-30": "", "2013-06-30": 0, "2013-03-31": 0, "2012-12-31": 0, "2012-09-30": "", "2012-06-30": 0, "2012-03-31": 0, "2011-12-31": 0, "2011-09-30": "", "2011-06-30": 0, "2011-03-31": 0, "2010-12-31": 0, "2010-09-30": "", "2010-06-30": 0, "2010-03-31": 0, "2009-12-31": 0, "2009-09-30": "", "2009-06-30": 0, "2009-03-31": 0, "2008-12-31": 0, "2008-09-30": "", "2008-06-30": 0, "2008-03-31": -0.3, "2007-12-31": -1.423, "2007-09-30": "", "2007-06-30": 0, "2007-03-31": -0.7, "2006-12-31": 0, "2006-09-30": "-7.20000", "2006-06-30": -9, "2006-03-31": -0.75, "2005-12-31": 0, "2005-09-30": "", "2005-06-30": 0, "2005-03-31": 0}, "Net Change In Investments - Total": {"2020-12-31": -2.8, "2020-09-30": "2.80000", "2020-06-30": 6.9, "2020-03-31": 28.64, "2019-12-31": 47.859, "2019-09-30": "-4.56000", "2019-06-30": -1.418, "2019-03-31": 0.188, "2018-12-31": -8.972, "2018-09-30": "-11.69400", "2018-06-30": 45.891, "2018-03-31": 0, "2017-12-31": 0, "2017-09-30": "3.50200", "2017-06-30": 1.011, "2017-03-31": 2.032, "2016-12-31": -33.197, "2016-09-30": "-6.83600", "2016-06-30": -0.004, "2016-03-31": -3.15, "2015-12-31": 0, "2015-09-30": "3.93000", "2015-06-30": 1.47, "2015-03-31": 2.116, "2014-12-31": 0, "2014-09-30": "9.88000", "2014-06-30": 171.818, "2014-03-31": 4.185, "2013-12-31": -5.119, "2013-09-30": "1.78000", "2013-06-30": -0.357, "2013-03-31": -4.984, "2012-12-31": -0.443, "2012-09-30": "-3.31800", "2012-06-30": -1.482, "2012-03-31": -5.78, "2011-12-31": 1.33, "2011-09-30": "-9.35300", "2011-06-30": 24.194, "2011-03-31": -1.229, "2010-12-31": 0.502, "2010-09-30": "-1.31300", "2010-06-30": -19.908, "2010-03-31": -91.22, "2009-12-31": 2.123, "2009-09-30": "-1.01600", "2009-06-30": -1.941, "2009-03-31": 8.994, "2008-12-31": 25.598, "2008-09-30": "-6.15700", "2008-06-30": -9.687, "2008-03-31": 13.918, "2007-12-31": -1.513, "2007-09-30": "-13.05500", "2007-06-30": -7.35, "2007-03-31": -11.23, "2006-12-31": -4.215, "2006-09-30": "-8.92100", "2006-06-30": -25.335, "2006-03-31": -12.462, "2005-12-31": -1.925, "2005-09-30": "-6.80500", "2005-06-30": 0.455, "2005-03-31": 64.691}, "Investing Activities - Other": {"2020-12-31": 0, "2020-09-30": "", "2020-06-30": 0, "2020-03-31": 0, "2019-12-31": 0, "2019-09-30": "", "2019-06-30": 0, "2019-03-31": 0, "2018-12-31": 0, "2018-09-30": "", "2018-06-30": 0.68, "2018-03-31": 0, "2017-12-31": 0, "2017-09-30": "", "2017-06-30": 0, "2017-03-31": 0, "2016-12-31": 0, "2016-09-30": "", "2016-06-30": -0.025, "2016-03-31": 0, "2015-12-31": 0, "2015-09-30": "", "2015-06-30": -0.057, "2015-03-31": -0.34, "2014-12-31": 0, "2014-09-30": "0.44600", "2014-06-30": 0, "2014-03-31": -0.005, "2013-12-31": 0.083, "2013-09-30": "-0.05300", "2013-06-30": 0.944, "2013-03-31": -0.168, "2012-12-31": -0.337, "2012-09-30": "-0.08700", "2012-06-30": 0.081, "2012-03-31": -0.489, "2011-12-31": 0.042, "2011-09-30": "", "2011-06-30": -0.136, "2011-03-31": -0.807, "2010-12-31": 0, "2010-09-30": "", "2010-06-30": 0, "2010-03-31": 0, "2009-12-31": 0.05, "2009-09-30": "", "2009-06-30": 0, "2009-03-31": 0, "2008-12-31": 0, "2008-09-30": "1.34000", "2008-06-30": -0.2, "2008-03-31": -0.11, "2007-12-31": -0.255, "2007-09-30": "-0.24300", "2007-06-30": -0.125, "2007-03-31": 0, "2006-12-31": 0, "2006-09-30": "", "2006-06-30": 0, "2006-03-31": 0, "2005-12-31": 0, "2005-09-30": "", "2005-06-30": 0.035, "2005-03-31": -0.496}, "Cash Flow From Investing Activities": {"2020-12-31": 8.138, "2020-09-30": "-8.13800", "2020-06-30": -10.473, "2020-03-31": 19.358, "2019-12-31": 33.295, "2019-09-30": "-15.08500", "2019-06-30": -30.316, "2019-03-31": -4.736, "2018-12-31": -13.634, "2018-09-30": "-288.11300", "2018-06-30": 37.968, "2018-03-31": -57.93, "2017-12-31": -6.345, "2017-09-30": "-12.40500", "2017-06-30": -4.701, "2017-03-31": 0.004, "2016-12-31": -38.786, "2016-09-30": "-262.47100", "2016-06-30": -3.618, "2016-03-31": -13.986, "2015-12-31": -4.805, "2015-09-30": "-85.16100", "2015-06-30": -5.521, "2015-03-31": -3.148, "2014-12-31": -63.069, "2014-09-30": "-354.75400", "2014-06-30": 163.685, "2014-03-31": -0.081, "2013-12-31": -8.783, "2013-09-30": "-105.13300", "2013-06-30": -4.759, "2013-03-31": -11.525, "2012-12-31": -9, "2012-09-30": "-5.92000", "2012-06-30": -2.534, "2012-03-31": -7.856, "2011-12-31": -0.829, "2011-09-30": "-10.44900", "2011-06-30": -108.981, "2011-03-31": -2.628, "2010-12-31": -0.211, "2010-09-30": "-2.36500", "2010-06-30": -21.031, "2010-03-31": -92.586, "2009-12-31": 0.581, "2009-09-30": "-1.57900", "2009-06-30": -5.293, "2009-03-31": 7.907, "2008-12-31": 24.223, "2008-09-30": "-5.55900", "2008-06-30": -19.338, "2008-03-31": 12.641, "2007-12-31": -4.285, "2007-09-30": "-16.52800", "2007-06-30": -11.258, "2007-03-31": -11.716, "2006-12-31": -6.123, "2006-09-30": "-10.82000", "2006-06-30": -27.153, "2006-03-31": -13.619, "2005-12-31": -2.801, "2005-09-30": "-27.14400", "2005-06-30": -0.691, "2005-03-31": 53.966}, "Net Long-Term Debt": {"2020-12-31": 33.125, "2020-09-30": "-33.12500", "2020-06-30": 85.375, "2020-03-31": 36.875, "2019-12-31": -103.125, "2019-09-30": "-19.12500", "2019-06-30": -183.625, "2019-03-31": -23.125, "2018-12-31": -16.125, "2018-09-30": "222.87500", "2018-06-30": 0, "2018-03-31": 0, "2017-12-31": 6, "2017-09-30": "-6.00000", "2017-06-30": 0, "2017-03-31": 0, "2016-12-31": 0, "2016-09-30": "", "2016-06-30": 0, "2016-03-31": 0, "2015-12-31": 0, "2015-09-30": "", "2015-06-30": 0, "2015-03-31": 0, "2014-12-31": 0, "2014-09-30": "", "2014-06-30": 0, "2014-03-31": 0, "2013-12-31": 0, "2013-09-30": "", "2013-06-30": 0, "2013-03-31": 0, "2012-12-31": 0, "2012-09-30": "", "2012-06-30": 0, "2012-03-31": 0, "2011-12-31": 0, "2011-09-30": "", "2011-06-30": 0, "2011-03-31": 0, "2010-12-31": 0, "2010-09-30": "", "2010-06-30": 0, "2010-03-31": 0, "2009-12-31": 0, "2009-09-30": "", "2009-06-30": 0, "2009-03-31": 0, "2008-12-31": 0, "2008-09-30": "", "2008-06-30": 0, "2008-03-31": 0, "2007-12-31": 0, "2007-09-30": "", "2007-06-30": 0, "2007-03-31": 0, "2006-12-31": -13.135, "2006-09-30": "-0.29200", "2006-06-30": -0.292, "2006-03-31": -0.299, "2005-12-31": -0.298, "2005-09-30": "-0.30000", "2005-06-30": -0.302, "2005-03-31": -0.939}, "Net Current Debt": {"2020-12-31": 0, "2020-09-30": "", "2020-06-30": -148.5, "2020-03-31": 0, "2019-12-31": 0, "2019-09-30": "", "2019-06-30": 166.5, "2019-03-31": 0, "2018-12-31": 0, "2018-09-30": "", "2018-06-30": -53.5, "2018-03-31": 30, "2017-12-31": 19, "2017-09-30": "", "2017-06-30": 0, "2017-03-31": 0.09, "2016-12-31": -0.077, "2016-09-30": "251.98700", "2016-06-30": -24, "2016-03-31": -8.5, "2015-12-31": -1.5, "2015-09-30": "52.50000", "2015-06-30": -74.011, "2015-03-31": -1.953, "2014-12-31": 32, "2014-09-30": "112.00000", "2014-06-30": 0, "2014-03-31": 0, "2013-12-31": 0, "2013-09-30": "", "2013-06-30": 0, "2013-03-31": 0, "2012-12-31": 0, "2012-09-30": "", "2012-06-30": 0, "2012-03-31": 0, "2011-12-31": 0, "2011-09-30": "", "2011-06-30": 0, "2011-03-31": 0, "2010-12-31": 0, "2010-09-30": "", "2010-06-30": 0, "2010-03-31": 0, "2009-12-31": 0, "2009-09-30": "", "2009-06-30": 0, "2009-03-31": 0, "2008-12-31": 0, "2008-09-30": "", "2008-06-30": 0, "2008-03-31": 0, "2007-12-31": 0, "2007-09-30": "", "2007-06-30": 0, "2007-03-31": 0, "2006-12-31": 0, "2006-09-30": "", "2006-06-30": 0, "2006-03-31": 0, "2005-12-31": 0, "2005-09-30": "", "2005-06-30": 0, "2005-03-31": 0}, "Debt Issuance/Retirement Net - Total": {"2020-12-31": 33.125, "2020-09-30": "-33.12500", "2020-06-30": -63.125, "2020-03-31": 36.875, "2019-12-31": -103.125, "2019-09-30": "-19.12500", "2019-06-30": -17.125, "2019-03-31": -23.125, "2018-12-31": -16.125, "2018-09-30": "222.87500", "2018-06-30": -53.5, "2018-03-31": 30, "2017-12-31": 25, "2017-09-30": "-6.00000", "2017-06-30": 0, "2017-03-31": 0.09, "2016-12-31": -0.077, "2016-09-30": "251.98700", "2016-06-30": -24, "2016-03-31": -8.5, "2015-12-31": -1.5, "2015-09-30": "52.50000", "2015-06-30": -74.011, "2015-03-31": -1.953, "2014-12-31": 32, "2014-09-30": "112.00000", "2014-06-30": 0, "2014-03-31": 0, "2013-12-31": 0, "2013-09-30": "", "2013-06-30": 0, "2013-03-31": 0, "2012-12-31": 0, "2012-09-30": "", "2012-06-30": 0, "2012-03-31": 0, "2011-12-31": 0, "2011-09-30": "", "2011-06-30": 0, "2011-03-31": 0, "2010-12-31": 0, "2010-09-30": "", "2010-06-30": 0, "2010-03-31": 0, "2009-12-31": 0, "2009-09-30": "", "2009-06-30": 0, "2009-03-31": 0, "2008-12-31": 0, "2008-09-30": "", "2008-06-30": 0, "2008-03-31": 0, "2007-12-31": 0, "2007-09-30": "", "2007-06-30": 0, "2007-03-31": 0, "2006-12-31": -13.135, "2006-09-30": "-0.29200", "2006-06-30": -0.292, "2006-03-31": -0.299, "2005-12-31": -0.298, "2005-09-30": "-0.30000", "2005-06-30": -0.302, "2005-03-31": -0.939}, "Net Common Equity Issued/Repurchased": {"2020-12-31": -15.418, "2020-09-30": "15.41800", "2020-06-30": 32.493, "2020-03-31": -38.869, "2019-12-31": 18.295, "2019-09-30": "8.95200", "2019-06-30": 10.921, "2019-03-31": 8.168, "2018-12-31": -12.997, "2018-09-30": "16.45300", "2018-06-30": 5.446, "2018-03-31": 7.025, "2017-12-31": 2.893, "2017-09-30": "3.80600", "2017-06-30": 1.627, "2017-03-31": 1.525, "2016-12-31": 0.079, "2016-09-30": "2.02600", "2016-06-30": 3.535, "2016-03-31": 0.748, "2015-12-31": 0.047, "2015-09-30": "1.12800", "2015-06-30": -0.001, "2015-03-31": 2.702, "2014-12-31": 5.166, "2014-09-30": "1.86400", "2014-06-30": 3.198, "2014-03-31": 1.568, "2013-12-31": 2.415, "2013-09-30": "1.14500", "2013-06-30": -1.54, "2013-03-31": 0, "2012-12-31": 0.688, "2012-09-30": "-0.43700", "2012-06-30": -2.135, "2012-03-31": -2.913, "2011-12-31": -7.073, "2011-09-30": "-11.53700", "2011-06-30": 1.361, "2011-03-31": 0, "2010-12-31": 2.562, "2010-09-30": "-1.36700", "2010-06-30": -13.353, "2010-03-31": 1.007, "2009-12-31": 0.612, "2009-09-30": "-0.58500", "2009-06-30": -1.913, "2009-03-31": -10.306, "2008-12-31": -65.352, "2008-09-30": "-13.78600", "2008-06-30": -10.444, "2008-03-31": -28.155, "2007-12-31": -19.341, "2007-09-30": "0.82500", "2007-06-30": 1.101, "2007-03-31": 1.109, "2006-12-31": 0.384, "2006-09-30": "-1.07600", "2006-06-30": 0.173, "2006-03-31": 4.857, "2005-12-31": -25.493, "2005-09-30": "5.74000", "2005-06-30": 5.233, "2005-03-31": -101.155}, "Net Total Equity Issued/Repurchased": {"2020-12-31": -15.418, "2020-09-30": "15.41800", "2020-06-30": 32.493, "2020-03-31": -38.869, "2019-12-31": 18.295, "2019-09-30": "8.95200", "2019-06-30": 10.921, "2019-03-31": 8.168, "2018-12-31": -12.997, "2018-09-30": "16.45300", "2018-06-30": 5.446, "2018-03-31": 7.025, "2017-12-31": 2.893, "2017-09-30": "3.80600", "2017-06-30": 1.627, "2017-03-31": 1.525, "2016-12-31": 0.079, "2016-09-30": "2.02600", "2016-06-30": 3.535, "2016-03-31": 0.748, "2015-12-31": 0.047, "2015-09-30": "1.12800", "2015-06-30": -0.001, "2015-03-31": 2.702, "2014-12-31": 5.166, "2014-09-30": "1.86400", "2014-06-30": 3.198, "2014-03-31": 1.568, "2013-12-31": 2.415, "2013-09-30": "1.14500", "2013-06-30": -1.54, "2013-03-31": 0, "2012-12-31": 0.688, "2012-09-30": "-0.43700", "2012-06-30": -2.135, "2012-03-31": -2.913, "2011-12-31": -7.073, "2011-09-30": "-11.53700", "2011-06-30": 1.361, "2011-03-31": 0, "2010-12-31": 2.562, "2010-09-30": "-1.36700", "2010-06-30": -13.353, "2010-03-31": 1.007, "2009-12-31": 0.612, "2009-09-30": "-0.58500", "2009-06-30": -1.913, "2009-03-31": -10.306, "2008-12-31": -65.352, "2008-09-30": "-13.78600", "2008-06-30": -10.444, "2008-03-31": -28.155, "2007-12-31": -19.341, "2007-09-30": "0.82500", "2007-06-30": 1.101, "2007-03-31": 1.109, "2006-12-31": 0.384, "2006-09-30": "-1.07600", "2006-06-30": 0.173, "2006-03-31": 4.857, "2005-12-31": -25.493, "2005-09-30": "5.74000", "2005-06-30": 5.233, "2005-03-31": -101.155}, "Total Common And Preferred Stock Dividends Paid": {"2020-12-31": 12.336, "2020-09-30": "-12.33600", "2020-06-30": -12.258, "2020-03-31": -12.279, "2019-12-31": -12.196, "2019-09-30": "-12.16900", "2019-06-30": -12.127, "2019-03-31": -12.086, "2018-12-31": -12.085, "2018-09-30": "-12.06600", "2018-06-30": -12.032, "2018-03-31": -11.995, "2017-12-31": -11.988, "2017-09-30": "-11.95800", "2017-06-30": -11.511, "2017-03-31": -11.943, "2016-12-31": -11.939, "2016-09-30": "-11.93200", "2016-06-30": -11.909, "2016-03-31": -11.902, "2015-12-31": -11.902, "2015-09-30": "-11.89400", "2015-06-30": -11.889, "2015-03-31": -11.883, "2014-12-31": -11.863, "2014-09-30": "-11.47200", "2014-06-30": -11.469, "2014-03-31": -11.44, "2013-12-31": -11.434, "2013-09-30": "-11.05100", "2013-06-30": -11.05, "2013-03-31": -11.053, "2012-12-31": -11.048, "2012-09-30": "-10.31200", "2012-06-30": -10.311, "2012-03-31": -10.32, "2011-12-31": -10.361, "2011-09-30": "-10.02600", "2011-06-30": -10.029, "2011-03-31": -10.022, "2010-12-31": -10.011, "2010-09-30": "-9.62900", "2010-06-30": -9.693, "2010-03-31": -9.699, "2009-12-31": -9.685, "2009-09-30": "-9.31100", "2009-06-30": -9.311, "2009-03-31": -9.376, "2008-12-31": -9.507, "2008-09-30": "", "2008-06-30": 0, "2008-03-31": 0, "2007-12-31": 0, "2007-09-30": "", "2007-06-30": 0, "2007-03-31": 0, "2006-12-31": 0, "2006-09-30": "", "2006-06-30": 0, "2006-03-31": 0, "2005-12-31": 0, "2005-09-30": "", "2005-06-30": 0, "2005-03-31": 0}, "Financial Activities - Other": {"2020-12-31": 4.89, "2020-09-30": "-4.89000", "2020-06-30": -1.83, "2020-03-31": -3.514, "2019-12-31": -0.001, "2019-09-30": "-1.92700", "2019-06-30": -1.566, "2019-03-31": 0, "2018-12-31": 0, "2018-09-30": "-4.73100", "2018-06-30": -2.746, "2018-03-31": -25.982, "2017-12-31": -0.355, "2017-09-30": "-36.80200", "2017-06-30": -6.761, "2017-03-31": -14.192, "2016-12-31": 0.052, "2016-09-30": "0.08200", "2016-06-30": 0.04, "2016-03-31": 0.119, "2015-12-31": -0.011, "2015-09-30": "0.13100", "2015-06-30": 0.223, "2015-03-31": 0.134, "2014-12-31": 0.18, "2014-09-30": "0.07800", "2014-06-30": 0.262, "2014-03-31": -0.04, "2013-12-31": 0.036, "2013-09-30": "0.00400", "2013-06-30": 0.006, "2013-03-31": 0.005, "2012-12-31": 0.063, "2012-09-30": "0.00100", "2012-06-30": 0, "2012-03-31": 0.038, "2011-12-31": 0.006, "2011-09-30": "0.00700", "2011-06-30": 0.428, "2011-03-31": 0.006, "2010-12-31": 0.33, "2010-09-30": "0.08300", "2010-06-30": 0.019, "2010-03-31": 0.126, "2009-12-31": 0.041, "2009-09-30": "0.01000", "2009-06-30": 0.027, "2009-03-31": 0.008, "2008-12-31": 0.006, "2008-09-30": "0.06600", "2008-06-30": 0.115, "2008-03-31": 0.009, "2007-12-31": 0.072, "2007-09-30": "0.32800", "2007-06-30": 0.205, "2007-03-31": 0.221, "2006-12-31": 0.084, "2006-09-30": "0.02400", "2006-06-30": 0.045, "2006-03-31": 6.464, "2005-12-31": 0.27, "2005-09-30": "1.21000", "2005-06-30": -0.153, "2005-03-31": 0.153}, "Cash Flow From Financial Activities": {"2020-12-31": 34.933, "2020-09-30": "-34.93300", "2020-06-30": -44.72, "2020-03-31": -17.786, "2019-12-31": -97.027, "2019-09-30": "-24.26900", "2019-06-30": -19.897, "2019-03-31": -27.043, "2018-12-31": -41.207, "2018-09-30": "222.53100", "2018-06-30": -62.832, "2018-03-31": -0.952, "2017-12-31": 15.55, "2017-09-30": "-50.95400", "2017-06-30": -16.645, "2017-03-31": -24.52, "2016-12-31": -11.885, "2016-09-30": "242.16300", "2016-06-30": -32.334, "2016-03-31": -19.535, "2015-12-31": -13.366, "2015-09-30": "41.86500", "2015-06-30": -85.678, "2015-03-31": -11, "2014-12-31": 25.483, "2014-09-30": "102.47000", "2014-06-30": -8.009, "2014-03-31": -9.912, "2013-12-31": -8.983, "2013-09-30": "-9.90200", "2013-06-30": -12.584, "2013-03-31": -11.048, "2012-12-31": -10.297, "2012-09-30": "-10.74800", "2012-06-30": -12.446, "2012-03-31": -13.195, "2011-12-31": -17.428, "2011-09-30": "-21.55600", "2011-06-30": -8.24, "2011-03-31": -10.016, "2010-12-31": -7.119, "2010-09-30": "-10.91300", "2010-06-30": -23.027, "2010-03-31": -8.566, "2009-12-31": -9.032, "2009-09-30": "-9.88600", "2009-06-30": -11.197, "2009-03-31": -19.674, "2008-12-31": -74.853, "2008-09-30": "-13.72000", "2008-06-30": -10.329, "2008-03-31": -28.146, "2007-12-31": -19.269, "2007-09-30": "1.15300", "2007-06-30": 1.306, "2007-03-31": 1.33, "2006-12-31": -12.667, "2006-09-30": "-1.34400", "2006-06-30": -0.074, "2006-03-31": 11.022, "2005-12-31": -25.521, "2005-09-30": "6.65000", "2005-06-30": 4.778, "2005-03-31": -101.941}, "Net Cash Flow": {"2020-12-31": -22.779, "2020-09-30": "22.77900", "2020-06-30": -9.591, "2020-03-31": 45.924, "2019-12-31": 10.401, "2019-09-30": "-0.99500", "2019-06-30": 5.325, "2019-03-31": 9.675, "2018-12-31": -8.788, "2018-09-30": "-27.31600", "2018-06-30": 35.382, "2018-03-31": -34.85, "2017-12-31": 48.994, "2017-09-30": "-19.14800", "2017-06-30": 31.772, "2017-03-31": 0.904, "2016-12-31": -10.653, "2016-09-30": "5.35200", "2016-06-30": -1.476, "2016-03-31": 3.261, "2015-12-31": 13.61, "2015-09-30": "-5.69000", "2015-06-30": -51.915, "2015-03-31": 13.479, "2014-12-31": -5.271, "2014-09-30": "-220.32900", "2014-06-30": 194.965, "2014-03-31": 25.201, "2013-12-31": 14.546, "2013-09-30": "-79.93000", "2013-06-30": 13.073, "2013-03-31": 7.427, "2012-12-31": 12.481, "2012-09-30": "14.13000", "2012-06-30": 21.395, "2012-03-31": 14.286, "2011-12-31": 1.759, "2011-09-30": "1.62200", "2011-06-30": -81.015, "2011-03-31": 22.753, "2010-12-31": 20.863, "2010-09-30": "20.87300", "2010-06-30": -14.097, "2010-03-31": -87.315, "2009-12-31": 20.794, "2009-09-30": "13.81700", "2009-06-30": 27.119, "2009-03-31": 14.226, "2008-12-31": -42.476, "2008-09-30": "-4.92100", "2008-06-30": 4.143, "2008-03-31": 14.192, "2007-12-31": 3.912, "2007-09-30": "9.26000", "2007-06-30": 19.209, "2007-03-31": 13.718, "2006-12-31": 4.731, "2006-09-30": "8.19300", "2006-06-30": 6.038, "2006-03-31": 14.868, "2005-12-31": -7.788, "2005-09-30": "-3.82800", "2005-06-30": 20.592, "2005-03-31": 8.551}, "Stock-Based Compensation": {"2020-12-31": -12.953, "2020-09-30": "12.95300", "2020-06-30": 6.017, "2020-03-31": 7.855, "2019-12-31": 10.129, "2019-09-30": "8.36600", "2019-06-30": 8.129, "2019-03-31": 5.725, "2018-12-31": 6.861, "2018-09-30": "11.56500", "2018-06-30": 14.653, "2018-03-31": 4.748, "2017-12-31": 5.044, "2017-09-30": "3.79500", "2017-06-30": 3.412, "2017-03-31": 3.974, "2016-12-31": 4.055, "2016-09-30": "3.19000", "2016-06-30": 2.754, "2016-03-31": 2.317, "2015-12-31": 2.321, "2015-09-30": "2.03800", "2015-06-30": 1.232, "2015-03-31": 1.288, "2014-12-31": 2.075, "2014-09-30": "1.36200", "2014-06-30": 0.888, "2014-03-31": 0.74, "2013-12-31": 1.326, "2013-09-30": "0.56900", "2013-06-30": 0.49, "2013-03-31": 0.286, "2012-12-31": 0.785, "2012-09-30": "0.30300", "2012-06-30": 0.252, "2012-03-31": 0.241, "2011-12-31": 0.858, "2011-09-30": "0.29000", "2011-06-30": 0.201, "2011-03-31": 0.087, "2010-12-31": 0.714, "2010-09-30": "0.13600", "2010-06-30": 0.175, "2010-03-31": 0.081, "2009-12-31": 0.777, "2009-09-30": "0.10200", "2009-06-30": 0.175, "2009-03-31": 0.063, "2008-12-31": 1.138, "2008-09-30": "0.10200", "2008-06-30": 0.064, "2008-03-31": 0.077, "2007-12-31": 1.416, "2007-09-30": "0.17000", "2007-06-30": 0.109, "2007-03-31": 0.238, "2006-12-31": 1.064, "2006-09-30": "0.16500", "2006-06-30": 0.112, "2006-03-31": 0.14, "2005-12-31": 1.106, "2005-09-30": "0.27000", "2005-06-30": 0, "2005-03-31": 0}, "Common Stock Dividends Paid": {"2020-12-31": 12.336, "2020-09-30": "-12.33600", "2020-06-30": -12.258, "2020-03-31": -12.279, "2019-12-31": -12.196, "2019-09-30": "-12.16900", "2019-06-30": -12.127, "2019-03-31": -12.086, "2018-12-31": -12.085, "2018-09-30": "-12.06600", "2018-06-30": -12.032, "2018-03-31": -11.995, "2017-12-31": -11.988, "2017-09-30": "-11.95800", "2017-06-30": -11.511, "2017-03-31": -11.943, "2016-12-31": -11.939, "2016-09-30": "-11.93200", "2016-06-30": -11.909, "2016-03-31": -11.902, "2015-12-31": -11.902, "2015-09-30": "-11.89400", "2015-06-30": -11.889, "2015-03-31": -11.883, "2014-12-31": -11.863, "2014-09-30": "-11.47200", "2014-06-30": -11.469, "2014-03-31": -11.44, "2013-12-31": -11.434, "2013-09-30": "-11.05100", "2013-06-30": -11.05, "2013-03-31": -11.053, "2012-12-31": -11.048, "2012-09-30": "-10.31200", "2012-06-30": -10.311, "2012-03-31": -10.32, "2011-12-31": -10.361, "2011-09-30": "-10.02600", "2011-06-30": -10.029, "2011-03-31": -10.022, "2010-12-31": -10.011, "2010-09-30": "-9.62900", "2010-06-30": -9.693, "2010-03-31": -9.699, "2009-12-31": -9.685, "2009-09-30": "-9.31100", "2009-06-30": -9.311, "2009-03-31": -9.376, "2008-12-31": -9.507, "2008-09-30": "", "2008-06-30": 0, "2008-03-31": 0, "2007-12-31": 0, "2007-09-30": "", "2007-06-30": 0, "2007-03-31": 0, "2006-12-31": 0, "2006-09-30": "", "2006-06-30": 0, "2006-03-31": 0, "2005-12-31": 0, "2005-09-30": "", "2005-06-30": 0, "2005-03-31": 0}}, "financial ratios": {"Current Ratio": {"2020-06-30": "4.88360", "2019-06-30": "4.04580", "2018-06-30": "5.01030", "2017-06-30": "2.56800", "2016-06-30": "4.68890", "2015-06-30": "6.24330", "2014-06-30": "17.78690", "2013-06-30": "12.76390", "2012-06-30": "9.69250", "2011-06-30": "12.66860", "2010-06-30": "11.80920", "2009-06-30": "16.45730", "2008-06-30": "12.76910", "2007-06-30": "12.37930", "2006-06-30": "8.33920", "2005-06-30": "9.63050"}, "Long-term Debt / Capital": {"2020-06-30": "0.19950", "2019-06-30": "0.29710", "2018-06-30": "0.23910", "2017-06-30": "0.26580", "2016-06-30": "0.09430", "2015-06-30": "0.07940", "2014-06-30": "", "2013-06-30": "", "2012-06-30": "", "2011-06-30": "", "2010-06-30": "", "2009-06-30": "", "2008-06-30": "", "2007-06-30": "", "2006-06-30": "0.03460", "2005-06-30": "0.04760"}, "Debt/Equity Ratio": {"2020-06-30": "0.25830", "2019-06-30": "0.43340", "2018-06-30": "0.31420", "2017-06-30": "0.36200", "2016-06-30": "0.10830", "2015-06-30": "0.09090", "2014-06-30": "0.00750", "2013-06-30": "", "2012-06-30": "", "2011-06-30": "", "2010-06-30": "", "2009-06-30": "", "2008-06-30": "", "2007-06-30": "", "2006-06-30": "0.03950", "2005-06-30": "0.05460"}, "Gross Margin": {"2020-06-30": "65.41220", "2019-06-30": "66.31470", "2018-06-30": "67.20810", "2017-06-30": "66.52560", "2016-06-30": "67.46360", "2015-06-30": "67.94470", "2014-06-30": "70.27310", "2013-06-30": "74.41360", "2012-06-30": "74.96310", "2011-06-30": "77.57470", "2010-06-30": "79.59540", "2009-06-30": "78.81350", "2008-06-30": "79.45420", "2007-06-30": "79.11820", "2006-06-30": "77.43620", "2005-06-30": "79.39400"}, "Operating Margin": {"2020-06-30": "21.31050", "2019-06-30": "20.54870", "2018-06-30": "21.17880", "2017-06-30": "21.41800", "2016-06-30": "30.17760", "2015-06-30": "32.50950", "2014-06-30": "44.65250", "2013-06-30": "51.02440", "2012-06-30": "52.83860", "2011-06-30": "56.23320", "2010-06-30": "58.10440", "2009-06-30": "57.12320", "2008-06-30": "56.05120", "2007-06-30": "55.55440", "2006-06-30": "53.55080", "2005-06-30": "54.72260"}, "EBIT Margin": {"2020-06-30": "21.31050", "2019-06-30": "20.54870", "2018-06-30": "21.17880", "2017-06-30": "21.41800", "2016-06-30": "30.17760", "2015-06-30": "32.50950", "2014-06-30": "44.65250", "2013-06-30": "51.02440", "2012-06-30": "52.83860", "2011-06-30": "56.23320", "2010-06-30": "58.10440", "2009-06-30": "57.12320", "2008-06-30": "56.05120", "2007-06-30": "55.55440", "2006-06-30": "53.55080", "2005-06-30": "54.72260"}, "EBITDA Margin": {"2020-06-30": "32.51100", "2019-06-30": "31.49690", "2018-06-30": "31.20420", "2017-06-30": "32.08150", "2016-06-30": "38.74710", "2015-06-30": "40.74090", "2014-06-30": "50.01220", "2013-06-30": "54.99160", "2012-06-30": "56.80190", "2011-06-30": "59.23360", "2010-06-30": "61.12610", "2009-06-30": "60.06530", "2008-06-30": "58.87110", "2007-06-30": "58.68390", "2006-06-30": "56.98340", "2005-06-30": "58.14150"}, "Pre-Tax Profit Margin": {"2020-06-30": "37.42800", "2019-06-30": "15.68820", "2018-06-30": "19.58840", "2017-06-30": "19.88640", "2016-06-30": "29.55400", "2015-06-30": "34.08810", "2014-06-30": "45.11140", "2013-06-30": "51.73050", "2012-06-30": "51.56250", "2011-06-30": "56.89750", "2010-06-30": "58.14820", "2009-06-30": "58.85940", "2008-06-30": "59.75880", "2007-06-30": "57.69190", "2006-06-30": "54.86360", "2005-06-30": "55.91150"}, "Net Profit Margin": {"2020-06-30": "31.04090", "2019-06-30": "13.45540", "2018-06-30": "19.61920", "2017-06-30": "13.51430", "2016-06-30": "20.93610", "2015-06-30": "23.82220", "2014-06-30": "31.01160", "2013-06-30": "36.24280", "2012-06-30": "35.71050", "2011-06-30": "38.72990", "2010-06-30": "40.80180", "2009-06-30": "39.87100", "2008-06-30": "40.22920", "2007-06-30": "38.08410", "2006-06-30": "36.20180", "2005-06-30": "37.01720"}, "Asset Turnover": {"2020-06-30": "0.36430", "2019-06-30": "0.37890", "2018-06-30": "0.40360", "2017-06-30": "0.36130", "2016-06-30": "0.44180", "2015-06-30": "0.42530", "2014-06-30": "0.41480", "2013-06-30": "0.39910", "2012-06-30": "0.43730", "2011-06-30": "0.46940", "2010-06-30": "0.51860", "2009-06-30": "0.55920", "2008-06-30": "0.50740", "2007-06-30": "0.49130", "2006-06-30": "0.54690", "2005-06-30": "0.60510"}, "Inventory Turnover Ratio": {"2020-06-30": "2.47690", "2019-06-30": "2.64160", "2018-06-30": "2.46180", "2017-06-30": "3.13310", "2016-06-30": "2.84340", "2015-06-30": "2.92410", "2014-06-30": "2.73770", "2013-06-30": "2.27840", "2012-06-30": "2.05750", "2011-06-30": "1.44800", "2010-06-30": "3.99640", "2009-06-30": "4.96260", "2008-06-30": "5.55850", "2007-06-30": "5.32910", "2006-06-30": "5.06630", "2005-06-30": "4.74520"}, "Receiveable Turnover": {"2020-06-30": "6.02850", "2019-06-30": "5.19410", "2018-06-30": "5.34510", "2017-06-30": "4.81900", "2016-06-30": "5.34330", "2015-06-30": "6.45750", "2014-06-30": "6.50470", "2013-06-30": "7.73060", "2012-06-30": "8.33470", "2011-06-30": "7.65880", "2010-06-30": "7.88140", "2009-06-30": "8.47290", "2008-06-30": "7.72290", "2007-06-30": "7.21700", "2006-06-30": "8.07950", "2005-06-30": "7.53110"}, "Days Sales In Receivables": {"2020-06-30": "60.54620", "2019-06-30": "70.27260", "2018-06-30": "68.28700", "2017-06-30": "75.74200", "2016-06-30": "68.31040", "2015-06-30": "56.52320", "2014-06-30": "56.11360", "2013-06-30": "47.21520", "2012-06-30": "43.79280", "2011-06-30": "47.65760", "2010-06-30": "46.31160", "2009-06-30": "43.07860", "2008-06-30": "47.26200", "2007-06-30": "50.57500", "2006-06-30": "45.17620", "2005-06-30": "48.46590"}, "ROE - Return On Equity": {"2020-06-30": "16.60130", "2019-06-30": "8.24240", "2018-06-30": "11.69070", "2017-06-30": "8.01220", "2016-06-30": "11.88200", "2015-06-30": "12.72060", "2014-06-30": "13.95110", "2013-06-30": "15.26170", "2012-06-30": "16.65540", "2011-06-30": "19.16020", "2010-06-30": "21.87680", "2009-06-30": "23.05500", "2008-06-30": "21.25880", "2007-06-30": "19.44720", "2006-06-30": "21.55180", "2005-06-30": "24.68820"}, "Return On Tangible Equity": {"2020-06-30": "168.18080", "2019-06-30": "-65.57510", "2018-06-30": "362.09430", "2017-06-30": "-93.42470", "2016-06-30": "75.77640", "2015-06-30": "65.90990", "2014-06-30": "20.73730", "2013-06-30": "18.37270", "2012-06-30": "20.71440", "2011-06-30": "25.11190", "2010-06-30": "23.12630", "2009-06-30": "24.56570", "2008-06-30": "22.60610", "2007-06-30": "20.88700", "2006-06-30": "23.79000", "2005-06-30": "26.06380"}, "ROA - Return On Assets": {"2020-06-30": "11.30880", "2019-06-30": "5.09830", "2018-06-30": "7.91800", "2017-06-30": "4.88290", "2016-06-30": "9.24910", "2015-06-30": "10.13160", "2014-06-30": "12.86370", "2013-06-30": "14.46620", "2012-06-30": "15.61620", "2011-06-30": "18.18160", "2010-06-30": "21.15900", "2009-06-30": "22.29680", "2008-06-30": "20.41080", "2007-06-30": "18.71210", "2006-06-30": "19.79720", "2005-06-30": "22.39770"}, "ROI - Return On Investment": {"2020-06-30": "13.28920", "2019-06-30": "5.79360", "2018-06-30": "8.89600", "2017-06-30": "5.88260", "2016-06-30": "10.76210", "2015-06-30": "11.71120", "2014-06-30": "13.95110", "2013-06-30": "15.26170", "2012-06-30": "16.65540", "2011-06-30": "19.16020", "2010-06-30": "21.87680", "2009-06-30": "23.05500", "2008-06-30": "21.25880", "2007-06-30": "19.44720", "2006-06-30": "20.80610", "2005-06-30": "23.51390"}, "Book Value Per Share": {"2020-06-30": "35.91900", "2019-06-30": "30.72680", "2018-06-30": "28.69310", "2017-06-30": "25.42100", "2016-06-30": "23.60230", "2015-06-30": "22.79590", "2014-06-30": "21.49250", "2013-06-30": "20.02280", "2012-06-30": "18.31430", "2011-06-30": "15.77590", "2010-06-30": "13.54990", "2009-06-30": "12.25650", "2008-06-30": "12.60590", "2007-06-30": "11.09210", "2006-06-30": "8.64330", "2005-06-30": "6.93300"}, "Operating Cash Flow Per Share": {"2020-06-30": 0.5386, "2019-06-30": 0.1929, "2018-06-30": 0.6443, "2017-06-30": -0.0295, "2016-06-30": 0.119, "2015-06-30": 0.0473, "2014-06-30": 0.3472, "2013-06-30": -0.0764, "2012-06-30": 0.0032, "2011-06-30": 0.4427, "2010-06-30": 0.0419, "2009-06-30": -0.001, "2008-06-30": 0.6477, "2007-06-30": 0.1288, "2006-06-30": 0.3427, "2005-06-30": 1.819}, "Free Cash Flow Per Share": {"2020-06-30": -0.1213, "2019-06-30": 0.0897, "2018-06-30": 0.499, "2017-06-30": 0.0184, "2016-06-30": 0.2009, "2015-06-30": -0.1138, "2014-06-30": 0.5822, "2013-06-30": -0.5223, "2012-06-30": -0.0617, "2011-06-30": 0.4694, "2010-06-30": 0.0905, "2009-06-30": 0.2429, "2008-06-30": 0.4352, "2007-06-30": 0.0407, "2006-06-30": 0.5052, "2005-06-30": 1.5402}}, "financial ratios, quarterly": {"Current Ratio": {"2020-09-30": "5.14010", "2020-06-30": "4.88360", "2020-03-31": "4.68570", "2019-12-31": "4.43130", "2019-09-30": "4.44040", "2019-06-30": "4.04580", "2019-03-31": "4.31870", "2018-12-31": "4.34550", "2018-09-30": "4.59140", "2018-06-30": "5.01030", "2018-03-31": "5.55100", "2017-12-31": "3.09890", "2017-09-30": "2.86980", "2017-06-30": "2.56800", "2017-03-31": "2.15220", "2016-12-31": "2.44420", "2016-09-30": "2.89820", "2016-06-30": "4.68890", "2016-03-31": "5.07850", "2015-12-31": "7.21160", "2015-09-30": "5.35070", "2015-06-30": "6.24330", "2015-03-31": "7.65290", "2014-12-31": "6.17730", "2014-09-30": "6.60080", "2014-06-30": "17.78690", "2014-03-31": "13.11490", "2013-12-31": "12.62570", "2013-09-30": "13.84080", "2013-06-30": "12.76390", "2013-03-31": "12.01190", "2012-12-31": "16.91420", "2012-09-30": "15.28940", "2012-06-30": "9.69250", "2012-03-31": "9.96950", "2011-12-31": "16.08840", "2011-09-30": "8.34770", "2011-06-30": "12.66860", "2011-03-31": "16.72870", "2010-12-31": "18.54590", "2010-09-30": "14.52140", "2010-06-30": "11.80920", "2010-03-31": "11.10600", "2009-12-31": "21.98870", "2009-09-30": "17.57380", "2009-06-30": "16.45730", "2009-03-31": "14.93060", "2008-12-31": "14.81460", "2008-09-30": "12.94980", "2008-06-30": "12.76910", "2008-03-31": "12.86390", "2007-12-31": "11.98090", "2007-09-30": "15.62220", "2007-06-30": "12.37930", "2007-03-31": "12.24650", "2006-12-31": "13.75190", "2006-09-30": "5.90680", "2006-06-30": "8.33920", "2006-03-31": "10.79020", "2005-12-31": "9.49480", "2005-09-30": "10.56040", "2005-06-30": "9.63050", "2005-03-31": "6.09920"}, "Long-term Debt / Capital": {"2020-09-30": "0.17780", "2020-06-30": "0.19950", "2020-03-31": "0.23980", "2019-12-31": "0.21870", "2019-09-30": "0.28740", "2019-06-30": "0.29710", "2019-03-31": "0.30780", "2018-12-31": "0.32710", "2018-09-30": "0.33100", "2018-06-30": "0.23910", "2018-03-31": "0.27050", "2017-12-31": "0.26650", "2017-09-30": "0.26020", "2017-06-30": "0.26580", "2017-03-31": "0.27460", "2016-12-31": "0.27840", "2016-09-30": "0.27730", "2016-06-30": "0.09430", "2016-03-31": "0.15610", "2015-12-31": "0.15970", "2015-09-30": "0.16400", "2015-06-30": "0.07940", "2015-03-31": "0.15640", "2014-12-31": "0.15540", "2014-09-30": "0.13040", "2014-06-30": "", "2014-03-31": "", "2013-12-31": "", "2013-09-30": "", "2013-06-30": "", "2013-03-31": "", "2012-12-31": "", "2012-09-30": "", "2012-06-30": "", "2012-03-31": "", "2011-12-31": "", "2011-09-30": "", "2011-06-30": "", "2011-03-31": "", "2010-12-31": "", "2010-09-30": "", "2010-06-30": "", "2010-03-31": "", "2009-12-31": "", "2009-09-30": "", "2009-06-30": "", "2009-03-31": "", "2008-12-31": "", "2008-09-30": "", "2008-06-30": "", "2008-03-31": "", "2007-12-31": "", "2007-09-30": "", "2007-06-30": "", "2007-03-31": "", "2006-12-31": "", "2006-09-30": "", "2006-06-30": "0.03460", "2006-03-31": "0.03800", "2005-12-31": "0.04320", "2005-09-30": "0.04280", "2005-06-30": "0.04760", "2005-03-31": "0.05260"}, "Debt/Equity Ratio": {"2020-09-30": "0.22490", "2020-06-30": "0.25830", "2020-03-31": "0.32510", "2019-12-31": "0.28940", "2019-09-30": "0.41390", "2019-06-30": "0.43340", "2019-03-31": "0.45560", "2018-12-31": "0.49740", "2018-09-30": "0.50610", "2018-06-30": "0.31420", "2018-03-31": "0.37090", "2017-12-31": "0.36330", "2017-09-30": "0.35160", "2017-06-30": "0.36200", "2017-03-31": "0.39450", "2016-12-31": "0.38990", "2016-09-30": "0.38780", "2016-06-30": "0.10830", "2016-03-31": "0.18950", "2015-12-31": "0.19450", "2015-09-30": "0.20080", "2015-06-30": "0.09090", "2015-03-31": "0.18900", "2014-12-31": "0.19130", "2014-09-30": "0.15750", "2014-06-30": "0.00750", "2014-03-31": "", "2013-12-31": "", "2013-09-30": "", "2013-06-30": "", "2013-03-31": "", "2012-12-31": "", "2012-09-30": "", "2012-06-30": "", "2012-03-31": "", "2011-12-31": "", "2011-09-30": "", "2011-06-30": "", "2011-03-31": "", "2010-12-31": "", "2010-09-30": "", "2010-06-30": "", "2010-03-31": "", "2009-12-31": "", "2009-09-30": "", "2009-06-30": "", "2009-03-31": "", "2008-12-31": "", "2008-09-30": "", "2008-06-30": "", "2008-03-31": "", "2007-12-31": "", "2007-09-30": "", "2007-06-30": "", "2007-03-31": "", "2006-12-31": "", "2006-09-30": "0.03630", "2006-06-30": "0.03950", "2006-03-31": "0.04340", "2005-12-31": "0.04940", "2005-09-30": "0.04890", "2005-06-30": "0.05460", "2005-03-31": "0.06060"}, "Gross Margin": {"2020-09-30": "67.44940", "2020-06-30": "64.44370", "2020-03-31": "66.80860", "2019-12-31": "65.64670", "2019-09-30": "64.62130", "2019-06-30": "66.91880", "2019-03-31": "67.40740", "2018-12-31": "64.76310", "2018-09-30": "66.02630", "2018-06-30": "67.78220", "2018-03-31": "67.24340", "2017-12-31": "66.06030", "2017-09-30": "67.67580", "2017-06-30": "65.38020", "2017-03-31": "67.12300", "2016-12-31": "66.87280", "2016-09-30": "66.88950", "2016-06-30": "66.55590", "2016-03-31": "68.70810", "2015-12-31": "67.47910", "2015-09-30": "67.08520", "2015-06-30": "67.21570", "2015-03-31": "69.53520", "2014-12-31": "67.65910", "2014-09-30": "67.35620", "2014-06-30": "68.73210", "2014-03-31": "71.27940", "2013-12-31": "69.73950", "2013-09-30": "71.33820", "2013-06-30": "74.38440", "2013-03-31": "75.49760", "2012-12-31": "73.60260", "2012-09-30": "74.08600", "2012-06-30": "74.81350", "2012-03-31": "75.79790", "2011-12-31": "73.89300", "2011-09-30": "75.24490", "2011-06-30": "76.41280", "2011-03-31": "79.09950", "2010-12-31": "77.36310", "2010-09-30": "77.40820", "2010-06-30": "78.61170", "2010-03-31": "79.51140", "2009-12-31": "79.65690", "2009-09-30": "80.60990", "2009-06-30": "76.74370", "2009-03-31": "78.90550", "2008-12-31": "78.29530", "2008-09-30": "81.12340", "2008-06-30": "79.50680", "2008-03-31": "79.65250", "2007-12-31": "79.48090", "2007-09-30": "79.12640", "2007-06-30": "78.26790", "2007-03-31": "80.03390", "2006-12-31": "79.59590", "2006-09-30": "78.53530", "2006-06-30": "77.29420", "2006-03-31": "77.91580", "2005-12-31": "77.73220", "2005-09-30": "76.74230", "2005-06-30": "79.29170", "2005-03-31": "80.93670"}, "Operating Margin": {"2020-09-30": "24.04130", "2020-06-30": "22.35580", "2020-03-31": "24.54850", "2019-12-31": "20.00280", "2019-09-30": "18.18730", "2019-06-30": "22.57220", "2019-03-31": "23.85040", "2018-12-31": "19.25560", "2018-09-30": "15.80840", "2018-06-30": "23.80810", "2018-03-31": "26.27510", "2017-12-31": "15.66500", "2017-09-30": "18.00050", "2017-06-30": "25.57510", "2017-03-31": "23.25930", "2016-12-31": "13.56610", "2016-09-30": "22.32790", "2016-06-30": "29.69090", "2016-03-31": "33.23360", "2015-12-31": "29.79560", "2015-09-30": "27.61050", "2015-06-30": "32.12650", "2015-03-31": "34.53640", "2014-12-31": "30.88930", "2014-09-30": "32.46400", "2014-06-30": "41.98520", "2014-03-31": "47.89810", "2013-12-31": "42.54380", "2013-09-30": "45.98100", "2013-06-30": "50.09880", "2013-03-31": "54.25970", "2012-12-31": "49.15090", "2012-09-30": "50.38720", "2012-06-30": "52.38620", "2012-03-31": "55.44300", "2011-12-31": "50.47010", "2011-09-30": "52.76950", "2011-06-30": "54.59260", "2011-03-31": "58.65660", "2010-12-31": "55.16480", "2010-09-30": "56.46180", "2010-06-30": "58.34610", "2010-03-31": "59.26180", "2009-12-31": "55.78980", "2009-09-30": "58.91870", "2009-06-30": "56.14890", "2009-03-31": "59.58800", "2008-12-31": "52.77810", "2008-09-30": "59.50030", "2008-06-30": "57.25480", "2008-03-31": "57.90970", "2007-12-31": "52.94650", "2007-09-30": "55.74350", "2007-06-30": "55.57720", "2007-03-31": "58.76870", "2006-12-31": "52.40440", "2006-09-30": "54.99230", "2006-06-30": "55.14350", "2006-03-31": "55.74230", "2005-12-31": "50.56950", "2005-09-30": "52.29620", "2005-06-30": "56.32900", "2005-03-31": "57.33180"}, "EBIT Margin": {"2020-09-30": "24.04130", "2020-06-30": "22.35580", "2020-03-31": "24.54850", "2019-12-31": "20.00280", "2019-09-30": "18.18730", "2019-06-30": "22.57220", "2019-03-31": "23.85040", "2018-12-31": "19.25560", "2018-09-30": "15.80840", "2018-06-30": "23.80810", "2018-03-31": "26.27510", "2017-12-31": "15.66500", "2017-09-30": "18.00050", "2017-06-30": "25.57510", "2017-03-31": "23.25930", "2016-12-31": "13.56610", "2016-09-30": "22.32790", "2016-06-30": "29.69090", "2016-03-31": "33.23360", "2015-12-31": "29.79560", "2015-09-30": "27.61050", "2015-06-30": "32.12650", "2015-03-31": "34.53640", "2014-12-31": "30.88930", "2014-09-30": "32.46400", "2014-06-30": "41.98520", "2014-03-31": "47.89810", "2013-12-31": "42.54380", "2013-09-30": "45.98100", "2013-06-30": "50.09880", "2013-03-31": "54.25970", "2012-12-31": "49.15090", "2012-09-30": "50.38720", "2012-06-30": "52.38620", "2012-03-31": "55.44300", "2011-12-31": "50.47010", "2011-09-30": "52.76950", "2011-06-30": "54.59260", "2011-03-31": "58.65660", "2010-12-31": "55.16480", "2010-09-30": "56.46180", "2010-06-30": "58.34610", "2010-03-31": "59.26180", "2009-12-31": "55.78980", "2009-09-30": "58.91870", "2009-06-30": "56.14890", "2009-03-31": "59.58800", "2008-12-31": "52.77810", "2008-09-30": "59.50030", "2008-06-30": "57.25480", "2008-03-31": "57.90970", "2007-12-31": "52.94650", "2007-09-30": "55.74350", "2007-06-30": "55.57720", "2007-03-31": "58.76870", "2006-12-31": "52.40440", "2006-09-30": "54.99230", "2006-06-30": "55.14350", "2006-03-31": "55.74230", "2005-12-31": "50.56950", "2005-09-30": "52.29620", "2005-06-30": "56.32900", "2005-03-31": "57.33180"}, "EBITDA Margin": {"2020-09-30": "", "2020-06-30": "", "2020-03-31": "", "2019-12-31": "", "2019-09-30": "", "2019-06-30": "", "2019-03-31": "", "2018-12-31": "", "2018-09-30": "", "2018-06-30": "", "2018-03-31": "", "2017-12-31": "", "2017-09-30": "", "2017-06-30": "", "2017-03-31": "", "2016-12-31": "", "2016-09-30": "", "2016-06-30": "", "2016-03-31": "", "2015-12-31": "", "2015-09-30": "", "2015-06-30": "", "2015-03-31": "", "2014-12-31": "", "2014-09-30": "", "2014-06-30": "", "2014-03-31": "", "2013-12-31": "", "2013-09-30": "", "2013-06-30": "", "2013-03-31": "", "2012-12-31": "", "2012-09-30": "", "2012-06-30": "", "2012-03-31": "", "2011-12-31": "", "2011-09-30": "", "2011-06-30": "", "2011-03-31": "", "2010-12-31": "", "2010-09-30": "", "2010-06-30": "", "2010-03-31": "", "2009-12-31": "", "2009-09-30": "", "2009-06-30": "", "2009-03-31": "", "2008-12-31": "", "2008-09-30": "", "2008-06-30": "", "2008-03-31": "", "2007-12-31": "", "2007-09-30": "", "2007-06-30": "", "2007-03-31": "", "2006-12-31": "", "2006-09-30": "", "2006-06-30": "", "2006-03-31": "", "2005-12-31": "", "2005-09-30": "", "2005-06-30": "", "2005-03-31": ""}, "Pre-Tax Profit Margin": {"2020-09-30": "19.26500", "2020-06-30": "34.98980", "2020-03-31": "24.05020", "2019-12-31": "81.28630", "2019-09-30": "9.71720", "2019-06-30": "11.88790", "2019-03-31": "26.98080", "2018-12-31": "12.47320", "2018-09-30": "10.79090", "2018-06-30": "31.21820", "2018-03-31": "15.23540", "2017-12-31": "14.09700", "2017-09-30": "15.88170", "2017-06-30": "24.17130", "2017-03-31": "21.62010", "2016-12-31": "11.52290", "2016-09-30": "21.27800", "2016-06-30": "28.02720", "2016-03-31": "32.44180", "2015-12-31": "29.25720", "2015-09-30": "28.33840", "2015-06-30": "32.50130", "2015-03-31": "33.95210", "2014-12-31": "38.02030", "2014-09-30": "31.89430", "2014-06-30": "42.63910", "2014-03-31": "48.21200", "2013-12-31": "43.10790", "2013-09-30": "46.28800", "2013-06-30": "51.29160", "2013-03-31": "54.90170", "2012-12-31": "49.87280", "2012-09-30": "50.63110", "2012-06-30": "51.62240", "2012-03-31": "51.66760", "2011-12-31": "50.72590", "2011-09-30": "52.19340", "2011-06-30": "55.06420", "2011-03-31": "59.50360", "2010-12-31": "55.64040", "2010-09-30": "57.33020", "2010-06-30": "57.86040", "2010-03-31": "58.96440", "2009-12-31": "56.01110", "2009-09-30": "59.67930", "2009-06-30": "57.67300", "2009-03-31": "60.17890", "2008-12-31": "55.19100", "2008-09-30": "61.95260", "2008-06-30": "59.76920", "2008-03-31": "61.83940", "2007-12-31": "57.25760", "2007-09-30": "59.93240", "2007-06-30": "58.43730", "2007-03-31": "61.21070", "2006-12-31": "53.76220", "2006-09-30": "56.75540", "2006-06-30": "56.87400", "2006-03-31": "56.85150", "2005-12-31": "51.84160", "2005-09-30": "53.42810", "2005-06-30": "57.93780", "2005-03-31": "58.21220"}, "Net Profit Margin": {"2020-09-30": "16.35420", "2020-06-30": "33.46570", "2020-03-31": "18.71380", "2019-12-31": "64.68360", "2019-09-30": "7.85730", "2019-06-30": "8.58740", "2019-03-31": "24.15550", "2018-12-31": "10.06020", "2018-09-30": "10.67870", "2018-06-30": "23.13510", "2018-03-31": "12.03740", "2017-12-31": "31.68740", "2017-09-30": "10.96930", "2017-06-30": "17.63280", "2017-03-31": "15.38980", "2016-12-31": "5.66510", "2016-09-30": "14.43010", "2016-06-30": "19.01650", "2016-03-31": "23.12770", "2015-12-31": "21.38090", "2015-09-30": "20.20540", "2015-06-30": "22.37660", "2015-03-31": "21.27750", "2014-12-31": "29.66470", "2014-09-30": "22.03880", "2014-06-30": "28.99170", "2014-03-31": "33.11290", "2013-12-31": "29.82130", "2013-09-30": "32.01660", "2013-06-30": "35.74830", "2013-03-31": "40.89050", "2012-12-31": "33.78130", "2012-09-30": "34.21260", "2012-06-30": "34.62210", "2012-03-31": "37.97610", "2011-12-31": "34.57310", "2011-09-30": "35.46700", "2011-06-30": "36.30410", "2011-03-31": "40.72850", "2010-12-31": "39.18890", "2010-09-30": "38.81520", "2010-06-30": "38.81500", "2010-03-31": "46.08550", "2009-12-31": "37.72990", "2009-09-30": "40.23810", "2009-06-30": "39.12160", "2009-03-31": "40.72880", "2008-12-31": "38.17640", "2008-09-30": "41.24550", "2008-06-30": "40.22050", "2008-03-31": "42.56210", "2007-12-31": "38.04030", "2007-09-30": "39.78820", "2007-06-30": "39.23660", "2007-03-31": "39.69140", "2006-12-31": "35.54250", "2006-09-30": "37.49880", "2006-06-30": "37.43130", "2006-03-31": "37.12080", "2005-12-31": "34.38340", "2005-09-30": "35.63480", "2005-06-30": "39.04650", "2005-03-31": "38.46670"}, "Asset Turnover": {"2020-09-30": "0.09950", "2020-06-30": "0.08670", "2020-03-31": "0.09740", "2019-12-31": "0.09250", "2019-09-30": "0.09520", "2019-06-30": "0.10170", "2019-03-31": "0.09870", "2018-12-31": "0.09460", "2018-09-30": "0.08700", "2018-06-30": "0.11310", "2018-03-31": "0.10140", "2017-12-31": "0.09910", "2017-09-30": "0.09470", "2017-06-30": "0.10050", "2017-03-31": "0.09390", "2016-12-31": "0.08670", "2016-09-30": "0.08610", "2016-06-30": "0.11930", "2016-03-31": "0.11670", "2015-12-31": "0.10670", "2015-09-30": "0.09960", "2015-06-30": "0.11070", "2015-03-31": "0.10340", "2014-12-31": "0.10000", "2014-09-30": "0.10650", "2014-06-30": "0.10730", "2014-03-31": "0.11500", "2013-12-31": "0.10470", "2013-09-30": "0.10990", "2013-06-30": "0.10210", "2013-03-31": "0.10650", "2012-12-31": "0.10360", "2012-09-30": "0.10530", "2012-06-30": "0.10940", "2012-03-31": "0.12220", "2011-12-31": "0.11960", "2011-09-30": "0.12350", "2011-06-30": "0.12630", "2011-03-31": "0.13090", "2010-12-31": "0.12190", "2010-09-30": "0.12590", "2010-06-30": "0.12860", "2010-03-31": "0.13470", "2009-12-31": "0.13050", "2009-09-30": "0.13660", "2009-06-30": "0.13750", "2009-03-31": "0.15360", "2008-12-31": "0.14270", "2008-09-30": "0.13660", "2008-06-30": "0.13360", "2008-03-31": "0.14240", "2007-12-31": "0.12730", "2007-09-30": "0.12050", "2007-06-30": "0.12850", "2007-03-31": "0.14090", "2006-12-31": "0.13210", "2006-09-30": "0.13450", "2006-06-30": "0.14050", "2006-03-31": "0.16020", "2005-12-31": "0.15490", "2005-09-30": "0.14980", "2005-06-30": "0.16100", "2005-03-31": "0.17240"}, "Inventory Turnover Ratio": {"2020-09-30": "0.62700", "2020-06-30": "0.60610", "2020-03-31": "0.64830", "2019-12-31": "0.66630", "2019-09-30": "0.71350", "2019-06-30": "0.69640", "2019-03-31": "0.64210", "2018-12-31": "0.67640", "2018-09-30": "0.60900", "2018-06-30": "0.67810", "2018-03-31": "0.60630", "2017-12-31": "0.76620", "2017-09-30": "0.70260", "2017-06-30": "0.90120", "2017-03-31": "0.74260", "2016-12-31": "0.66070", "2016-09-30": "0.61310", "2016-06-30": "0.78930", "2016-03-31": "0.71820", "2015-12-31": "0.67010", "2015-09-30": "0.62730", "2015-06-30": "0.77810", "2015-03-31": "0.68130", "2014-12-31": "0.68550", "2014-09-30": "0.67840", "2014-06-30": "0.74470", "2014-03-31": "0.71490", "2013-12-31": "0.63570", "2013-09-30": "0.61450", "2013-06-30": "0.58370", "2013-03-31": "0.55630", "2012-12-31": "0.52710", "2012-09-30": "0.50630", "2012-06-30": "0.51770", "2012-03-31": "0.49970", "2011-12-31": "0.47570", "2011-09-30": "0.45610", "2011-06-30": "0.40990", "2011-03-31": "1.17050", "2010-12-31": "1.11580", "2010-09-30": "1.11090", "2010-06-30": "1.03870", "2010-03-31": "1.07050", "2009-12-31": "1.02630", "2009-09-30": "1.03470", "2009-06-30": "1.33920", "2009-03-31": "1.33180", "2008-12-31": "1.35970", "2008-09-30": "1.34920", "2008-06-30": "1.45960", "2008-03-31": "1.41420", "2007-12-31": "1.35520", "2007-09-30": "1.30420", "2007-06-30": "1.44990", "2007-03-31": "1.25540", "2006-12-31": "1.16330", "2006-09-30": "1.25110", "2006-06-30": "1.31010", "2006-03-31": "1.26030", "2005-12-31": "1.07490", "2005-09-30": "1.11160", "2005-06-30": "1.26930", "2005-03-31": "1.11050"}, "Receiveable Turnover": {"2020-09-30": "1.66510", "2020-06-30": "1.43500", "2020-03-31": "1.65750", "2019-12-31": "1.65480", "2019-09-30": "1.49310", "2019-06-30": "1.39430", "2019-03-31": "1.38030", "2018-12-31": "1.54050", "2018-09-30": "1.42020", "2018-06-30": "1.49840", "2018-03-31": "1.49390", "2017-12-31": "1.56500", "2017-09-30": "1.34740", "2017-06-30": "1.34020", "2017-03-31": "1.21720", "2016-12-31": "1.26290", "2016-09-30": "1.18910", "2016-06-30": "1.44300", "2016-03-31": "1.48460", "2015-12-31": "1.79570", "2015-09-30": "1.56330", "2015-06-30": "1.68010", "2015-03-31": "1.70830", "2014-12-31": "1.78920", "2014-09-30": "1.76280", "2014-06-30": "1.68220", "2014-03-31": "1.89380", "2013-12-31": "2.07780", "2013-09-30": "1.93960", "2013-06-30": "1.97820", "2013-03-31": "2.03120", "2012-12-31": "2.18740", "2012-09-30": "2.03260", "2012-06-30": "2.08480", "2012-03-31": "1.86900", "2011-12-31": "2.16130", "2011-09-30": "2.17730", "2011-06-30": "2.06120", "2011-03-31": "2.03310", "2010-12-31": "2.12350", "2010-09-30": "2.05540", "2010-06-30": "1.95430", "2010-03-31": "1.85250", "2009-12-31": "2.35680", "2009-09-30": "2.09720", "2009-06-30": "2.08290", "2009-03-31": "1.96080", "2008-12-31": "2.09370", "2008-09-30": "2.04090", "2008-06-30": "2.03320", "2008-03-31": "2.03250", "2007-12-31": "2.02170", "2007-09-30": "1.81010", "2007-06-30": "1.88670", "2007-03-31": "1.95260", "2006-12-31": "2.16280", "2006-09-30": "2.03830", "2006-06-30": "2.07620", "2006-03-31": "2.03500", "2005-12-31": "2.22270", "2005-09-30": "2.06430", "2005-06-30": "2.00450", "2005-03-31": "2.04140"}, "Days Sales In Receivables": {"2020-09-30": "54.05100", "2020-06-30": "62.71860", "2020-03-31": "54.29770", "2019-12-31": "54.38570", "2019-09-30": "60.27600", "2019-06-30": "64.54980", "2019-03-31": "65.20270", "2018-12-31": "58.42340", "2018-09-30": "63.37220", "2018-06-30": "60.06330", "2018-03-31": "60.24350", "2017-12-31": "57.50660", "2017-09-30": "66.79380", "2017-06-30": "67.15310", "2017-03-31": "73.94040", "2016-12-31": "71.26420", "2016-09-30": "75.68610", "2016-06-30": "62.37200", "2016-03-31": "60.62230", "2015-12-31": "50.11870", "2015-09-30": "57.57050", "2015-06-30": "53.56870", "2015-03-31": "52.68510", "2014-12-31": "50.30200", "2014-09-30": "51.05530", "2014-06-30": "53.50120", "2014-03-31": "47.52470", "2013-12-31": "43.31450", "2013-09-30": "46.40150", "2013-06-30": "45.49540", "2013-03-31": "44.30880", "2012-12-31": "41.14450", "2012-09-30": "44.27720", "2012-06-30": "43.17040", "2012-03-31": "48.15510", "2011-12-31": "41.64170", "2011-09-30": "41.33600", "2011-06-30": "43.66330", "2011-03-31": "44.26660", "2010-12-31": "42.38270", "2010-09-30": "43.78730", "2010-06-30": "46.05230", "2010-03-31": "48.58320", "2009-12-31": "38.18760", "2009-09-30": "42.91420", "2009-06-30": "43.20810", "2009-03-31": "45.90050", "2008-12-31": "42.98550", "2008-09-30": "44.09900", "2008-06-30": "44.26630", "2008-03-31": "44.28020", "2007-12-31": "44.51770", "2007-09-30": "49.72060", "2007-06-30": "47.70120", "2007-03-31": "46.09220", "2006-12-31": "41.61230", "2006-09-30": "44.15500", "2006-06-30": "43.34920", "2006-03-31": "44.22580", "2005-12-31": "40.49050", "2005-09-30": "43.59930", "2005-06-30": "44.89870", "2005-03-31": "44.08660"}, "ROE - Return On Equity": {"2020-09-30": "2.32020", "2020-06-30": "4.26040", "2020-03-31": "2.82140", "2019-12-31": "9.03930", "2019-09-30": "1.22620", "2019-06-30": "1.41210", "2019-03-31": "3.89560", "2018-12-31": "1.60120", "2018-09-30": "1.56860", "2018-06-30": "3.86470", "2018-03-31": "1.86510", "2017-12-31": "4.89540", "2017-09-30": "1.65270", "2017-06-30": "2.90740", "2017-03-31": "2.44150", "2016-12-31": "0.83840", "2016-09-30": "2.10440", "2016-06-30": "2.91440", "2016-03-31": "3.55130", "2015-12-31": "3.01880", "2015-09-30": "2.71000", "2015-06-30": "3.10870", "2015-03-31": "2.96200", "2014-12-31": "4.04650", "2014-09-30": "3.01320", "2014-06-30": "3.37300", "2014-03-31": "4.07200", "2013-12-31": "3.34720", "2013-09-30": "3.77400", "2013-06-30": "3.85210", "2013-03-31": "4.60290", "2012-12-31": "3.65180", "2012-09-30": "3.77140", "2012-06-30": "4.03900", "2012-03-31": "4.92730", "2011-12-31": "4.32010", "2011-09-30": "4.66970", "2011-06-30": "4.83360", "2011-03-31": "5.48570", "2010-12-31": "4.89620", "2010-09-30": "5.03720", "2010-06-30": "5.16050", "2010-03-31": "6.44990", "2009-12-31": "5.06010", "2009-09-30": "5.68400", "2009-06-30": "5.56120", "2009-03-31": "6.47500", "2008-12-31": "5.61770", "2008-09-30": "5.85430", "2008-06-30": "5.59540", "2008-03-31": "6.32340", "2007-12-31": "5.04720", "2007-09-30": "4.94840", "2007-06-30": "5.23800", "2007-03-31": "5.80680", "2006-12-31": "4.84150", "2006-09-30": "5.42750", "2006-06-30": "5.72620", "2006-03-31": "6.43140", "2005-12-31": "5.82500", "2005-09-30": "5.80880", "2005-06-30": "6.93140", "2005-03-31": "7.48800"}, "Return On Tangible Equity": {"2020-09-30": "16.69270", "2020-06-30": "43.16010", "2020-03-31": "103.78340", "2019-12-31": "303.64750", "2019-09-30": "-12.04590", "2019-06-30": "-11.23430", "2019-03-31": "-29.28440", "2018-12-31": "-8.04570", "2018-09-30": "-7.63270", "2018-06-30": "119.69920", "2018-03-31": "515.21060", "2017-12-31": "-164.79000", "2017-09-30": "-20.08130", "2017-06-30": "-33.90060", "2017-03-31": "-15.33990", "2016-12-31": "-4.64650", "2016-09-30": "-10.82810", "2016-06-30": "18.58650", "2016-03-31": "29.43220", "2015-12-31": "22.11360", "2015-09-30": "26.64200", "2015-06-30": "16.10750", "2015-03-31": "17.74000", "2014-12-31": "31.39560", "2014-09-30": "13.23230", "2014-06-30": "5.01370", "2014-03-31": "5.90010", "2013-12-31": "4.95530", "2013-09-30": "5.68530", "2013-06-30": "4.63740", "2013-03-31": "5.58090", "2012-12-31": "4.50950", "2012-09-30": "4.68740", "2012-06-30": "5.02340", "2012-03-31": "6.23130", "2011-12-31": "5.56810", "2011-09-30": "6.06240", "2011-06-30": "6.33510", "2011-03-31": "5.75600", "2010-12-31": "5.15060", "2010-09-30": "5.31050", "2010-06-30": "5.45530", "2010-03-31": "6.82150", "2009-12-31": "5.36300", "2009-09-30": "6.04100", "2009-06-30": "5.92560", "2009-03-31": "6.93490", "2008-12-31": "6.02690", "2008-09-30": "6.22100", "2008-06-30": "5.95000", "2008-03-31": "6.74590", "2007-12-31": "5.38770", "2007-09-30": "5.28720", "2007-06-30": "5.62570", "2007-03-31": "6.27290", "2006-12-31": "5.26810", "2006-09-30": "5.94740", "2006-06-30": "6.32090", "2006-03-31": "7.16820", "2005-12-31": "6.59270", "2005-09-30": "6.55970", "2005-06-30": "7.31760", "2005-03-31": "7.95460"}, "ROA - Return On Assets": {"2020-09-30": "1.62660", "2020-06-30": "2.90220", "2020-03-31": "1.82250", "2019-12-31": "5.98580", "2019-09-30": "0.74790", "2019-06-30": "0.87340", "2019-03-31": "2.38460", "2018-12-31": "0.95160", "2018-09-30": "0.92950", "2018-06-30": "2.61750", "2018-03-31": "1.22000", "2017-12-31": "3.14040", "2017-09-30": "1.03860", "2017-06-30": "1.77180", "2017-03-31": "1.44560", "2016-12-31": "0.49120", "2016-09-30": "1.24170", "2016-06-30": "2.26860", "2016-03-31": "2.69990", "2015-12-31": "2.28070", "2015-09-30": "2.01260", "2015-06-30": "2.47600", "2015-03-31": "2.19960", "2014-12-31": "2.96770", "2014-09-30": "2.34780", "2014-06-30": "3.11010", "2014-03-31": "3.80960", "2013-12-31": "3.12340", "2013-09-30": "3.51960", "2013-06-30": "3.65130", "2013-03-31": "4.35600", "2012-12-31": "3.50060", "2012-09-30": "3.60190", "2012-06-30": "3.78700", "2012-03-31": "4.64250", "2011-12-31": "4.13510", "2011-09-30": "4.37930", "2011-06-30": "4.58680", "2011-03-31": "5.33000", "2010-12-31": "4.77570", "2010-09-30": "4.88730", "2010-06-30": "4.99120", "2010-03-31": "6.20590", "2009-12-31": "4.92220", "2009-09-30": "5.49680", "2009-06-30": "5.37830", "2009-03-31": "6.25640", "2008-12-31": "5.44880", "2008-09-30": "5.63220", "2008-06-30": "5.37220", "2008-03-31": "6.06220", "2007-12-31": "4.84190", "2007-09-30": "4.79610", "2007-06-30": "5.04000", "2007-03-31": "5.59330", "2006-12-31": "4.69340", "2006-09-30": "5.04390", "2006-06-30": "5.26000", "2006-03-31": "5.94730", "2005-12-31": "5.32520", "2005-09-30": "5.33810", "2005-06-30": "6.28830", "2005-03-31": "6.63300"}, "ROI - Return On Investment": {"2020-09-30": "1.90780", "2020-06-30": "3.41040", "2020-03-31": "2.14480", "2019-12-31": "7.06230", "2019-09-30": "0.87380", "2019-06-30": "0.99260", "2019-03-31": "2.69640", "2018-12-31": "1.07750", "2018-09-30": "1.04940", "2018-06-30": "2.94080", "2018-03-31": "1.36050", "2017-12-31": "3.59080", "2017-09-30": "1.22280", "2017-06-30": "2.13460", "2017-03-31": "1.77110", "2016-12-31": "0.60500", "2016-09-30": "1.52100", "2016-06-30": "2.63970", "2016-03-31": "2.99680", "2015-12-31": "2.53660", "2015-09-30": "2.26560", "2015-06-30": "2.86210", "2015-03-31": "2.49880", "2014-12-31": "3.41760", "2014-09-30": "2.62020", "2014-06-30": "3.37300", "2014-03-31": "4.07200", "2013-12-31": "3.34720", "2013-09-30": "3.77400", "2013-06-30": "3.85210", "2013-03-31": "4.60290", "2012-12-31": "3.65180", "2012-09-30": "3.77140", "2012-06-30": "4.03900", "2012-03-31": "4.92730", "2011-12-31": "4.32010", "2011-09-30": "4.66970", "2011-06-30": "4.83360", "2011-03-31": "5.48570", "2010-12-31": "4.89620", "2010-09-30": "5.03720", "2010-06-30": "5.16050", "2010-03-31": "6.44990", "2009-12-31": "5.06010", "2009-09-30": "5.68400", "2009-06-30": "5.56120", "2009-03-31": "6.47500", "2008-12-31": "5.61770", "2008-09-30": "5.85430", "2008-06-30": "5.59540", "2008-03-31": "6.32340", "2007-12-31": "5.04720", "2007-09-30": "4.94840", "2007-06-30": "5.23800", "2007-03-31": "5.80680", "2006-12-31": "4.84150", "2006-09-30": "5.42750", "2006-06-30": "5.52810", "2006-03-31": "6.18710", "2005-12-31": "5.57340", "2005-09-30": "5.56030", "2005-06-30": "6.60170", "2005-03-31": "7.09440"}, "Book Value Per Share": {"2020-09-30": "37.28620", "2020-06-30": "35.91900", "2020-03-31": "33.87200", "2019-12-31": "34.56840", "2019-09-30": "30.83250", "2019-06-30": "30.72680", "2019-03-31": "30.31410", "2018-12-31": "29.05590", "2018-09-30": "29.34870", "2018-06-30": "28.69310", "2018-03-31": "28.18730", "2017-12-31": "26.62980", "2017-09-30": "25.65720", "2017-06-30": "25.42100", "2017-03-31": "24.31960", "2016-12-31": "23.86960", "2016-09-30": "24.00390", "2016-06-30": "23.60230", "2016-03-31": "22.93160", "2015-12-31": "23.02550", "2015-09-30": "22.53640", "2015-06-30": "22.79590", "2015-03-31": "22.07270", "2014-12-31": "22.11490", "2014-09-30": "21.42620", "2014-06-30": "21.49250", "2014-03-31": "21.04320", "2013-12-31": "20.28480", "2013-09-30": "19.72060", "2013-06-30": "20.02280", "2013-03-31": "19.52960", "2012-12-31": "18.85250", "2012-09-30": "18.48010", "2012-06-30": "18.31430", "2012-03-31": "17.48590", "2011-12-31": "16.19650", "2011-09-30": "15.92630", "2011-06-30": "15.77590", "2011-03-31": "15.25570", "2010-12-31": "14.60000", "2010-09-30": "14.13020", "2010-06-30": "13.54990", "2010-03-31": "13.46660", "2009-12-31": "13.11150", "2009-09-30": "12.64620", "2009-06-30": "12.25650", "2009-03-31": "11.45210", "2008-12-31": "11.21690", "2008-09-30": "12.70380", "2008-06-30": "12.60590", "2008-03-31": "12.06770", "2007-12-31": "11.94510", "2007-09-30": "11.79680", "2007-06-30": "11.09210", "2007-03-31": "10.43740", "2006-12-31": "9.78600", "2006-09-30": "9.18460", "2006-06-30": "8.64330", "2006-03-31": "8.03600", "2005-12-31": "7.29090", "2005-09-30": "7.52940", "2005-06-30": "6.93300", "2005-03-31": "6.40570"}, "Operating Cash Flow Per Share": {"2020-09-30": "1.64920", "2020-06-30": 1.1403, "2020-03-31": 1.2626, "2019-12-31": 1.7727, "2019-09-30": "1.03280", "2019-06-30": 1.4359, "2019-03-31": 1.0141, "2018-12-31": 1.2034, "2018-09-30": "1.01640", "2018-06-30": 1.7102, "2018-03-31": 0.5551, "2017-12-31": 1.0262, "2017-09-30": "1.18540", "2017-06-30": 1.3556, "2017-03-31": 0.6665, "2016-12-31": 1.1107, "2016-09-30": "0.69980", "2016-06-30": 0.9797, "2016-03-31": 0.9958, "2015-12-31": 1.0335, "2015-09-30": "0.85310", "2015-06-30": 1.0003, "2015-03-31": 0.8228, "2014-12-31": 0.9585, "2014-09-30": "0.96150", "2014-06-30": 1.0282, "2014-03-31": 0.9411, "2013-12-31": 0.8441, "2013-09-30": "0.88240", "2013-06-30": 0.8132, "2013-03-31": 0.8945, "2012-12-31": 0.8478, "2012-09-30": "0.79310", "2012-06-30": 1.006, "2012-03-31": 0.9371, "2011-12-31": 0.5556, "2011-09-30": "0.92630", "2011-06-30": 0.9342, "2011-03-31": 0.8691, "2010-12-31": 0.7911, "2010-09-30": "0.82740", "2010-06-30": 0.8528, "2010-03-31": 0.6201, "2009-12-31": 0.7555, "2009-09-30": "0.75070", "2009-06-30": 0.7763, "2009-03-31": 0.7578, "2008-12-31": 0.7121, "2008-09-30": "0.69100", "2008-06-30": 0.8397, "2008-03-31": 0.7652, "2007-12-31": 0.7615, "2007-09-30": "0.57180", "2007-06-30": 0.6929, "2007-03-31": 0.5981, "2006-12-31": 0.5083, "2006-09-30": "0.49120", "2006-06-30": 0.7328, "2006-03-31": 0.4373, "2005-12-31": 0.5503, "2005-09-30": "0.44130", "2005-06-30": 0.4809, "2005-03-31": 1.3381}, "Free Cash Flow Per Share": {"2020-09-30": "1.37590", "2020-06-30": 0.6987, "2020-03-31": 1.0254, "2019-12-31": 1.4065, "2019-09-30": "0.76460", "2019-06-30": 1.1356, "2019-03-31": 0.8881, "2018-12-31": 1.0844, "2018-09-30": "0.90840", "2018-06-30": 1.5564, "2018-03-31": 0.4648, "2017-12-31": 0.86, "2017-09-30": "1.04560", "2017-06-30": 1.1991, "2017-03-31": 0.5595, "2016-12-31": 1.0346, "2016-09-30": "0.63460", "2016-06-30": 0.8982, "2016-03-31": 0.9197, "2015-12-31": 0.9024, "2015-09-30": "0.68910", "2015-06-30": 0.8138, "2015-03-31": 0.691, "2014-12-31": 0.8742, "2014-09-30": "0.82950", "2014-06-30": 0.971, "2014-03-31": 0.8263, "2013-12-31": 0.7458, "2013-09-30": "0.77920", "2013-06-30": 0.6683, "2013-03-31": 0.7218, "2012-12-31": 0.625, "2012-09-30": "0.72500", "2012-06-30": 0.9757, "2012-03-31": 0.8939, "2011-12-31": 0.4959, "2011-09-30": "0.89690", "2011-06-30": 0.8999, "2011-03-31": 0.8532, "2010-12-31": 0.7719, "2010-09-30": "0.79910", "2010-06-30": 0.8226, "2010-03-31": 0.5836, "2009-12-31": 0.7129, "2009-09-30": "0.73560", "2009-06-30": 0.6888, "2009-03-31": 0.7281, "2008-12-31": 0.6754, "2008-09-30": "0.67190", "2008-06-30": 0.5995, "2008-03-31": 0.734, "2007-12-31": 0.6976, "2007-09-30": "0.49020", "2007-06-30": 0.5971, "2007-03-31": 0.5858, "2006-12-31": 0.4601, "2006-09-30": "0.44310", "2006-06-30": 0.6871, "2006-03-31": 0.4077, "2005-12-31": 0.5283, "2005-09-30": "0.42230", "2005-06-30": 0.4522, "2005-03-31": 1.088}}, "revenue": {"Bio-Techne Corp Annual Revenue (Millions of US $)": {"2020": "$739", "2019": "$714", "2018": "$643", "2017": "$563", "2016": "$499", "2015": "$452", "2014": "$358", "2013": "$311", "2012": "$315", "2011": "$290", "2010": "$269", "2009": "$264", "2008": "$257", "2007": "$223", "2006": "$203", "2005": "$179"}, "Bio-Techne Corp Quarterly Revenue (Millions of US $)": {"2020-12-31": "$224", "2020-09-30": "$204", "2020-06-30": "$176", "2020-03-31": "$195", "2019-12-31": "$185", "2019-09-30": "$183", "2019-06-30": "$192", "2019-03-31": "$185", "2018-12-31": "$175", "2018-09-30": "$163", "2018-06-30": "$180", "2018-03-31": "$164", "2017-12-31": "$154", "2017-09-30": "$145", "2017-06-30": "$157", "2017-03-31": "$144", "2016-12-31": "$132", "2016-09-30": "$131", "2016-06-30": "$135", "2016-03-31": "$131", "2015-12-31": "$121", "2015-09-30": "$112", "2015-06-30": "$118", "2015-03-31": "$114", "2014-12-31": "$112", "2014-09-30": "$108", "2014-06-30": "$93", "2014-03-31": "$96", "2013-12-31": "$84", "2013-09-30": "$86", "2013-06-30": "$79", "2013-03-31": "$81", "2012-12-31": "$75", "2012-09-30": "$75", "2012-06-30": "$79", "2012-03-31": "$84", "2011-12-31": "$75", "2011-09-30": "$78", "2011-06-30": "$78", "2011-03-31": "$76", "2010-12-31": "$68", "2010-09-30": "$68", "2010-06-30": "$67", "2010-03-31": "$70", "2009-12-31": "$66", "2009-09-30": "$67", "2009-06-30": "$65", "2009-03-31": "$68", "2008-12-31": "$62", "2008-09-30": "$69", "2008-06-30": "$68", "2008-03-31": "$70", "2007-12-31": "$62", "2007-09-30": "$58", "2007-06-30": "$58", "2007-03-31": "$60", "2006-12-31": "$53", "2006-09-30": "$52", "2006-06-30": "$52", "2006-03-31": "$55", "2005-12-31": "$48", "2005-09-30": "$48", "2005-06-30": "$48", "2005-03-31": "$48"}}, "gross-profit": {"Bio-Techne Corp Annual Gross Profit (Millions of US $)": {"2020": "$483", "2019": "$473", "2018": "$432", "2017": "$375", "2016": "$337", "2015": "$307", "2014": "$251", "2013": "$231", "2012": "$236", "2011": "$225", "2010": "$214", "2009": "$208", "2008": "$205", "2007": "$177", "2006": "$157", "2005": "$142"}, "Bio-Techne Corp Quarterly Gross Profit (Millions of US $)": {"2020-12-31": "$151", "2020-09-30": "$138", "2020-06-30": "$113", "2020-03-31": "$130", "2019-12-31": "$121", "2019-09-30": "$118", "2019-06-30": "$128", "2019-03-31": "$125", "2018-12-31": "$113", "2018-09-30": "$108", "2018-06-30": "$122", "2018-03-31": "$110", "2017-12-31": "$102", "2017-09-30": "$98", "2017-06-30": "$102", "2017-03-31": "$97", "2016-12-31": "$88", "2016-09-30": "$87", "2016-06-30": "$90", "2016-03-31": "$90", "2015-12-31": "$82", "2015-09-30": "$75", "2015-06-30": "$79", "2015-03-31": "$79", "2014-12-31": "$76", "2014-09-30": "$73", "2014-06-30": "$64", "2014-03-31": "$68", "2013-12-31": "$59", "2013-09-30": "$61", "2013-06-30": "$59", "2013-03-31": "$61", "2012-12-31": "$55", "2012-09-30": "$56", "2012-06-30": "$59", "2012-03-31": "$63", "2011-12-31": "$55", "2011-09-30": "$58", "2011-06-30": "$60", "2011-03-31": "$60", "2010-12-31": "$52", "2010-09-30": "$53", "2010-06-30": "$52", "2010-03-31": "$56", "2009-12-31": "$52", "2009-09-30": "$54", "2009-06-30": "$50", "2009-03-31": "$54", "2008-12-31": "$48", "2008-09-30": "$56", "2008-06-30": "$54", "2008-03-31": "$55", "2007-12-31": "$49", "2007-09-30": "$46", "2007-06-30": "$46", "2007-03-31": "$48", "2006-12-31": "$42", "2006-09-30": "$41", "2006-06-30": "$40", "2006-03-31": "$43", "2005-12-31": "$37", "2005-09-30": "$37", "2005-06-30": "$38", "2005-03-31": "$39"}}, "operating-income": {"Bio-Techne Corp Annual Operating Income (Millions of US $)": {"2020": "$157", "2019": "$147", "2018": "$136", "2017": "$121", "2016": "$151", "2015": "$147", "2014": "$160", "2013": "$158", "2012": "$166", "2011": "$163", "2010": "$156", "2009": "$151", "2008": "$144", "2007": "$124", "2006": "$109", "2005": "$98"}, "Bio-Techne Corp Quarterly Operating Income (Millions of US $)": {"2020-12-31": "$51", "2020-09-30": "$49", "2020-06-30": "$39", "2020-03-31": "$48", "2019-12-31": "$37", "2019-09-30": "$33", "2019-06-30": "$43", "2019-03-31": "$44", "2018-12-31": "$34", "2018-09-30": "$26", "2018-06-30": "$43", "2018-03-31": "$43", "2017-12-31": "$24", "2017-09-30": "$26", "2017-06-30": "$40", "2017-03-31": "$34", "2016-12-31": "$18", "2016-09-30": "$29", "2016-06-30": "$40", "2016-03-31": "$44", "2015-12-31": "$36", "2015-09-30": "$31", "2015-06-30": "$38", "2015-03-31": "$39", "2014-12-31": "$35", "2014-09-30": "$35", "2014-06-30": "$39", "2014-03-31": "$46", "2013-12-31": "$36", "2013-09-30": "$39", "2013-06-30": "$40", "2013-03-31": "$44", "2012-12-31": "$37", "2012-09-30": "$38", "2012-06-30": "$41", "2012-03-31": "$46", "2011-12-31": "$38", "2011-09-30": "$41", "2011-06-30": "$43", "2011-03-31": "$45", "2010-12-31": "$37", "2010-09-30": "$38", "2010-06-30": "$39", "2010-03-31": "$42", "2009-12-31": "$37", "2009-09-30": "$39", "2009-06-30": "$36", "2009-03-31": "$40", "2008-12-31": "$33", "2008-09-30": "$41", "2008-06-30": "$39", "2008-03-31": "$40", "2007-12-31": "$33", "2007-09-30": "$32", "2007-06-30": "$32", "2007-03-31": "$35", "2006-12-31": "$28", "2006-09-30": "$29", "2006-06-30": "$29", "2006-03-31": "$31", "2005-12-31": "$24", "2005-09-30": "$25", "2005-06-30": "$27", "2005-03-31": "$27"}}, "ebitda": {"Bio-Techne Corp Annual EBITDA (Millions of US $)": {"2020": "$240", "2019": "$225", "2018": "$201", "2017": "$181", "2016": "$193", "2015": "$184", "2014": "$179", "2013": "$171", "2012": "$179", "2011": "$172", "2010": "$164", "2009": "$159", "2008": "$152", "2007": "$131", "2006": "$115", "2005": "$104"}, "Bio-Techne Corp Quarterly EBITDA (Millions of US $)": {"2020-09-30": "$70", "2020-06-30": "$60", "2020-03-31": "$69", "2019-12-31": "$58", "2019-09-30": "$53", "2019-06-30": "$63", "2019-03-31": "$63", "2018-12-31": "$53", "2018-09-30": "$45", "2018-06-30": "$60", "2018-03-31": "$59", "2017-12-31": "$40", "2017-09-30": "$41", "2017-06-30": "$55", "2017-03-31": "$50", "2016-12-31": "$33", "2016-09-30": "$43", "2016-06-30": "$51", "2016-03-31": "$54", "2015-12-31": "$47", "2015-09-30": "$42", "2015-06-30": "$47", "2015-03-31": "$49", "2014-12-31": "$44", "2014-09-30": "$44", "2014-06-30": "$44", "2014-03-31": "$51", "2013-12-31": "$41", "2013-09-30": "$43", "2013-06-30": "$43", "2013-03-31": "$47", "2012-12-31": "$40", "2012-09-30": "$41", "2012-06-30": "$44", "2012-03-31": "$49", "2011-12-31": "$41", "2011-09-30": "$44", "2011-06-30": "$45", "2011-03-31": "$47", "2010-12-31": "$39", "2010-09-30": "$40", "2010-06-30": "$41", "2010-03-31": "$44", "2009-12-31": "$39", "2009-09-30": "$41", "2009-06-30": "$38", "2009-03-31": "$42", "2008-12-31": "$35", "2008-09-30": "$43", "2008-06-30": "$41", "2008-03-31": "$42", "2007-12-31": "$35", "2007-09-30": "$34", "2007-06-30": "$34", "2007-03-31": "$37", "2006-12-31": "$29", "2006-09-30": "$30", "2006-06-30": "$30", "2006-03-31": "$32", "2005-12-31": "$26", "2005-09-30": "$27", "2005-06-30": "$28", "2005-03-31": "$29"}}, "net-income": {"Bio-Techne Corp Annual Net Income (Millions of US $)": {"2020": "$229", "2019": "$96", "2018": "$126", "2017": "$76", "2016": "$104", "2015": "$108", "2014": "$111", "2013": "$113", "2012": "$112", "2011": "$112", "2010": "$110", "2009": "$105", "2008": "$104", "2007": "$85", "2006": "$73", "2005": "$66"}, "Bio-Techne Corp Quarterly Net Income (Millions of US $)": {"2020-12-31": "$46", "2020-09-30": "$33", "2020-06-30": "$59", "2020-03-31": "$36", "2019-12-31": "$120", "2019-09-30": "$14", "2019-06-30": "$16", "2019-03-31": "$45", "2018-12-31": "$18", "2018-09-30": "$17", "2018-06-30": "$42", "2018-03-31": "$20", "2017-12-31": "$49", "2017-09-30": "$16", "2017-06-30": "$28", "2017-03-31": "$22", "2016-12-31": "$7", "2016-09-30": "$19", "2016-06-30": "$26", "2016-03-31": "$30", "2015-12-31": "$26", "2015-09-30": "$23", "2015-06-30": "$26", "2015-03-31": "$24", "2014-12-31": "$33", "2014-09-30": "$24", "2014-06-30": "$27", "2014-03-31": "$32", "2013-12-31": "$25", "2013-09-30": "$27", "2013-06-30": "$28", "2013-03-31": "$33", "2012-12-31": "$25", "2012-09-30": "$26", "2012-06-30": "$27", "2012-03-31": "$32", "2011-12-31": "$26", "2011-09-30": "$28", "2011-06-30": "$28", "2011-03-31": "$31", "2010-12-31": "$27", "2010-09-30": "$26", "2010-06-30": "$26", "2010-03-31": "$32", "2009-12-31": "$25", "2009-09-30": "$27", "2009-06-30": "$25", "2009-03-31": "$28", "2008-12-31": "$24", "2008-09-30": "$29", "2008-06-30": "$27", "2008-03-31": "$30", "2007-12-31": "$24", "2007-09-30": "$23", "2007-06-30": "$23", "2007-03-31": "$24", "2006-12-31": "$19", "2006-09-30": "$20", "2006-06-30": "$19", "2006-03-31": "$20", "2005-12-31": "$17", "2005-09-30": "$17", "2005-06-30": "$19", "2005-03-31": "$18"}}, "eps-earnings-per-share-diluted": {"Bio-Techne Corp Annual EPS": {"2020": "$5.82", "2019": "$2.47", "2018": "$3.31", "2017": "$2.03", "2016": "$2.80", "2015": "$2.89", "2014": "$3.00", "2013": "$3.05", "2012": "$3.04", "2011": "$3.02", "2010": "$2.94", "2009": "$2.78", "2008": "$2.64", "2007": "$2.15", "2006": "$1.85", "2005": "$1.62"}, "Bio-Techne Corp Quarterly EPS": {"2020-12-31": "$1.15", "2020-09-30": "$0.83", "2020-06-30": "$1.51", "2020-03-31": "$0.92", "2019-12-31": "$3.02", "2019-09-30": "$0.37", "2019-06-30": "$0.42", "2019-03-31": "$1.15", "2018-12-31": "$0.45", "2018-09-30": "$0.45", "2018-06-30": "$1.08", "2018-03-31": "$0.52", "2017-12-31": "$1.29", "2017-09-30": "$0.42", "2017-06-30": "$0.74", "2017-03-31": "$0.59", "2016-12-31": "$0.20", "2016-09-30": "$0.50", "2016-06-30": "$0.69", "2016-03-31": "$0.81", "2015-12-31": "$0.69", "2015-09-30": "$0.61", "2015-06-30": "$0.71", "2015-03-31": "$0.65", "2014-12-31": "$0.89", "2014-09-30": "$0.64", "2014-06-30": "$0.73", "2014-03-31": "$0.85", "2013-12-31": "$0.68", "2013-09-30": "$0.74", "2013-06-30": "$0.76", "2013-03-31": "$0.90", "2012-12-31": "$0.69", "2012-09-30": "$0.70", "2012-06-30": "$0.74", "2012-03-31": "$0.86", "2011-12-31": "$0.70", "2011-09-30": "$0.74", "2011-06-30": "$0.76", "2011-03-31": "$0.84", "2010-12-31": "$0.71", "2010-09-30": "$0.71", "2010-06-30": "$0.69", "2010-03-31": "$0.87", "2009-12-31": "$0.66", "2009-09-30": "$0.72", "2009-06-30": "$0.68", "2009-03-31": "$0.74", "2008-12-31": "$0.62", "2008-09-30": "$0.74", "2008-06-30": "$0.70", "2008-03-31": "$0.76", "2007-12-31": "$0.60", "2007-09-30": "$0.58", "2007-06-30": "$0.58", "2007-03-31": "$0.60", "2006-12-31": "$0.47", "2006-09-30": "$0.50", "2006-06-30": "$0.48", "2006-03-31": "$0.52", "2005-12-31": "$0.42", "2005-09-30": "$0.43", "2005-06-30": "$0.47", "2005-03-31": "$0.45"}}, "shares-outstanding": {"Bio-Techne Corp Annual Shares Outstanding (Millions of Shares)": {"2020": "39", "2019": "39", "2018": "38", "2017": "38", "2016": "37", "2015": "37", "2014": "37", "2013": "37", "2012": "37", "2011": "37", "2010": "37", "2009": "38", "2008": "39", "2007": "40", "2006": "40", "2005": "41"}, "Bio-Techne Corp Quarterly Shares Outstanding (Millions of Shares)": {"2020-12-31": "40", "2020-09-30": "40", "2020-06-30": "39", "2020-03-31": "39", "2019-12-31": "40", "2019-09-30": "39", "2019-06-30": "39", "2019-03-31": "39", "2018-12-31": "39", "2018-09-30": "39", "2018-06-30": "38", "2018-03-31": "38", "2017-12-31": "38", "2017-09-30": "38", "2017-06-30": "38", "2017-03-31": "37", "2016-12-31": "37", "2016-09-30": "37", "2016-06-30": "37", "2016-03-31": "37", "2015-12-31": "37", "2015-09-30": "37", "2015-06-30": "37", "2015-03-31": "37", "2014-12-31": "37", "2014-09-30": "37", "2014-06-30": "37", "2014-03-31": "37", "2013-12-31": "37", "2013-09-30": "37", "2013-06-30": "37", "2013-03-31": "37", "2012-12-31": "37", "2012-09-30": "37", "2012-06-30": "37", "2012-03-31": "37", "2011-12-31": "37", "2011-09-30": "37", "2011-06-30": "37", "2011-03-31": "37", "2010-12-31": "37", "2010-09-30": "37", "2010-06-30": "37", "2010-03-31": "37", "2009-12-31": "37", "2009-09-30": "37", "2009-06-30": "38", "2009-03-31": "37", "2008-12-31": "38", "2008-09-30": "39", "2008-06-30": "39", "2008-03-31": "39", "2007-12-31": "39", "2007-09-30": "40", "2007-06-30": "40", "2007-03-31": "40", "2006-12-31": "40", "2006-09-30": "39", "2006-06-30": "40", "2006-03-31": "39", "2005-12-31": "40", "2005-09-30": "40", "2005-06-30": "41", "2005-03-31": "41"}}, "total-assets": {"Bio-Techne Corp Annual Total Assets (Millions of US $)": {"2020": "$2,028", "2019": "$1,884", "2018": "$1,593", "2017": "$1,558", "2016": "$1,130", "2015": "$1,063", "2014": "$862", "2013": "$778", "2012": "$719", "2011": "$618", "2010": "$519", "2009": "$472", "2008": "$507", "2007": "$455", "2006": "$371", "2005": "$295"}, "Bio-Techne Corp Quarterly Total Assets (Millions of US $)": {"2020-09-30": "$2,053", "2020-06-30": "$2,028", "2020-03-31": "$1,999", "2019-12-31": "$1,998", "2019-09-30": "$1,925", "2019-06-30": "$1,884", "2019-03-31": "$1,873", "2018-12-31": "$1,845", "2018-09-30": "$1,872", "2018-06-30": "$1,593", "2018-03-31": "$1,618", "2017-12-31": "$1,555", "2017-09-30": "$1,527", "2017-06-30": "$1,558", "2017-03-31": "$1,533", "2016-12-31": "$1,520", "2016-09-30": "$1,517", "2016-06-30": "$1,130", "2016-03-31": "$1,122", "2015-12-31": "$1,133", "2015-09-30": "$1,128", "2015-06-30": "$1,063", "2015-03-31": "$1,104", "2014-12-31": "$1,119", "2014-09-30": "$1,018", "2014-06-30": "$862", "2014-03-31": "$831", "2013-12-31": "$802", "2013-09-30": "$779", "2013-06-30": "$778", "2013-03-31": "$760", "2012-12-31": "$725", "2012-09-30": "$713", "2012-06-30": "$719", "2012-03-31": "$684", "2011-12-31": "$624", "2011-09-30": "$628", "2011-06-30": "$618", "2011-03-31": "$583", "2010-12-31": "$556", "2010-09-30": "$540", "2010-06-30": "$519", "2010-03-31": "$522", "2009-12-31": "$502", "2009-09-30": "$487", "2009-06-30": "$472", "2009-03-31": "$442", "2008-12-31": "$434", "2008-09-30": "$508", "2008-06-30": "$507", "2008-03-31": "$488", "2007-12-31": "$488", "2007-09-30": "$481", "2007-06-30": "$455", "2007-03-31": "$427", "2006-12-31": "$398", "2006-09-30": "$389", "2006-06-30": "$371", "2006-03-31": "$342", "2005-12-31": "$310", "2005-09-30": "$318", "2005-06-30": "$295", "2005-03-31": "$278"}}, "cash-on-hand": {"Bio-Techne Corp Annual Cash on Hand (Millions of US $)": {"2020": "$271", "2019": "$166", "2018": "$182", "2017": "$158", "2016": "$96", "2015": "$111", "2014": "$363", "2013": "$333", "2012": "$269", "2011": "$141", "2010": "$139", "2009": "$203", "2008": "$206", "2007": "$165", "2006": "$109", "2005": "$97"}, "Bio-Techne Corp Quarterly Cash on Hand (Millions of US $)": {"2020-09-30": "$287", "2020-06-30": "$271", "2020-03-31": "$261", "2019-12-31": "$244", "2019-09-30": "$158", "2019-06-30": "$166", "2019-03-31": "$179", "2018-12-31": "$157", "2018-09-30": "$164", "2018-06-30": "$182", "2018-03-31": "$176", "2017-12-31": "$162", "2017-09-30": "$123", "2017-06-30": "$158", "2017-03-31": "$114", "2016-12-31": "$115", "2016-09-30": "$122", "2016-06-30": "$96", "2016-03-31": "$85", "2015-12-31": "$114", "2015-09-30": "$87", "2015-06-30": "$111", "2015-03-31": "$160", "2014-12-31": "$140", "2014-09-30": "$131", "2014-06-30": "$363", "2014-03-31": "$220", "2013-12-31": "$187", "2013-09-30": "$185", "2013-06-30": "$333", "2013-03-31": "$313", "2012-12-31": "$286", "2012-09-30": "$273", "2012-06-30": "$269", "2012-03-31": "$220", "2011-12-31": "$138", "2011-09-30": "$133", "2011-06-30": "$141", "2011-03-31": "$214", "2010-12-31": "$195", "2010-09-30": "$173", "2010-06-30": "$139", "2010-03-31": "$153", "2009-12-31": "$249", "2009-09-30": "$227", "2009-06-30": "$203", "2009-03-31": "$167", "2008-12-31": "$144", "2008-09-30": "$196", "2008-06-30": "$206", "2008-03-31": "$206", "2007-12-31": "$189", "2007-09-30": "$181", "2007-06-30": "$165", "2007-03-31": "$144", "2006-12-31": "$126", "2006-09-30": "$121", "2006-06-30": "$109", "2006-03-31": "$100", "2005-12-31": "$93", "2005-09-30": "$95", "2005-06-30": "$97", "2005-03-31": "$72"}}, "long-term-debt": {"Bio-Techne Corp Annual Long Term Debt (Millions of US $)": {"2020": "$344", "2019": "$493", "2018": "$339", "2017": "$344", "2016": "$92", "2015": "$73", "2014": "$", "2013": "$", "2012": "$", "2011": "$", "2010": "$", "2009": "$", "2008": "$", "2007": "$", "2006": "$12", "2005": "$13"}, "Bio-Techne Corp Quarterly Long Term Debt (Millions of US $)": {"2020-09-30": "$311", "2020-06-30": "$344", "2020-03-31": "$407", "2019-12-31": "$370", "2019-09-30": "$474", "2019-06-30": "$493", "2019-03-31": "$510", "2018-12-31": "$533", "2018-09-30": "$549", "2018-06-30": "$339", "2018-03-31": "$393", "2017-12-31": "$363", "2017-09-30": "$338", "2017-06-30": "$344", "2017-03-31": "$344", "2016-12-31": "$344", "2016-09-30": "$344", "2016-06-30": "$92", "2016-03-31": "$158", "2015-12-31": "$163", "2015-09-30": "$164", "2015-06-30": "$73", "2015-03-31": "$152", "2014-12-31": "$151", "2014-09-30": "$119", "2014-06-30": "", "2014-03-31": "", "2013-12-31": "", "2013-09-30": "", "2013-06-30": "", "2013-03-31": "", "2012-12-31": "", "2012-09-30": "", "2012-06-30": "", "2012-03-31": "", "2011-12-31": "", "2011-09-30": "", "2011-06-30": "", "2011-03-31": "", "2010-12-31": "", "2010-09-30": "", "2010-06-30": "", "2010-03-31": "", "2009-12-31": "", "2009-09-30": "", "2009-06-30": "", "2009-03-31": "", "2008-12-31": "", "2008-09-30": "", "2008-06-30": "", "2008-03-31": "", "2007-12-31": "", "2007-09-30": "", "2007-06-30": "", "2007-03-31": "", "2006-12-31": "", "2006-09-30": "", "2006-06-30": "$12", "2006-03-31": "$12", "2005-12-31": "$13", "2005-09-30": "$13", "2005-06-30": "$13", "2005-03-31": "$14"}}, "total-liabilities": {"Bio-Techne Corp Annual Total Liabilities (Millions of US $)": {"2020": "$646", "2019": "$719", "2018": "$514", "2017": "$609", "2016": "$250", "2015": "$216", "2014": "$67", "2013": "$41", "2012": "$45", "2011": "$32", "2010": "$17", "2009": "$16", "2008": "$20", "2007": "$17", "2006": "$30", "2005": "$27"}, "Bio-Techne Corp Quarterly Total Liabilities (Millions of US $)": {"2020-09-30": "$614", "2020-06-30": "$646", "2020-03-31": "$708", "2019-12-31": "$675", "2019-09-30": "$751", "2019-06-30": "$719", "2019-03-31": "$726", "2018-12-31": "$748", "2018-09-30": "$763", "2018-06-30": "$514", "2018-03-31": "$560", "2017-12-31": "$558", "2017-09-30": "$568", "2017-06-30": "$609", "2017-03-31": "$626", "2016-12-31": "$629", "2016-09-30": "$622", "2016-06-30": "$250", "2016-03-31": "$269", "2015-12-31": "$277", "2015-09-30": "$290", "2015-06-30": "$216", "2015-03-31": "$284", "2014-12-31": "$298", "2014-09-30": "$225", "2014-06-30": "$67", "2014-03-31": "$54", "2013-12-31": "$54", "2013-09-30": "$53", "2013-06-30": "$41", "2013-03-31": "$41", "2012-12-31": "$30", "2012-09-30": "$32", "2012-06-30": "$45", "2012-03-31": "$40", "2011-12-31": "$27", "2011-09-30": "$39", "2011-06-30": "$32", "2011-03-31": "$17", "2010-12-31": "$14", "2010-09-30": "$16", "2010-06-30": "$17", "2010-03-31": "$20", "2009-12-31": "$14", "2009-09-30": "$16", "2009-06-30": "$16", "2009-03-31": "$15", "2008-12-31": "$13", "2008-09-30": "$19", "2008-06-30": "$20", "2008-03-31": "$20", "2007-12-31": "$20", "2007-09-30": "$15", "2007-06-30": "$17", "2007-03-31": "$16", "2006-12-31": "$12", "2006-09-30": "$28", "2006-06-30": "$30", "2006-03-31": "$26", "2005-12-31": "$27", "2005-09-30": "$26", "2005-06-30": "$27", "2005-03-31": "$32"}}, "total-share-holder-equity": {"Bio-Techne Corp Annual Share Holder Equity (Millions of US $)": {"2020": "$1,381", "2019": "$1,166", "2018": "$1,079", "2017": "$950", "2016": "$879", "2015": "$847", "2014": "$795", "2013": "$738", "2012": "$674", "2011": "$586", "2010": "$502", "2009": "$456", "2008": "$487", "2007": "$438", "2006": "$340", "2005": "$268"}, "Bio-Techne Corp Quarterly Share Holder Equity (Millions of US $)": {"2020-09-30": "$1,439", "2020-06-30": "$1,381", "2020-03-31": "$1,291", "2019-12-31": "$1,323", "2019-09-30": "$1,174", "2019-06-30": "$1,166", "2019-03-31": "$1,146", "2018-12-31": "$1,096", "2018-09-30": "$1,109", "2018-06-30": "$1,079", "2018-03-31": "$1,058", "2017-12-31": "$998", "2017-09-30": "$960", "2017-06-30": "$950", "2017-03-31": "$908", "2016-12-31": "$891", "2016-09-30": "$895", "2016-06-30": "$879", "2016-03-31": "$853", "2015-12-31": "$856", "2015-09-30": "$838", "2015-06-30": "$847", "2015-03-31": "$820", "2014-12-31": "$821", "2014-09-30": "$793", "2014-06-30": "$795", "2014-03-31": "$777", "2013-12-31": "$749", "2013-09-30": "$727", "2013-06-30": "$738", "2013-03-31": "$720", "2012-12-31": "$695", "2012-09-30": "$681", "2012-06-30": "$674", "2012-03-31": "$644", "2011-12-31": "$598", "2011-09-30": "$589", "2011-06-30": "$586", "2011-03-31": "$566", "2010-12-31": "$542", "2010-09-30": "$524", "2010-06-30": "$502", "2010-03-31": "$502", "2009-12-31": "$489", "2009-09-30": "$471", "2009-06-30": "$456", "2009-03-31": "$427", "2008-12-31": "$420", "2008-09-30": "$488", "2008-06-30": "$487", "2008-03-31": "$468", "2007-12-31": "$468", "2007-09-30": "$466", "2007-06-30": "$438", "2007-03-31": "$411", "2006-12-31": "$385", "2006-09-30": "$362", "2006-06-30": "$340", "2006-03-31": "$316", "2005-12-31": "$284", "2005-09-30": "$293", "2005-06-30": "$268", "2005-03-31": "$246"}}, "profit-margins": {"current": "21.9%"}, "gross margin": {"2020-12-31": "66.58%", "2020-09-30": "66.05%", "2020-06-30": "65.22%", "2020-03-31": "65.83%", "2019-12-31": "66.04%", "2019-09-30": "65.85%", "2019-06-30": "66.29%", "2019-03-31": "66.57%", "2018-12-31": "66.42%", "2018-09-30": "66.87%", "2018-06-30": "67.19%", "2018-03-31": "66.45%", "2017-12-31": "66.50%", "2017-09-30": "66.61%", "2017-06-30": "66.31%", "2017-03-31": "66.79%", "2016-12-31": "67.11%", "2016-09-30": "67.37%", "2016-06-30": "67.54%", "2016-03-31": "67.63%", "2015-12-31": "67.74%", "2015-09-30": "67.76%", "2015-06-30": "67.92%", "2015-03-31": "68.38%", "2014-12-31": "68.70%", "2014-09-30": "69.29%", "2014-06-30": "70.19%", "2014-03-31": "71.59%", "2013-12-31": "72.73%", "2013-09-30": "73.52%", "2013-06-30": "74.52%", "2013-03-31": "74.52%", "2012-12-31": "74.44%", "2012-09-30": "74.44%", "2012-06-30": "74.37%", "2012-03-31": "74.92%", "2011-12-31": "75.90%", "2011-09-30": "76.67%", "2011-06-30": "77.59%", "2011-03-31": "77.78%", "2010-12-31": "78.02%", "2010-09-30": "78.60%", "2010-06-30": "79.26%", "2010-03-31": "79.10%", "2009-12-31": "78.95%", "2009-09-30": "78.63%", "2009-06-30": "78.79%", "2009-03-31": "79.40%", "2008-12-31": "79.18%", "2008-09-30": "79.55%", "2008-06-30": "79.07%", "2008-03-31": "79.03%", "2007-12-31": "79.41%", "2007-09-30": "79.48%", "2007-06-30": "79.37%", "2007-03-31": "78.80%", "2006-12-31": "78.30%", "2006-09-30": "77.78%", "2006-06-30": "77.34%", "2006-03-31": "77.89%", "2005-12-31": "78.65%"}, "operating margin": {"2020-12-31": "23.40%", "2020-09-30": "22.76%", "2020-06-30": "21.24%", "2020-03-31": "21.32%", "2019-12-31": "21.07%", "2019-09-30": "20.95%", "2019-06-30": "20.56%", "2019-03-31": "20.91%", "2018-12-31": "21.41%", "2018-09-30": "20.57%", "2018-06-30": "21.15%", "2018-03-31": "21.45%", "2017-12-31": "20.67%", "2017-09-30": "20.42%", "2017-06-30": "21.45%", "2017-03-31": "22.32%", "2016-12-31": "24.76%", "2016-09-30": "28.76%", "2016-06-30": "30.26%", "2016-03-31": "30.91%", "2015-12-31": "30.97%", "2015-09-30": "31.36%", "2015-06-30": "32.52%", "2015-03-31": "34.66%", "2014-12-31": "37.90%", "2014-09-30": "40.94%", "2014-06-30": "44.57%", "2014-03-31": "46.67%", "2013-12-31": "48.18%", "2013-09-30": "49.84%", "2013-06-30": "51.29%", "2013-03-31": "51.61%", "2012-12-31": "51.76%", "2012-09-30": "52.08%", "2012-06-30": "52.53%", "2012-03-31": "53.33%", "2011-12-31": "54.40%", "2011-09-30": "55.33%", "2011-06-30": "56.21%", "2011-03-31": "56.99%", "2010-12-31": "57.14%", "2010-09-30": "57.56%", "2010-06-30": "58.15%", "2010-03-31": "57.46%", "2009-12-31": "57.14%", "2009-09-30": "56.49%", "2009-06-30": "56.82%", "2009-03-31": "57.30%", "2008-12-31": "56.88%", "2008-09-30": "56.88%", "2008-06-30": "55.81%", "2008-03-31": "55.24%", "2007-12-31": "55.46%", "2007-09-30": "55.46%", "2007-06-30": "55.61%", "2007-03-31": "55.76%", "2006-12-31": "55.19%", "2006-09-30": "54.59%", "2006-06-30": "53.69%", "2006-03-31": "53.77%", "2005-12-31": "53.65%"}, "ebitda margin": {"2020-09-30": "33.82%", "2020-06-30": "32.48%", "2020-03-31": "32.19%", "2019-12-31": "31.81%", "2019-09-30": "31.56%", "2019-06-30": "31.33%", "2019-03-31": "31.44%", "2018-12-31": "31.82%", "2018-09-30": "30.86%", "2018-06-30": "31.10%", "2018-03-31": "31.45%", "2017-12-31": "31.00%", "2017-09-30": "30.97%", "2017-06-30": "32.09%", "2017-03-31": "32.66%", "2016-12-31": "34.22%", "2016-09-30": "37.64%", "2016-06-30": "38.88%", "2016-03-31": "39.42%", "2015-12-31": "39.78%", "2015-09-30": "39.91%", "2015-06-30": "40.71%", "2015-03-31": "42.39%", "2014-12-31": "44.74%", "2014-09-30": "47.24%", "2014-06-30": "49.86%", "2014-03-31": "51.59%", "2013-12-31": "52.73%", "2013-09-30": "53.89%", "2013-06-30": "55.16%", "2013-03-31": "55.48%", "2012-12-31": "55.59%", "2012-09-30": "55.91%", "2012-06-30": "56.33%", "2012-03-31": "56.83%", "2011-12-31": "57.65%", "2011-09-30": "58.33%", "2011-06-30": "58.97%", "2011-03-31": "59.86%", "2010-12-31": "60.07%", "2010-09-30": "60.52%", "2010-06-30": "61.11%", "2010-03-31": "60.45%", "2009-12-31": "60.15%", "2009-09-30": "59.54%", "2009-06-30": "59.85%", "2009-03-31": "60.30%", "2008-12-31": "59.85%", "2008-09-30": "59.85%", "2008-06-30": "58.91%", "2008-03-31": "58.47%", "2007-12-31": "58.82%", "2007-09-30": "58.52%", "2007-06-30": "58.30%", "2007-03-31": "58.06%", "2006-12-31": "57.08%", "2006-09-30": "57.00%", "2006-06-30": "56.65%", "2006-03-31": "56.78%", "2005-12-31": "57.29%"}, "pre tax profit margin": {"2020-12-31": "25.53%", "2020-09-30": "39.21%", "2020-06-30": "37.48%", "2020-03-31": "31.52%", "2019-12-31": "32.35%", "2019-09-30": "15.37%", "2019-06-30": "15.80%", "2019-03-31": "20.77%", "2018-12-31": "17.74%", "2018-09-30": "18.31%", "2018-06-30": "19.60%", "2018-03-31": "17.42%", "2017-12-31": "19.00%", "2017-09-30": "18.51%", "2017-06-30": "19.86%", "2017-03-31": "20.66%", "2016-12-31": "23.25%", "2016-09-30": "27.61%", "2016-06-30": "29.46%", "2016-03-31": "30.50%", "2015-12-31": "30.97%", "2015-09-30": "33.33%", "2015-06-30": "34.29%", "2015-03-31": "36.53%", "2014-12-31": "39.85%", "2014-09-30": "40.94%", "2014-06-30": "44.85%", "2014-03-31": "47.25%", "2013-12-31": "48.79%", "2013-09-30": "50.47%", "2013-06-30": "51.61%", "2013-03-31": "51.61%", "2012-12-31": "50.80%", "2012-09-30": "51.12%", "2012-06-30": "51.58%", "2012-03-31": "52.38%", "2011-12-31": "54.40%", "2011-09-30": "55.67%", "2011-06-30": "56.90%", "2011-03-31": "57.71%", "2010-12-31": "57.51%", "2010-09-30": "57.56%", "2010-06-30": "58.15%", "2010-03-31": "57.84%", "2009-12-31": "58.27%", "2009-09-30": "58.02%", "2009-06-30": "58.71%", "2009-03-31": "59.55%", "2008-12-31": "59.85%", "2008-09-30": "60.59%", "2008-06-30": "60.08%", "2008-03-31": "59.68%", "2007-12-31": "59.66%", "2007-09-30": "58.52%", "2007-06-30": "57.85%", "2007-03-31": "57.60%", "2006-12-31": "56.13%", "2006-09-30": "56.04%", "2006-06-30": "54.68%", "2006-03-31": "54.77%", "2005-12-31": "55.21%"}, "net profit margin": {"2020-12-31": "21.78%", "2020-09-30": "32.63%", "2020-06-30": "30.99%", "2020-03-31": "24.64%", "2019-12-31": "26.17%", "2019-09-30": "12.65%", "2019-06-30": "13.43%", "2019-03-31": "17.35%", "2018-12-31": "14.22%", "2018-09-30": "19.36%", "2018-06-30": "19.75%", "2018-03-31": "18.23%", "2017-12-31": "19.17%", "2017-09-30": "12.63%", "2017-06-30": "13.48%", "2017-03-31": "13.65%", "2016-12-31": "15.50%", "2016-09-30": "19.50%", "2016-06-30": "21.04%", "2016-03-31": "21.78%", "2015-12-31": "21.29%", "2015-09-30": "23.25%", "2015-06-30": "23.67%", "2015-03-31": "25.29%", "2014-12-31": "28.36%", "2014-09-30": "28.35%", "2014-06-30": "30.92%", "2014-03-31": "32.46%", "2013-12-31": "34.24%", "2013-09-30": "35.20%", "2013-06-30": "36.13%", "2013-03-31": "35.81%", "2012-12-31": "35.14%", "2012-09-30": "35.46%", "2012-06-30": "35.76%", "2012-03-31": "36.19%", "2011-12-31": "36.81%", "2011-09-30": "38.00%", "2011-06-30": "38.62%", "2011-03-31": "39.43%", "2010-12-31": "40.66%", "2010-09-30": "40.22%", "2010-06-30": "40.74%", "2010-03-31": "40.67%", "2009-12-31": "39.47%", "2009-09-30": "39.69%", "2009-06-30": "40.15%", "2009-03-31": "40.45%", "2008-12-31": "40.89%", "2008-09-30": "40.89%", "2008-06-30": "40.31%", "2008-03-31": "40.32%", "2007-12-31": "39.50%", "2007-09-30": "38.86%", "2007-06-30": "38.57%", "2007-03-31": "37.79%", "2006-12-31": "36.79%", "2006-09-30": "36.71%", "2006-06-30": "35.96%", "2006-03-31": "36.68%", "2005-12-31": "36.98%"}, "pe ratio": {"current": "84.59", "2021-02-05": "117.85", "2020-12-31": "98.31", "2020-09-30": "39.59", "2020-06-30": "45.50", "2020-03-31": "39.95", "2019-12-31": "44.03", "2019-09-30": "81.33", "2019-06-30": "83.72", "2019-03-31": "63.02", "2018-12-31": "57.45", "2018-09-30": "60.48", "2018-06-30": "44.16", "2018-03-31": "49.49", "2017-12-31": "41.65", "2017-09-30": "61.27", "2017-06-30": "59.08", "2017-03-31": "53.16", "2016-12-31": "47.48", "2016-09-30": "40.40", "2016-06-30": "38.82", "2016-03-31": "32.20", "2015-12-31": "32.39", "2015-09-30": "30.84", "2015-06-30": "32.40", "2015-03-31": "32.78", "2014-12-31": "28.15", "2014-09-30": "30.47", "2014-06-30": "29.05", "2014-03-31": "26.26", "2013-12-31": "28.55", "2013-09-30": "23.98", "2013-06-30": "20.88", "2013-03-31": "20.62", "2012-12-31": "20.95", "2012-09-30": "21.89", "2012-06-30": "22.19", "2012-03-31": "20.74", "2011-12-31": "20.24", "2011-09-30": "20.02", "2011-06-30": "24.69", "2011-03-31": "21.63", "2010-12-31": "19.57", "2010-09-30": "18.62", "2010-06-30": "17.20", "2010-03-31": "19.02", "2009-12-31": "21.37", "2009-09-30": "19.70", "2009-06-30": "19.87", "2009-03-31": "16.84", "2008-12-31": "19.63", "2008-09-30": "22.02", "2008-06-30": "25.06", "2008-03-31": "22.85", "2007-12-31": "23.93", "2007-09-30": "24.18", "2007-06-30": "22.75", "2007-03-31": "23.70", "2006-12-31": "23.94"}, "price sales": {"2021-02-05": "18.97", "2020-12-31": "15.82", "2020-09-30": "12.90", "2020-06-30": "14.06", "2020-03-31": "9.84", "2019-12-31": "11.48", "2019-09-30": "10.31", "2019-06-30": "11.25", "2019-03-31": "10.80", "2018-12-31": "8.07", "2018-09-30": "11.64", "2018-06-30": "8.60", "2018-03-31": "9.07", "2017-12-31": "7.98", "2017-09-30": "7.69", "2017-06-30": "7.63", "2017-03-31": "6.84", "2016-12-31": "7.06", "2016-09-30": "7.64", "2016-06-30": "8.13", "2016-03-31": "7.03", "2015-12-31": "6.90", "2015-09-30": "7.20", "2015-06-30": "7.71", "2015-03-31": "8.27", "2014-12-31": "7.93", "2014-09-30": "8.57", "2014-06-30": "8.98", "2014-03-31": "8.56", "2013-12-31": "9.87", "2013-09-30": "8.54", "2013-06-30": "7.59", "2013-03-31": "7.45", "2012-12-31": "7.41", "2012-09-30": "7.78", "2012-06-30": "7.94", "2012-03-31": "7.49", "2011-12-31": "7.46", "2011-09-30": "7.58", "2011-06-30": "9.56", "2011-03-31": "8.52", "2010-12-31": "7.97", "2010-09-30": "7.52", "2010-06-30": "7.02", "2010-03-31": "7.82", "2009-12-31": "8.48", "2009-09-30": "7.84", "2009-06-30": "7.96", "2009-03-31": "6.78", "2008-12-31": "8.00", "2008-09-30": "8.98", "2008-06-30": "10.11", "2008-03-31": "9.15", "2007-12-31": "9.35", "2007-09-30": "9.31", "2007-06-30": "8.65", "2007-03-31": "8.89", "2006-12-31": "8.84"}, "price book": {"current": "9.60", "2021-02-05": "10.21", "2020-09-30": "6.64", "2020-06-30": "7.34", "2020-03-31": "5.58", "2019-12-31": "6.32", "2019-09-30": "6.30", "2019-06-30": "6.73", "2019-03-31": "6.49", "2018-12-31": "4.92", "2018-09-30": "6.86", "2018-06-30": "5.08", "2018-03-31": "5.27", "2017-12-31": "4.77", "2017-09-30": "4.61", "2017-06-30": "4.51", "2017-03-31": "4.07", "2016-12-31": "4.18", "2016-09-30": "4.41", "2016-06-30": "4.61", "2016-03-31": "3.96", "2015-12-31": "3.74", "2015-09-30": "3.91", "2015-06-30": "4.11", "2015-03-31": "4.31", "2014-12-31": "3.95", "2014-09-30": "4.11", "2014-06-30": "4.04", "2014-03-31": "3.79", "2013-12-31": "4.35", "2013-09-30": "3.77", "2013-06-30": "3.19", "2013-03-31": "3.20", "2012-12-31": "3.32", "2012-09-30": "3.55", "2012-06-30": "3.68", "2012-03-31": "3.63", "2011-12-31": "3.80", "2011-09-30": "3.83", "2011-06-30": "4.73", "2011-03-31": "4.18", "2010-12-31": "3.99", "2010-09-30": "3.86", "2010-06-30": "3.73", "2010-03-31": "4.14", "2009-12-31": "4.56", "2009-09-30": "4.30", "2009-06-30": "4.51", "2009-03-31": "4.12", "2008-12-31": "4.94", "2008-09-30": "4.85", "2008-06-30": "5.25", "2008-03-31": "4.77", "2007-12-31": "4.73", "2007-09-30": "4.57", "2007-06-30": "4.41", "2007-03-31": "4.68", "2006-12-31": "4.84", "2006-09-30": "4.73", "2006-06-30": "5.04", "2006-03-31": "6.40"}, "price fcf": {"2021-02-05": "", "2020-09-30": "$4.51", "2020-06-30": "$3.90", "2020-03-31": "$4.33", "2019-12-31": "$4.19", "2019-09-30": "$3.87", "2019-06-30": "$4.02", "2019-03-31": "$4.44", "2018-12-31": "$4.01", "2018-09-30": "$3.79", "2018-06-30": "$3.93", "2018-03-31": "$3.57", "2017-12-31": "$3.66", "2017-09-30": "$3.84", "2017-06-30": "$3.43", "2017-03-31": "$3.13", "2016-12-31": "$3.49", "2016-09-30": "$3.35", "2016-06-30": "$3.41", "2016-03-31": "$3.33", "2015-12-31": "$3.10", "2015-09-30": "$3.07", "2015-06-30": "$3.21", "2015-03-31": "$3.37", "2014-12-31": "$3.50", "2014-09-30": "$3.37", "2014-06-30": "$3.32", "2014-03-31": "$3.02", "2013-12-31": "$2.92", "2013-09-30": "$2.79", "2013-06-30": "$2.74", "2013-03-31": "$3.05", "2012-12-31": "$3.22", "2012-09-30": "$3.09", "2012-06-30": "$3.26", "2012-03-31": "$3.19", "2011-12-31": "$3.15", "2011-09-30": "$3.42", "2011-06-30": "$3.32", "2011-03-31": "$3.25", "2010-12-31": "$2.98", "2010-09-30": "$2.92", "2010-06-30": "$2.85", "2010-03-31": "$2.72", "2009-12-31": "$2.87", "2009-09-30": "$2.83", "2009-06-30": "$2.76", "2009-03-31": "$2.67", "2008-12-31": "$2.68", "2008-09-30": "$2.70", "2008-06-30": "$2.52", "2008-03-31": "$2.52", "2007-12-31": "$2.37", "2007-09-30": "$2.13", "2007-06-30": "$2.09", "2007-03-31": "$2.18", "2006-12-31": "$2.95"}, "net worth": {"value": "$14.7B"}, "current ratio": {"2020-12-31": "4.61", "2020-09-30": "5.14", "2020-06-30": "4.88", "2020-03-31": "4.69", "2019-12-31": "4.43", "2019-09-30": "4.44", "2019-06-30": "4.05", "2019-03-31": "4.32", "2018-12-31": "4.35", "2018-09-30": "4.59", "2018-06-30": "5.01", "2018-03-31": "5.55", "2017-12-31": "3.10", "2017-09-30": "2.87", "2017-06-30": "2.57", "2017-03-31": "2.15", "2016-12-31": "2.44", "2016-09-30": "2.90", "2016-06-30": "4.69", "2016-03-31": "5.08", "2015-12-31": "7.21", "2015-09-30": "5.35", "2015-06-30": "6.24", "2015-03-31": "7.65", "2014-12-31": "6.18", "2014-09-30": "6.60", "2014-06-30": "17.79", "2014-03-31": "13.12", "2013-12-31": "12.63", "2013-09-30": "13.84", "2013-06-30": "12.76", "2013-03-31": "12.01", "2012-12-31": "16.91", "2012-09-30": "15.29", "2012-06-30": "9.69", "2012-03-31": "9.97", "2011-12-31": "16.09", "2011-09-30": "8.35", "2011-06-30": "12.67", "2011-03-31": "16.73", "2010-12-31": "18.55", "2010-09-30": "14.52", "2010-06-30": "11.81", "2010-03-31": "11.11", "2009-12-31": "21.99", "2009-09-30": "17.57", "2009-06-30": "16.46", "2009-03-31": "14.93", "2008-12-31": "14.82", "2008-09-30": "12.95", "2008-06-30": "12.77", "2008-03-31": "12.86", "2007-12-31": "11.98", "2007-09-30": "15.62", "2007-06-30": "12.38", "2007-03-31": "12.25", "2006-12-31": "13.75", "2006-09-30": "5.91", "2006-06-30": "8.34", "2006-03-31": "10.79", "2005-12-31": "9.50", "2005-09-30": "10.56", "2005-06-30": "9.63", "2005-03-31": "6.10"}, "quick ratio": {"2020-12-31": "3.70", "2020-09-30": "4.14", "2020-06-30": "3.92", "2020-03-31": "3.74", "2019-12-31": "3.52", "2019-09-30": "3.41", "2019-06-30": "3.15", "2019-03-31": "3.36", "2018-12-31": "3.31", "2018-09-30": "3.50", "2018-06-30": "3.93", "2018-03-31": "4.30", "2017-12-31": "2.49", "2017-09-30": "2.25", "2017-06-30": "2.12", "2017-03-31": "1.70", "2016-12-31": "1.90", "2016-09-30": "2.24", "2016-06-30": "3.63", "2016-03-31": "3.85", "2015-12-31": "5.57", "2015-09-30": "4.04", "2015-06-30": "5.00", "2015-03-31": "6.33", "2014-12-31": "4.99", "2014-09-30": "5.32", "2014-06-30": "16.32", "2014-03-31": "11.54", "2013-12-31": "10.82", "2013-09-30": "11.87", "2013-06-30": "11.68", "2013-03-31": "10.91", "2012-12-31": "15.15", "2012-09-30": "13.61", "2012-06-30": "8.62", "2012-03-31": "8.65", "2011-12-31": "13.19", "2011-09-30": "6.74", "2011-06-30": "10.20", "2011-03-31": "15.91", "2010-12-31": "17.54", "2010-09-30": "13.66", "2010-06-30": "11.00", "2010-03-31": "10.43", "2009-12-31": "21.04", "2009-09-30": "16.80", "2009-06-30": "15.73", "2009-03-31": "14.21", "2008-12-31": "14.06", "2008-09-30": "12.45", "2008-06-30": "12.30", "2008-03-31": "12.37", "2007-12-31": "11.51", "2007-09-30": "15.00", "2007-06-30": "11.87", "2007-03-31": "11.64", "2006-12-31": "12.99", "2006-09-30": "5.58", "2006-06-30": "7.84", "2006-03-31": "10.07", "2005-12-31": "8.78", "2005-09-30": "9.78", "2005-06-30": "9.08", "2005-03-31": "5.64"}, "debt equity ratio": {"current": "0.14", "2020-12-31": "0.35", "2020-09-30": "0.43", "2020-06-30": "0.47", "2020-03-31": "0.55", "2019-12-31": "0.51", "2019-09-30": "0.64", "2019-06-30": "0.62", "2019-03-31": "0.63", "2018-12-31": "0.68", "2018-09-30": "0.69", "2018-06-30": "0.48", "2018-03-31": "0.53", "2017-12-31": "0.56", "2017-09-30": "0.59", "2017-06-30": "0.64", "2017-03-31": "0.69", "2016-12-31": "0.71", "2016-09-30": "0.70", "2016-06-30": "0.29", "2016-03-31": "0.32", "2015-12-31": "0.32", "2015-09-30": "0.35", "2015-06-30": "0.26", "2015-03-31": "0.35", "2014-12-31": "0.36", "2014-09-30": "0.28", "2014-06-30": "0.09", "2014-03-31": "0.07", "2013-12-31": "0.07", "2013-09-30": "0.07", "2013-06-30": "0.06", "2013-03-31": "0.06", "2012-12-31": "0.04", "2012-09-30": "0.05", "2012-06-30": "0.07", "2012-03-31": "0.06", "2011-12-31": "0.05", "2011-09-30": "0.07", "2011-06-30": "0.05", "2011-03-31": "0.03", "2010-12-31": "0.03", "2010-09-30": "0.03", "2010-06-30": "0.03", "2010-03-31": "0.04", "2009-12-31": "0.03", "2009-09-30": "0.03", "2009-06-30": "0.03", "2009-03-31": "0.04", "2008-12-31": "0.03", "2008-09-30": "0.04", "2008-06-30": "0.04", "2008-03-31": "0.04", "2007-12-31": "0.04", "2007-09-30": "0.03", "2007-06-30": "0.04", "2007-03-31": "0.04", "2006-12-31": "0.03", "2006-09-30": "0.08", "2006-06-30": "0.09", "2006-03-31": "0.08", "2005-12-31": "0.09", "2005-09-30": "0.09", "2005-06-30": "0.10", "2005-03-31": "0.13"}, "return on equity": {"2020-12-31": "12.34%", "2020-09-30": "18.26%", "2020-06-30": "17.72%", "2020-03-31": "15.02%", "2019-12-31": "16.22%", "2019-09-30": "8.12%", "2019-06-30": "8.50%", "2019-03-31": "11.02%", "2018-12-31": "8.94%", "2018-09-30": "12.06%", "2018-06-30": "12.41%", "2018-03-31": "11.40%", "2017-12-31": "12.05%", "2017-09-30": "7.87%", "2017-06-30": "8.34%", "2017-03-31": "8.28%", "2016-12-31": "9.32%", "2016-09-30": "11.60%", "2016-06-30": "12.26%", "2016-03-31": "12.37%", "2015-12-31": "11.78%", "2015-09-30": "12.75%", "2015-06-30": "13.04%", "2015-03-31": "13.38%", "2014-12-31": "14.56%", "2014-09-30": "13.87%", "2014-06-30": "14.57%", "2014-03-31": "14.98%", "2013-12-31": "15.41%", "2013-09-30": "15.69%", "2013-06-30": "15.81%", "2013-03-31": "16.03%", "2012-12-31": "16.33%", "2012-09-30": "17.10%", "2012-06-30": "18.04%", "2012-03-31": "18.87%", "2011-12-31": "19.32%", "2011-09-30": "19.97%", "2011-06-30": "20.20%", "2011-03-31": "20.62%", "2010-12-31": "21.45%", "2010-09-30": "21.62%", "2010-06-30": "22.40%", "2010-03-31": "22.73%", "2009-12-31": "22.79%", "2009-09-30": "23.45%", "2009-06-30": "23.67%", "2009-03-31": "23.71%", "2008-12-31": "23.62%", "2008-09-30": "23.02%", "2008-06-30": "22.02%", "2008-03-31": "21.74%", "2007-12-31": "21.09%", "2007-09-30": "20.94%", "2007-06-30": "21.55%", "2007-03-31": "21.90%", "2006-12-31": "22.24%", "2006-09-30": "23.35%", "2006-06-30": "23.68%", "2006-03-31": "25.15%", "2005-12-31": "26.03%"}, "return on assets": {"2020-12-31": "8.54%", "2020-09-30": "12.28%", "2020-06-30": "11.52%", "2020-03-31": "9.53%", "2019-12-31": "10.16%", "2019-09-30": "4.94%", "2019-06-30": "5.14%", "2019-03-31": "6.79%", "2018-12-31": "5.60%", "2018-09-30": "7.71%", "2018-06-30": "8.07%", "2018-03-31": "7.22%", "2017-12-31": "7.45%", "2017-09-30": "4.76%", "2017-06-30": "4.96%", "2017-03-31": "5.19%", "2016-12-31": "6.20%", "2016-09-30": "8.24%", "2016-06-30": "9.31%", "2016-03-31": "9.45%", "2015-12-31": "8.94%", "2015-09-30": "9.61%", "2015-06-30": "9.94%", "2015-03-31": "10.53%", "2014-12-31": "12.11%", "2014-09-30": "12.30%", "2014-06-30": "13.56%", "2014-03-31": "14.04%", "2013-12-31": "14.49%", "2013-09-30": "14.86%", "2013-06-30": "15.05%", "2013-03-31": "15.22%", "2012-12-31": "15.49%", "2012-09-30": "16.20%", "2012-06-30": "17.02%", "2012-03-31": "17.85%", "2011-12-31": "18.43%", "2011-09-30": "19.12%", "2011-06-30": "19.50%", "2011-03-31": "20.02%", "2010-12-31": "20.78%", "2010-09-30": "20.93%", "2010-06-30": "21.67%", "2010-03-31": "21.99%", "2009-12-31": "22.07%", "2009-09-30": "22.67%", "2009-06-30": "22.84%", "2009-03-31": "22.85%", "2008-12-31": "22.72%", "2008-09-30": "22.10%", "2008-06-30": "21.18%", "2008-03-31": "20.92%", "2007-12-31": "20.31%", "2007-09-30": "20.22%", "2007-06-30": "20.61%", "2007-03-31": "20.69%", "2006-12-31": "20.80%", "2006-09-30": "21.53%", "2006-06-30": "21.77%", "2006-03-31": "23.08%", "2005-12-31": "23.65%"}, "return on investments": {"2020-12-31": "10.80%", "2020-09-30": "10.08%", "2020-06-30": "9.28%", "2020-03-31": "9.61%", "2019-12-31": "9.44%", "2019-09-30": "9.35%", "2019-06-30": "8.91%", "2019-03-31": "9.24%", "2018-12-31": "9.49%", "2018-09-30": "9.24%", "2018-06-30": "9.84%", "2018-03-31": "9.85%", "2017-12-31": "9.53%", "2017-09-30": "9.30%", "2017-06-30": "9.65%", "2017-03-31": "10.31%", "2016-12-31": "11.76%", "2016-09-30": "14.06%", "2016-06-30": "15.09%", "2016-03-31": "15.08%", "2015-12-31": "14.72%", "2015-09-30": "14.80%", "2015-06-30": "15.57%", "2015-03-31": "20.73%", "2014-12-31": "32.91%", "2014-09-30": "68.42%", "2014-06-30": "inf%", "2014-03-31": "inf%", "2013-12-31": "inf%", "2013-09-30": "inf%", "2013-06-30": "inf%", "2013-03-31": "inf%", "2012-12-31": "inf%", "2012-09-30": "inf%", "2012-06-30": "inf%", "2012-03-31": "inf%", "2011-12-31": "inf%", "2011-09-30": "inf%", "2011-06-30": "inf%", "2011-03-31": "inf%", "2010-12-31": "inf%", "2010-09-30": "inf%", "2010-06-30": "inf%", "2010-03-31": "inf%", "2009-12-31": "inf%", "2009-09-30": "inf%", "2009-06-30": "inf%", "2009-03-31": "inf%", "2008-12-31": "inf%", "2008-09-30": "inf%", "2008-06-30": "inf%", "2008-03-31": "inf%", "2007-12-31": "inf%", "2007-09-30": "inf%", "2007-06-30": "inf%", "2007-03-31": "137.11%", "2006-12-31": "68.62%", "2006-09-30": "46.22%", "2006-06-30": "33.96%", "2006-03-31": "35.31%", "2005-12-31": "36.05%"}, "return on tangible equity": {"2020-09-30": "241.95%", "2020-06-30": "1017.78%", "2020-03-31": "-385.49%", "2019-12-31": "-205.26%", "2019-09-30": "-58.40%", "2019-06-30": "-51.54%", "2019-03-31": "-86.68%", "2018-12-31": "-95.33%", "2018-09-30": "-233.79%", "2018-06-30": "-725.71%", "2018-03-31": "-243.01%", "2017-12-31": "-137.31%", "2017-09-30": "-62.66%", "2017-06-30": "-54.19%", "2017-03-31": "-86.55%", "2016-12-31": "-348.94%", "2016-09-30": "219.57%", "2016-06-30": "94.81%", "2016-03-31": "89.74%", "2015-12-31": "78.88%", "2015-09-30": "86.35%", "2015-06-30": "72.91%", "2015-03-31": "45.05%", "2014-12-31": "34.17%", "2014-09-30": "24.57%", "2014-06-30": "21.56%", "2014-03-31": "20.96%", "2013-12-31": "20.60%", "2013-09-30": "20.09%", "2013-06-30": "19.34%", "2013-03-31": "19.78%", "2012-12-31": "20.35%", "2012-09-30": "21.51%", "2012-06-30": "22.94%", "2012-03-31": "24.32%", "2011-12-31": "23.73%", "2011-09-30": "23.31%", "2011-06-30": "22.41%", "2011-03-31": "21.71%", "2010-12-31": "22.63%", "2010-09-30": "22.85%", "2010-06-30": "23.73%", "2010-03-31": "24.13%", "2009-12-31": "24.26%", "2009-09-30": "25.03%", "2009-06-30": "25.25%", "2009-03-31": "25.28%", "2008-12-31": "25.16%", "2008-09-30": "24.50%", "2008-06-30": "23.48%", "2008-03-31": "23.24%", "2007-12-31": "22.61%", "2007-09-30": "22.56%", "2007-06-30": "23.37%", "2007-03-31": "23.89%", "2006-12-31": "24.45%", "2006-09-30": "25.94%", "2006-06-30": "26.52%", "2006-03-31": "27.89%", "2005-12-31": "28.54%"}, "dividend yield history": {"last payout": "$1.28", "last yield": "0.34%"}}