{"ticker": "BIO", "price": {"title": "Bio-Rad Laboratories Historical Annual Stock Price Data", "value": 643.81, "historical": {"2021": {"Average Stock Price": "601.0246", "Year Open": "575.2600", "Year High": "643.8100", "Year Low": "547.0100", "Year Close": "643.8100", "Annual % Change": "10.44%"}, "2020": {"Average Stock Price": "472.1816", "Year Open": "372.1600", "Year High": "643.4500", "Year Low": "320.0100", "Year Close": "582.9400", "Annual % Change": "57.54%"}, "2019": {"Average Stock Price": "312.5637", "Year Open": "228.0800", "Year High": "374.2000", "Year Low": "224.3000", "Year Close": "370.0300", "Annual % Change": "59.34%"}, "2018": {"Average Stock Price": "277.5328", "Year Open": "241.4200", "Year High": "326.1500", "Year Low": "220.1000", "Year Close": "232.2200", "Annual % Change": "-2.70%"}, "2017": {"Average Stock Price": "219.5752", "Year Open": "182.9100", "Year High": "271.3000", "Year Low": "182.9100", "Year Close": "238.6700", "Annual % Change": "30.94%"}, "2016": {"Average Stock Price": "149.1690", "Year Open": "136.1900", "Year High": "183.4600", "Year Low": "123.9300", "Year Close": "182.2800", "Annual % Change": "31.46%"}, "2015": {"Average Stock Price": "137.5260", "Year Open": "120.3500", "Year High": "151.9300", "Year Low": "113.7700", "Year Close": "138.6600", "Annual % Change": "15.01%"}, "2014": {"Average Stock Price": "120.8765", "Year Open": "122.6500", "Year High": "133.7300", "Year Low": "106.4800", "Year Close": "120.5600", "Annual % Change": "-2.47%"}, "2013": {"Average Stock Price": "118.6682", "Year Open": "107.4600", "Year High": "126.0000", "Year Low": "107.4600", "Year Close": "123.6100", "Annual % Change": "17.67%"}, "2012": {"Average Stock Price": "102.7218", "Year Open": "98.0800", "Year High": "114.2500", "Year Low": "92.3000", "Year Close": "105.0500", "Annual % Change": "9.38%"}, "2011": {"Average Stock Price": "108.0200", "Year Open": "105.3200", "Year High": "126.3400", "Year Low": "87.5400", "Year Close": "96.0400", "Annual % Change": "-7.52%"}, "2010": {"Average Stock Price": "94.7088", "Year Open": "97.8700", "Year High": "113.6300", "Year Low": "81.5000", "Year Close": "103.8500", "Annual % Change": "7.66%"}, "2009": {"Average Stock Price": "78.5782", "Year Open": "74.4700", "Year High": "100.4600", "Year Low": "53.1000", "Year Close": "96.4600", "Annual % Change": "28.08%"}, "2008": {"Average Stock Price": "87.1254", "Year Open": "99.9700", "Year High": "108.1000", "Year Low": "61.5200", "Year Close": "75.3100", "Annual % Change": "-27.32%"}, "2007": {"Average Stock Price": "82.9541", "Year Open": "82.2200", "Year High": "107.5700", "Year Low": "67.6700", "Year Close": "103.6200", "Annual % Change": "25.57%"}, "2006": {"Average Stock Price": "68.9380", "Year Open": "65.4500", "Year High": "84.0100", "Year Low": "57.2500", "Year Close": "82.5200", "Annual % Change": "26.10%"}, "2005": {"Average Stock Price": "55.5089", "Year Open": "57.1700", "Year High": "66.9000", "Year Low": "47.0600", "Year Close": "65.4400", "Annual % Change": "14.07%"}, "2004": {"Average Stock Price": "55.2252", "Year Open": "58.4100", "Year High": "61.9000", "Year Low": "50.0100", "Year Close": "57.3700", "Annual % Change": "-0.52%"}, "2003": {"Average Stock Price": "48.0377", "Year Open": "38.2100", "Year High": "62.1500", "Year Low": "33.4000", "Year Close": "57.6700", "Annual % Change": "49.02%"}, "2002": {"Average Stock Price": "39.7467", "Year Open": "30.9000", "Year High": "50.5100", "Year Low": "28.1250", "Year Close": "38.7000", "Annual % Change": "22.27%"}, "2001": {"Average Stock Price": "23.7924", "Year Open": "16.0500", "Year High": "32.5250", "Year Low": "15.0750", "Year Close": "31.6500", "Annual % Change": "99.06%"}, "2000": {"Average Stock Price": "12.9794", "Year Open": "11.3100", "Year High": "16.7450", "Year Low": "10.6250", "Year Close": "15.9000", "Annual % Change": "36.01%"}, "1999": {"Average Stock Price": "12.2611", "Year Open": "10.3100", "Year High": "14.5000", "Year Low": "9.4400", "Year Close": "11.6900", "Annual % Change": "11.33%"}, "1998": {"Average Stock Price": "13.1470", "Year Open": "13.0600", "Year High": "16.8750", "Year Low": "9.8750", "Year Close": "10.5000", "Annual % Change": "-19.60%"}, "1997": {"Average Stock Price": "13.5673", "Year Open": "15.1900", "Year High": "16.3750", "Year Low": "11.8100", "Year Close": "13.0600", "Annual % Change": "-12.93%"}, "1996": {"Average Stock Price": "14.6824", "Year Open": "14.2067", "Year High": "18.3100", "Year Low": "12.1250", "Year Close": "15.0000", "Annual % Change": "5.88%"}, "1995": {"Average Stock Price": "11.3630", "Year Open": "9.1267", "Year High": "14.1667", "Year Low": "8.4567", "Year Close": "14.1667", "Annual % Change": "53.15%"}, "1994": {"Average Stock Price": "6.4240", "Year Open": "3.5000", "Year High": "9.6267", "Year Low": "3.5000", "Year Close": "9.2500", "Annual % Change": "177.50%"}, "1993": {"Average Stock Price": "4.7750", "Year Open": "5.7067", "Year High": "5.9167", "Year Low": "3.3333", "Year Close": "3.3333", "Annual % Change": "-41.59%"}, "1992": {"Average Stock Price": "6.1821", "Year Open": "6.4167", "Year High": "7.1267", "Year Low": "5.3733", "Year Close": "5.7067", "Annual % Change": "-13.32%"}, "1991": {"Average Stock Price": "7.0525", "Year Open": "6.0833", "Year High": "9.1667", "Year Low": "5.5433", "Year Close": "6.5833", "Annual % Change": "6.76%"}, "1990": {"Average Stock Price": "5.8093", "Year Open": "5.4167", "Year High": "7.6667", "Year Low": "4.2067", "Year Close": "6.1667", "Annual % Change": "15.63%"}, "1989": {"Average Stock Price": "5.6551", "Year Open": "5.7067", "Year High": "6.5433", "Year Low": "4.7500", "Year Close": "5.3333", "Annual % Change": "-5.88%"}, "1988": {"Average Stock Price": "6.3804", "Year Open": "5.2500", "Year High": "7.7067", "Year Low": "4.9167", "Year Close": "5.6667", "Annual % Change": "11.48%"}, "1987": {"Average Stock Price": "7.6195", "Year Open": "5.8733", "Year High": "10.6667", "Year Low": "3.7500", "Year Close": "5.0833", "Annual % Change": "-11.59%"}, "1986": {"Average Stock Price": "5.9524", "Year Open": "5.0556", "Year High": "7.6400", "Year Low": "4.5556", "Year Close": "5.7500", "Annual % Change": "13.74%"}, "1985": {"Average Stock Price": "3.2334", "Year Open": "2.1304", "Year High": "5.3067", "Year Low": "2.1304", "Year Close": "5.0556", "Annual % Change": "137.31%"}, "1984": {"Average Stock Price": "2.2033", "Year Open": "2.5007", "Year High": "2.5185", "Year Low": "2.0741", "Year Close": "2.1304", "Annual % Change": "-14.81%"}, "1983": {"Average Stock Price": "2.3317", "Year Open": "1.3511", "Year High": "2.8696", "Year Low": "1.3511", "Year Close": "2.5007", "Annual % Change": "87.56%"}, "1982": {"Average Stock Price": "1.3124", "Year Open": "1.5378", "Year High": "1.6104", "Year Low": "0.8696", "Year Close": "1.3333", "Annual % Change": "-7.69%"}, "1981": {"Average Stock Price": "2.4659", "Year Open": "2.9807", "Year High": "3.6667", "Year Low": "1.2963", "Year Close": "1.4444", "Annual % Change": "-51.25%"}}}, "market cap": {"value": "$18.99B"}, "income statement": {"Revenue": {"2019-12-31": "2311.65900", "2018-12-31": "2289.41500", "2017-12-31": "2160.15300", "2016-12-31": "2068.17200", "2015-12-31": "2019.44100", "2014-12-31": "2175.04400", "2013-12-31": "2132.69400", "2012-12-31": "2069.23500", "2011-12-31": "2073.52900", "2010-12-31": "1927.11800", "2009-12-31": "1784.24400", "2008-12-31": "1764.36500", "2007-12-31": "1461.05200", "2006-12-31": "1273.93000", "2005-12-31": "1180.98500"}, "Cost Of Goods Sold": {"2019-12-31": "1054.66300", "2018-12-31": "1066.26400", "2017-12-31": "972.45000", "2016-12-31": "929.74400", "2015-12-31": "897.77100", "2014-12-31": "996.52700", "2013-12-31": "954.21600", "2012-12-31": "914.07700", "2011-12-31": "894.70000", "2010-12-31": "835.63000", "2009-12-31": "784.40100", "2008-12-31": "801.84300", "2007-12-31": "669.69000", "2006-12-31": "561.39400", "2005-12-31": "534.49900"}, "Gross Profit": {"2019-12-31": "1256.99600", "2018-12-31": "1223.15100", "2017-12-31": "1187.70300", "2016-12-31": "1138.42800", "2015-12-31": "1121.67000", "2014-12-31": "1178.51700", "2013-12-31": "1178.47800", "2012-12-31": "1155.15800", "2011-12-31": "1178.82900", "2010-12-31": "1091.48800", "2009-12-31": "999.84300", "2008-12-31": "962.52200", "2007-12-31": "791.36200", "2006-12-31": "712.53610", "2005-12-31": "646.48600"}, "Research And Development Expenses": {"2019-12-31": "202.71000", "2018-12-31": "199.19600", "2017-12-31": "250.15700", "2016-12-31": "205.70800", "2015-12-31": "192.97200", "2014-12-31": "220.33300", "2013-12-31": "210.95200", "2012-12-31": "209.20400", "2011-12-31": "177.60400", "2010-12-31": "172.26600", "2009-12-31": "163.58500", "2008-12-31": "159.51800", "2007-12-31": "140.53500", "2006-12-31": "123.37600", "2005-12-31": ""}, "SG&A Expenses": {"2019-12-31": "824.62500", "2018-12-31": "834.78300", "2017-12-31": "806.79000", "2016-12-31": "814.69700", "2015-12-31": "761.99000", "2014-12-31": "808.20000", "2013-12-31": "798.07000", "2012-12-31": "681.77800", "2011-12-31": "695.98400", "2010-12-31": "635.21300", "2009-12-31": "601.46800", "2008-12-31": "591.30400", "2007-12-31": "507.97800", "2006-12-31": "438.94900", "2005-12-31": "416.08400"}, "Other Operating Income Or Expenses": {"2019-12-31": "", "2018-12-31": "-292.51300", "2017-12-31": "-11.50600", "2016-12-31": "-62.30500", "2015-12-31": "", "2014-12-31": "", "2013-12-31": "", "2012-12-31": "", "2011-12-31": "", "2010-12-31": "", "2009-12-31": "-3.80200", "2008-12-31": "-28.75700", "2007-12-31": "", "2006-12-31": "", "2005-12-31": ""}, "Operating Expenses": {"2019-12-31": "2081.99800", "2018-12-31": "2392.75600", "2017-12-31": "2040.90300", "2016-12-31": "2012.45400", "2015-12-31": "1852.73300", "2014-12-31": "2025.06000", "2013-12-31": "1963.23800", "2012-12-31": "1805.05900", "2011-12-31": "1768.28800", "2010-12-31": "1643.10900", "2009-12-31": "1553.25600", "2008-12-31": "1581.42200", "2007-12-31": "1325.85900", "2006-12-31": "1127.81900", "2005-12-31": "1065.68700"}, "Operating Income": {"2019-12-31": "229.66090", "2018-12-31": "-103.34110", "2017-12-31": "119.25010", "2016-12-31": "55.71800", "2015-12-31": "166.70800", "2014-12-31": "149.98390", "2013-12-31": "169.45610", "2012-12-31": "264.17600", "2011-12-31": "305.24110", "2010-12-31": "284.00900", "2009-12-31": "230.98790", "2008-12-31": "182.94300", "2007-12-31": "135.19300", "2006-12-31": "146.11110", "2005-12-31": "115.29800"}, "Total Non-Operating Income/Expense": {"2019-12-31": "2031.42000", "2018-12-31": "616.00000", "2017-12-31": "-21.44500", "2016-12-31": "-14.15800", "2015-12-31": "-20.86100", "2014-12-31": "-18.42700", "2013-12-31": "-57.07100", "2012-12-31": "-34.26900", "2011-12-31": "-59.39400", "2010-12-31": "-63.72600", "2009-12-31": "-45.15600", "2008-12-31": "-40.10000", "2007-12-31": "-14.35000", "2006-12-31": "-4.08400", "2005-12-31": "-21.92700"}, "Pre-Tax Income": {"2019-12-31": "2261.08100", "2018-12-31": "512.65900", "2017-12-31": "97.80500", "2016-12-31": "41.56000", "2015-12-31": "145.84700", "2014-12-31": "131.55700", "2013-12-31": "112.38500", "2012-12-31": "229.90700", "2011-12-31": "245.84700", "2010-12-31": "220.28300", "2009-12-31": "185.83200", "2008-12-31": "142.84300", "2007-12-31": "120.84300", "2006-12-31": "142.02700", "2005-12-31": "93.37100"}, "Income Taxes": {"2019-12-31": "502.40600", "2018-12-31": "147.04500", "2017-12-31": "-24.44400", "2016-12-31": "15.56000", "2015-12-31": "36.60800", "2014-12-31": "42.71200", "2013-12-31": "34.57400", "2012-12-31": "64.36100", "2011-12-31": "67.03400", "2010-12-31": "33.34800", "2009-12-31": "36.66700", "2008-12-31": "44.57900", "2007-12-31": "26.54800", "2006-12-31": "38.76400", "2005-12-31": "15.79200"}, "Income After Taxes": {"2019-12-31": "1758.67500", "2018-12-31": "365.61400", "2017-12-31": "122.24900", "2016-12-31": "26.00000", "2015-12-31": "109.23900", "2014-12-31": "88.84500", "2013-12-31": "77.81100", "2012-12-31": "165.54600", "2011-12-31": "178.81300", "2010-12-31": "186.93500", "2009-12-31": "149.16500", "2008-12-31": "98.26400", "2007-12-31": "94.29500", "2006-12-31": "103.26300", "2005-12-31": "77.57900"}, "Other Income": {"2019-12-31": "", "2018-12-31": "", "2017-12-31": "", "2016-12-31": "", "2015-12-31": "", "2014-12-31": "", "2013-12-31": "", "2012-12-31": "", "2011-12-31": "", "2010-12-31": "", "2009-12-31": "", "2008-12-31": "", "2007-12-31": "", "2006-12-31": "", "2005-12-31": ""}, "Income From Continuous Operations": {"2019-12-31": "1758.67500", "2018-12-31": "365.61400", "2017-12-31": "122.24900", "2016-12-31": "26.00000", "2015-12-31": "109.23900", "2014-12-31": "88.84500", "2013-12-31": "77.81100", "2012-12-31": "165.54600", "2011-12-31": "178.81300", "2010-12-31": "186.93500", "2009-12-31": "149.16500", "2008-12-31": "98.26400", "2007-12-31": "94.29500", "2006-12-31": "103.26300", "2005-12-31": "77.57900"}, "Income From Discontinued Operations": {"2019-12-31": "", "2018-12-31": "", "2017-12-31": "", "2016-12-31": "", "2015-12-31": "", "2014-12-31": "", "2013-12-31": "", "2012-12-31": "", "2011-12-31": "", "2010-12-31": "", "2009-12-31": "", "2008-12-31": "", "2007-12-31": "", "2006-12-31": "", "2005-12-31": "3.97400"}, "Net Income": {"2019-12-31": "1758.67500", "2018-12-31": "365.61400", "2017-12-31": "122.24900", "2016-12-31": "26.00000", "2015-12-31": "109.23900", "2014-12-31": "88.84500", "2013-12-31": "77.79000", "2012-12-31": "165.47700", "2011-12-31": "179.01300", "2010-12-31": "185.49000", "2009-12-31": "144.62000", "2008-12-31": "89.51000", "2007-12-31": "92.99400", "2006-12-31": "103.26300", "2005-12-31": "81.55300"}, "EBITDA": {"2019-12-31": "229.66090", "2018-12-31": "-103.34110", "2017-12-31": "119.25010", "2016-12-31": "55.71800", "2015-12-31": "166.70800", "2014-12-31": "149.98390", "2013-12-31": "169.45610", "2012-12-31": "264.17600", "2011-12-31": "305.24110", "2010-12-31": "284.00900", "2009-12-31": "230.98790", "2008-12-31": "182.94300", "2007-12-31": "135.19300", "2006-12-31": "146.11110", "2005-12-31": "115.29800"}, "EBIT": {"2019-12-31": "229.66090", "2018-12-31": "-103.34110", "2017-12-31": "119.25010", "2016-12-31": "55.71800", "2015-12-31": "166.70800", "2014-12-31": "149.98390", "2013-12-31": "169.45610", "2012-12-31": "264.17600", "2011-12-31": "305.24110", "2010-12-31": "284.00900", "2009-12-31": "230.98790", "2008-12-31": "182.94300", "2007-12-31": "135.19300", "2006-12-31": "146.11110", "2005-12-31": "115.29800"}, "Basic Shares Outstanding": {"2019-12-31": "29.84300", "2018-12-31": "29.83600", "2017-12-31": "29.65500", "2016-12-31": "29.44000", "2015-12-31": "29.18600", "2014-12-31": "28.87600", "2013-12-31": "28.58600", "2012-12-31": "28.29000", "2011-12-31": "28.03100", "2010-12-31": "27.66500", "2009-12-31": "27.40400", "2008-12-31": "27.11200", "2007-12-31": "26.71600", "2006-12-31": "26.37600", "2005-12-31": "26.06300"}, "Shares Outstanding": {"2019-12-31": "30.18400", "2018-12-31": "30.22800", "2017-12-31": "30.03400", "2016-12-31": "29.64600", "2015-12-31": "29.40900", "2014-12-31": "29.13300", "2013-12-31": "28.90600", "2012-12-31": "28.64200", "2011-12-31": "28.46800", "2010-12-31": "28.15100", "2009-12-31": "27.82800", "2008-12-31": "27.63800", "2007-12-31": "27.29200", "2006-12-31": "26.94900", "2005-12-31": "26.66200"}, "Basic EPS": {"2019-12-31": "58.93000", "2018-12-31": "12.25000", "2017-12-31": "4.12000", "2016-12-31": "0.88000", "2015-12-31": "3.74000", "2014-12-31": "3.08000", "2013-12-31": "2.72000", "2012-12-31": "5.85000", "2011-12-31": "6.39000", "2010-12-31": "6.70000", "2009-12-31": "5.28000", "2008-12-31": "3.30000", "2007-12-31": "3.48000", "2006-12-31": "3.92000", "2005-12-31": "3.13000"}, "EPS - Earnings Per Share": {"2019-12-31": "58.27000", "2018-12-31": "12.10000", "2017-12-31": "4.07000", "2016-12-31": "0.88000", "2015-12-31": "3.71000", "2014-12-31": "3.05000", "2013-12-31": "2.69000", "2012-12-31": "5.78000", "2011-12-31": "6.29000", "2010-12-31": "6.59000", "2009-12-31": "5.20000", "2008-12-31": "3.24000", "2007-12-31": "3.41000", "2006-12-31": "3.83000", "2005-12-31": "3.06000"}}, "income statement, quarterly": {"Revenue": {"2020-09-30": "647.26300", "2020-06-30": "536.88000", "2020-03-31": "571.64400", "2019-12-31": "624.42790", "2019-09-30": "560.63300", "2019-06-30": "572.61900", "2019-03-31": "553.97900", "2018-12-31": "616.84710", "2018-09-30": "545.13800", "2018-06-30": "575.91100", "2018-03-31": "551.51900", "2017-12-31": "621.29500", "2017-09-30": "534.14100", "2017-06-30": "504.66600", "2017-03-31": "500.05100", "2016-12-31": "571.45310", "2016-09-30": "508.74500", "2016-06-30": "516.77700", "2016-03-31": "471.19700", "2015-12-31": "570.55690", "2015-09-30": "469.96100", "2015-06-30": "506.10200", "2015-03-31": "472.82100", "2014-12-31": "598.22390", "2014-09-30": "530.64400", "2014-06-30": "536.83200", "2014-03-31": "509.34400", "2013-12-31": "602.63510", "2013-09-30": "505.06600", "2013-06-30": "525.32100", "2013-03-31": "499.67200", "2012-12-31": "573.83910", "2012-09-30": "498.69700", "2012-06-30": "510.42200", "2012-03-31": "486.27700", "2011-12-31": "550.23820", "2011-09-30": "516.51400", "2011-06-30": "521.65600", "2011-03-31": "485.12100", "2010-12-31": "533.72000", "2010-09-30": "471.50200", "2010-06-30": "467.66200", "2010-03-31": "454.23400", "2009-12-31": "495.07300", "2009-09-30": "461.05500", "2009-06-30": "427.18300", "2009-03-31": "400.93300", "2008-12-31": "447.96500", "2008-09-30": "441.84200", "2008-06-30": "452.36100", "2008-03-31": "422.19700", "2007-12-31": "459.68800", "2007-09-30": "339.74200", "2007-06-30": "339.11400", "2007-03-31": "322.50800", "2006-12-31": "343.08100", "2006-09-30": "304.76400", "2006-06-30": "317.74700", "2006-03-31": "308.33800", "2005-12-31": "307.28700", "2005-09-30": "283.22500", "2005-06-30": "291.30200", "2005-03-31": "299.17100"}, "Cost Of Goods Sold": {"2020-09-30": "279.95200", "2020-06-30": "243.89200", "2020-03-31": "254.27600", "2019-12-31": "293.98900", "2019-09-30": "253.60700", "2019-06-30": "264.85000", "2019-03-31": "242.21700", "2018-12-31": "284.28200", "2018-09-30": "258.42200", "2018-06-30": "274.24400", "2018-03-31": "249.31600", "2017-12-31": "276.03800", "2017-09-30": "235.13300", "2017-06-30": "231.29100", "2017-03-31": "229.98800", "2016-12-31": "256.75500", "2016-09-30": "229.27600", "2016-06-30": "236.54500", "2016-03-31": "207.16800", "2015-12-31": "262.04200", "2015-09-30": "206.50900", "2015-06-30": "226.50500", "2015-03-31": "202.71500", "2014-12-31": "280.81400", "2014-09-30": "242.06800", "2014-06-30": "239.59000", "2014-03-31": "234.05500", "2013-12-31": "279.88600", "2013-09-30": "220.85000", "2013-06-30": "225.22000", "2013-03-31": "228.26000", "2012-12-31": "258.93300", "2012-09-30": "224.92700", "2012-06-30": "222.52200", "2012-03-31": "207.69500", "2011-12-31": "238.33200", "2011-09-30": "220.33800", "2011-06-30": "228.52000", "2011-03-31": "207.51000", "2010-12-31": "233.99700", "2010-09-30": "205.17200", "2010-06-30": "199.35400", "2010-03-31": "197.10700", "2009-12-31": "226.60400", "2009-09-30": "200.54500", "2009-06-30": "185.22100", "2009-03-31": "172.03100", "2008-12-31": "201.28900", "2008-09-30": "201.30000", "2008-06-30": "203.94000", "2008-03-31": "195.31400", "2007-12-31": "226.05500", "2007-09-30": "151.38500", "2007-06-30": "149.12300", "2007-03-31": "143.12700", "2006-12-31": "157.52400", "2006-09-30": "137.97500", "2006-06-30": "133.08500", "2006-03-31": "132.81000", "2005-12-31": "144.66200", "2005-09-30": "126.41300", "2005-06-30": "130.65900", "2005-03-31": "132.76500"}, "Gross Profit": {"2020-09-30": "367.31100", "2020-06-30": "292.98800", "2020-03-31": "317.36800", "2019-12-31": "330.43890", "2019-09-30": "307.02600", "2019-06-30": "307.76900", "2019-03-31": "311.76200", "2018-12-31": "332.56510", "2018-09-30": "286.71600", "2018-06-30": "301.66700", "2018-03-31": "302.20300", "2017-12-31": "345.25700", "2017-09-30": "299.00800", "2017-06-30": "273.37500", "2017-03-31": "270.06300", "2016-12-31": "314.69810", "2016-09-30": "279.46900", "2016-06-30": "280.23200", "2016-03-31": "264.02900", "2015-12-31": "308.51490", "2015-09-30": "263.45200", "2015-06-30": "279.59700", "2015-03-31": "270.10600", "2014-12-31": "317.40990", "2014-09-30": "288.57600", "2014-06-30": "297.24200", "2014-03-31": "275.28900", "2013-12-31": "322.74910", "2013-09-30": "284.21600", "2013-06-30": "300.10100", "2013-03-31": "271.41200", "2012-12-31": "314.90610", "2012-09-30": "273.77000", "2012-06-30": "287.90000", "2012-03-31": "278.58200", "2011-12-31": "311.90620", "2011-09-30": "296.17600", "2011-06-30": "293.13600", "2011-03-31": "277.61100", "2010-12-31": "299.72300", "2010-09-30": "266.33000", "2010-06-30": "268.30800", "2010-03-31": "257.12700", "2009-12-31": "268.46900", "2009-09-30": "260.51000", "2009-06-30": "241.96200", "2009-03-31": "228.90200", "2008-12-31": "246.67600", "2008-09-30": "240.54200", "2008-06-30": "248.42100", "2008-03-31": "226.88300", "2007-12-31": "233.63300", "2007-09-30": "188.35700", "2007-06-30": "189.99100", "2007-03-31": "179.38100", "2006-12-31": "185.55700", "2006-09-30": "166.78900", "2006-06-30": "184.66200", "2006-03-31": "175.52800", "2005-12-31": "162.62500", "2005-09-30": "156.81200", "2005-06-30": "160.64300", "2005-03-31": "166.40600"}, "Research And Development Expenses": {"2020-09-30": "", "2020-06-30": "51.98400", "2020-03-31": "49.30300", "2019-12-31": "105.01300", "2019-09-30": "", "2019-06-30": "50.12200", "2019-03-31": "47.57500", "2018-12-31": "", "2018-09-30": "", "2018-06-30": "", "2018-03-31": "", "2017-12-31": "188.08000", "2017-09-30": "62.07700", "2017-06-30": "", "2017-03-31": "", "2016-12-31": "57.38700", "2016-09-30": "49.92400", "2016-06-30": "49.81100", "2016-03-31": "48.58600", "2015-12-31": "55.88700", "2015-09-30": "43.33600", "2015-06-30": "46.54700", "2015-03-31": "47.20200", "2014-12-31": "115.00400", "2014-09-30": "52.78600", "2014-06-30": "", "2014-03-31": "52.54300", "2013-12-31": "55.84800", "2013-09-30": "52.92000", "2013-06-30": "51.84100", "2013-03-31": "50.34300", "2012-12-31": "56.15000", "2012-09-30": "47.79500", "2012-06-30": "52.33600", "2012-03-31": "52.92300", "2011-12-31": "41.27700", "2011-09-30": "45.38700", "2011-06-30": "48.21000", "2011-03-31": "42.73000", "2010-12-31": "45.26700", "2010-09-30": "42.87400", "2010-06-30": "43.86200", "2010-03-31": "40.26300", "2009-12-31": "86.91700", "2009-09-30": "39.51600", "2009-06-30": "", "2009-03-31": "37.15200", "2008-12-31": "83.19900", "2008-09-30": "38.83000", "2008-06-30": "", "2008-03-31": "37.48900", "2007-12-31": "39.85500", "2007-09-30": "33.14500", "2007-06-30": "34.75400", "2007-03-31": "32.78100", "2006-12-31": "33.32600", "2006-09-30": "30.98800", "2006-06-30": "30.97100", "2006-03-31": "28.09100", "2005-12-31": "", "2005-09-30": "28.67300", "2005-06-30": "28.49900", "2005-03-31": "26.82300"}, "SG&A Expenses": {"2020-09-30": "198.16500", "2020-06-30": "189.26200", "2020-03-31": "193.69200", "2019-12-31": "214.16500", "2019-09-30": "201.62200", "2019-06-30": "201.25700", "2019-03-31": "207.58100", "2018-12-31": "214.03200", "2018-09-30": "201.19600", "2018-06-30": "210.42500", "2018-03-31": "209.13000", "2017-12-31": "201.73000", "2017-09-30": "198.16900", "2017-06-30": "212.48900", "2017-03-31": "194.40200", "2016-12-31": "217.99300", "2016-09-30": "201.45200", "2016-06-30": "205.53600", "2016-03-31": "189.71600", "2015-12-31": "193.14500", "2015-09-30": "187.44500", "2015-06-30": "192.84500", "2015-03-31": "188.55500", "2014-12-31": "207.53700", "2014-09-30": "202.55000", "2014-06-30": "195.83800", "2014-03-31": "202.27500", "2013-12-31": "214.58400", "2013-09-30": "202.23800", "2013-06-30": "195.33100", "2013-03-31": "185.91700", "2012-12-31": "188.09510", "2012-09-30": "160.13400", "2012-06-30": "162.25600", "2012-03-31": "171.29300", "2011-12-31": "174.61400", "2011-09-30": "176.86700", "2011-06-30": "176.74000", "2011-03-31": "167.76300", "2010-12-31": "176.67200", "2010-09-30": "148.65400", "2010-06-30": "156.27000", "2010-03-31": "153.61700", "2009-12-31": "163.86200", "2009-09-30": "153.62300", "2009-06-30": "143.67000", "2009-03-31": "140.31300", "2008-12-31": "154.49700", "2008-09-30": "150.51800", "2008-06-30": "146.63400", "2008-03-31": "139.65500", "2007-12-31": "162.99000", "2007-09-30": "117.68700", "2007-06-30": "119.55100", "2007-03-31": "107.75000", "2006-12-31": "122.46300", "2006-09-30": "105.95000", "2006-06-30": "110.46600", "2006-03-31": "100.07000", "2005-12-31": "109.62600", "2005-09-30": "102.73800", "2005-06-30": "104.22200", "2005-03-31": "99.49800"}, "Other Operating Income Or Expenses": {"2020-09-30": "", "2020-06-30": "", "2020-03-31": "", "2019-12-31": "", "2019-09-30": "", "2019-06-30": "", "2019-03-31": "", "2018-12-31": "", "2018-09-30": "", "2018-06-30": "", "2018-03-31": "", "2017-12-31": "", "2017-09-30": "", "2017-06-30": "", "2017-03-31": "", "2016-12-31": "-59.94500", "2016-09-30": "", "2016-06-30": "-2.36000", "2016-03-31": "", "2015-12-31": "", "2015-09-30": "", "2015-06-30": "", "2015-03-31": "", "2014-12-31": "", "2014-09-30": "", "2014-06-30": "", "2014-03-31": "", "2013-12-31": "", "2013-09-30": "", "2013-06-30": "", "2013-03-31": "", "2012-12-31": "", "2012-09-30": "", "2012-06-30": "", "2012-03-31": "", "2011-12-31": "", "2011-09-30": "", "2011-06-30": "", "2011-03-31": "", "2010-12-31": "", "2010-09-30": "", "2010-06-30": "", "2010-03-31": "", "2009-12-31": "", "2009-09-30": "", "2009-06-30": "", "2009-03-31": "", "2008-12-31": "", "2008-09-30": "", "2008-06-30": "", "2008-03-31": "", "2007-12-31": "", "2007-09-30": "", "2007-06-30": "", "2007-03-31": "", "2006-12-31": "", "2006-09-30": "", "2006-06-30": "", "2006-03-31": "", "2005-12-31": "", "2005-09-30": "", "2005-06-30": "", "2005-03-31": ""}, "Operating Expenses": {"2020-09-30": "537.66300", "2020-06-30": "485.13800", "2020-03-31": "497.27100", "2019-12-31": "565.22310", "2019-09-30": "503.17300", "2019-06-30": "516.22900", "2019-03-31": "497.37300", "2018-12-31": "843.90110", "2018-09-30": "508.86300", "2018-06-30": "532.11900", "2018-03-31": "507.87300", "2017-12-31": "565.31500", "2017-09-30": "495.37900", "2017-06-30": "506.36700", "2017-03-31": "473.84200", "2016-12-31": "592.08020", "2016-09-30": "480.65200", "2016-06-30": "494.25200", "2016-03-31": "445.47000", "2015-12-31": "511.07400", "2015-09-30": "437.29000", "2015-06-30": "465.89700", "2015-03-31": "438.47200", "2014-12-31": "547.63800", "2014-09-30": "497.40400", "2014-06-30": "491.14500", "2014-03-31": "488.87300", "2013-12-31": "550.31800", "2013-09-30": "476.00800", "2013-06-30": "472.39200", "2013-03-31": "464.52000", "2012-12-31": "503.17810", "2012-09-30": "432.85600", "2012-06-30": "437.11400", "2012-03-31": "431.91100", "2011-12-31": "454.22290", "2011-09-30": "442.59200", "2011-06-30": "453.47000", "2011-03-31": "418.00300", "2010-12-31": "455.93590", "2010-09-30": "396.70000", "2010-06-30": "399.48600", "2010-03-31": "390.98700", "2009-12-31": "438.77800", "2009-09-30": "393.68400", "2009-06-30": "371.29800", "2009-03-31": "349.49600", "2008-12-31": "425.66290", "2008-09-30": "390.64800", "2008-06-30": "392.65300", "2008-03-31": "372.45800", "2007-12-31": "436.55600", "2007-09-30": "302.21700", "2007-06-30": "303.42800", "2007-03-31": "283.65800", "2006-12-31": "317.41290", "2006-09-30": "274.91300", "2006-06-30": "274.52200", "2006-03-31": "260.97100", "2005-12-31": "285.39700", "2005-09-30": "257.82400", "2005-06-30": "263.38000", "2005-03-31": "259.08600"}, "Operating Income": {"2020-09-30": "109.60000", "2020-06-30": "51.74200", "2020-03-31": "74.37300", "2019-12-31": "59.20480", "2019-09-30": "57.46000", "2019-06-30": "56.39000", "2019-03-31": "56.60600", "2018-12-31": "-227.05400", "2018-09-30": "36.27500", "2018-06-30": "43.79200", "2018-03-31": "43.64600", "2017-12-31": "55.98000", "2017-09-30": "38.76200", "2017-06-30": "-1.70100", "2017-03-31": "26.20900", "2016-12-31": "-20.62710", "2016-09-30": "28.09300", "2016-06-30": "22.52500", "2016-03-31": "25.72700", "2015-12-31": "59.48290", "2015-09-30": "32.67100", "2015-06-30": "40.20500", "2015-03-31": "34.34900", "2014-12-31": "50.58590", "2014-09-30": "33.24000", "2014-06-30": "45.68700", "2014-03-31": "20.47100", "2013-12-31": "52.31710", "2013-09-30": "29.05800", "2013-06-30": "52.92900", "2013-03-31": "35.15200", "2012-12-31": "70.66100", "2012-09-30": "65.84100", "2012-06-30": "73.30800", "2012-03-31": "54.36600", "2011-12-31": "96.01530", "2011-09-30": "73.92200", "2011-06-30": "68.18600", "2011-03-31": "67.11800", "2010-12-31": "77.78410", "2010-09-30": "74.80200", "2010-06-30": "68.17600", "2010-03-31": "63.24700", "2009-12-31": "56.29500", "2009-09-30": "67.37100", "2009-06-30": "55.88500", "2009-03-31": "51.43700", "2008-12-31": "22.30210", "2008-09-30": "51.19400", "2008-06-30": "59.70800", "2008-03-31": "49.73900", "2007-12-31": "23.13210", "2007-09-30": "37.52500", "2007-06-30": "35.68600", "2007-03-31": "38.85000", "2006-12-31": "25.66810", "2006-09-30": "29.85100", "2006-06-30": "43.22500", "2006-03-31": "47.36700", "2005-12-31": "21.89000", "2005-09-30": "25.40100", "2005-06-30": "27.92200", "2005-03-31": "40.08500"}, "Total Non-Operating Income/Expense": {"2020-09-30": "1574.86100", "2020-06-30": "1194.20300", "2020-03-31": "824.32600", "2019-12-31": "640.22500", "2019-09-30": "-392.67600", "2019-06-30": "713.21100", "2019-03-31": "1070.66000", "2018-12-31": "-814.19300", "2018-09-30": "313.85600", "2018-06-30": "296.29400", "2018-03-31": "820.04300", "2017-12-31": "-10.03000", "2017-09-30": "-8.17400", "2017-06-30": "2.82100", "2017-03-31": "-6.06200", "2016-12-31": "-7.56000", "2016-09-30": "-5.40500", "2016-06-30": "4.33900", "2016-03-31": "-5.53200", "2015-12-31": "-5.28500", "2015-09-30": "-7.25600", "2015-06-30": "-0.66500", "2015-03-31": "-7.65500", "2014-12-31": "-4.84000", "2014-09-30": "-10.76400", "2014-06-30": "3.11000", "2014-03-31": "-5.93300", "2013-12-31": "-7.80700", "2013-09-30": "-34.27400", "2013-06-30": "-3.88500", "2013-03-31": "-11.10500", "2012-12-31": "-7.95500", "2012-09-30": "-10.83800", "2012-06-30": "-7.28900", "2012-03-31": "-8.18700", "2011-12-31": "-12.02100", "2011-09-30": "-18.14900", "2011-06-30": "-10.36700", "2011-03-31": "-18.85700", "2010-12-31": "-20.58300", "2010-09-30": "-16.89300", "2010-06-30": "-12.82200", "2010-03-31": "-13.42800", "2009-12-31": "-14.20200", "2009-09-30": "-16.15100", "2009-06-30": "-6.61100", "2009-03-31": "-8.19200", "2008-12-31": "-18.24300", "2008-09-30": "-7.74800", "2008-06-30": "-3.75200", "2008-03-31": "-10.35700", "2007-12-31": "-10.54800", "2007-09-30": "-2.41700", "2007-06-30": "0.02600", "2007-03-31": "-1.41100", "2006-12-31": "-1.82300", "2006-09-30": "2.59500", "2006-06-30": "-1.36800", "2006-03-31": "-3.48800", "2005-12-31": "-12.88500", "2005-09-30": "-4.60700", "2005-06-30": "-2.43300", "2005-03-31": "-2.00200"}, "Pre-Tax Income": {"2020-09-30": "1684.46100", "2020-06-30": "1245.94500", "2020-03-31": "898.69900", "2019-12-31": "699.43010", "2019-09-30": "-335.21600", "2019-06-30": "769.60100", "2019-03-31": "1127.26600", "2018-12-31": "-1041.24700", "2018-09-30": "350.13100", "2018-06-30": "340.08600", "2018-03-31": "863.68900", "2017-12-31": "45.95000", "2017-09-30": "30.58800", "2017-06-30": "1.12000", "2017-03-31": "20.14700", "2016-12-31": "-28.18700", "2016-09-30": "22.68800", "2016-06-30": "26.86400", "2016-03-31": "20.19500", "2015-12-31": "54.19800", "2015-09-30": "25.41500", "2015-06-30": "39.54000", "2015-03-31": "26.69400", "2014-12-31": "45.74600", "2014-09-30": "22.47600", "2014-06-30": "48.79700", "2014-03-31": "14.53800", "2013-12-31": "44.51000", "2013-09-30": "-5.21600", "2013-06-30": "49.04400", "2013-03-31": "24.04700", "2012-12-31": "62.70600", "2012-09-30": "55.00300", "2012-06-30": "66.01900", "2012-03-31": "46.17900", "2011-12-31": "83.99400", "2011-09-30": "55.77300", "2011-06-30": "57.81900", "2011-03-31": "48.26100", "2010-12-31": "57.20100", "2010-09-30": "57.90900", "2010-06-30": "55.35400", "2010-03-31": "49.81900", "2009-12-31": "42.09300", "2009-09-30": "51.22000", "2009-06-30": "49.27400", "2009-03-31": "43.24500", "2008-12-31": "4.05900", "2008-09-30": "43.44600", "2008-06-30": "55.95600", "2008-03-31": "39.38200", "2007-12-31": "12.58400", "2007-09-30": "35.10800", "2007-06-30": "35.71200", "2007-03-31": "37.43900", "2006-12-31": "23.84500", "2006-09-30": "32.44600", "2006-06-30": "41.85700", "2006-03-31": "43.87900", "2005-12-31": "9.00500", "2005-09-30": "20.79400", "2005-06-30": "25.48900", "2005-03-31": "38.08300"}, "Income Taxes": {"2020-09-30": "369.63700", "2020-06-30": "279.51600", "2020-03-31": "212.78700", "2019-12-31": "145.94400", "2019-09-30": "-76.40000", "2019-06-30": "170.79100", "2019-03-31": "262.07100", "2018-12-31": "-212.71800", "2018-09-30": "80.80500", "2018-06-30": "72.04300", "2018-03-31": "206.91500", "2017-12-31": "-36.78400", "2017-09-30": "8.52100", "2017-06-30": "-3.91500", "2017-03-31": "7.73400", "2016-12-31": "-5.49200", "2016-09-30": "4.28300", "2016-06-30": "8.85000", "2016-03-31": "7.91900", "2015-12-31": "8.57000", "2015-09-30": "8.04500", "2015-06-30": "11.11700", "2015-03-31": "8.87600", "2014-12-31": "6.70900", "2014-09-30": "10.96700", "2014-06-30": "17.16600", "2014-03-31": "7.87000", "2013-12-31": "14.37400", "2013-09-30": "1.88300", "2013-06-30": "14.44200", "2013-03-31": "3.87500", "2012-12-31": "19.28900", "2012-09-30": "12.38300", "2012-06-30": "17.45400", "2012-03-31": "15.23500", "2011-12-31": "24.00300", "2011-09-30": "9.91100", "2011-06-30": "17.79700", "2011-03-31": "15.32300", "2010-12-31": "-10.73600", "2010-09-30": "12.82400", "2010-06-30": "16.83300", "2010-03-31": "14.42700", "2009-12-31": "3.57100", "2009-09-30": "11.92000", "2009-06-30": "9.97400", "2009-03-31": "11.20200", "2008-12-31": "10.56700", "2008-09-30": "12.55700", "2008-06-30": "10.63200", "2008-03-31": "10.82300", "2007-12-31": "-1.07200", "2007-09-30": "7.13700", "2007-06-30": "10.04100", "2007-03-31": "10.44200", "2006-12-31": "7.19600", "2006-09-30": "9.29600", "2006-06-30": "9.59100", "2006-03-31": "12.68100", "2005-12-31": "-4.44700", "2005-09-30": "4.57500", "2005-06-30": "7.10100", "2005-03-31": "8.56300"}, "Income After Taxes": {"2020-09-30": "1314.82400", "2020-06-30": "966.42900", "2020-03-31": "685.91200", "2019-12-31": "553.48620", "2019-09-30": "-258.81600", "2019-06-30": "598.81000", "2019-03-31": "865.19490", "2018-12-31": "-828.52910", "2018-09-30": "269.32600", "2018-06-30": "268.04300", "2018-03-31": "656.77400", "2017-12-31": "82.73400", "2017-09-30": "22.06700", "2017-06-30": "5.03500", "2017-03-31": "12.41300", "2016-12-31": "-22.69500", "2016-09-30": "18.40500", "2016-06-30": "18.01400", "2016-03-31": "12.27600", "2015-12-31": "45.62800", "2015-09-30": "17.37000", "2015-06-30": "28.42300", "2015-03-31": "17.81800", "2014-12-31": "39.03700", "2014-09-30": "11.50900", "2014-06-30": "31.63100", "2014-03-31": "6.66800", "2013-12-31": "30.13600", "2013-09-30": "-7.09900", "2013-06-30": "34.60200", "2013-03-31": "20.17200", "2012-12-31": "43.41700", "2012-09-30": "42.62000", "2012-06-30": "48.56500", "2012-03-31": "30.94400", "2011-12-31": "59.99100", "2011-09-30": "45.86200", "2011-06-30": "40.02200", "2011-03-31": "32.93800", "2010-12-31": "67.93700", "2010-09-30": "45.08500", "2010-06-30": "38.52100", "2010-03-31": "35.39200", "2009-12-31": "38.52200", "2009-09-30": "39.30000", "2009-06-30": "39.30000", "2009-03-31": "32.04300", "2008-12-31": "-6.50800", "2008-09-30": "30.88900", "2008-06-30": "45.32400", "2008-03-31": "28.55900", "2007-12-31": "13.65600", "2007-09-30": "27.97100", "2007-06-30": "25.67100", "2007-03-31": "26.99700", "2006-12-31": "16.64900", "2006-09-30": "23.15000", "2006-06-30": "32.26600", "2006-03-31": "31.19800", "2005-12-31": "13.45200", "2005-09-30": "16.21900", "2005-06-30": "18.38800", "2005-03-31": "29.52000"}, "Other Income": {"2020-09-30": "", "2020-06-30": "", "2020-03-31": "", "2019-12-31": "", "2019-09-30": "", "2019-06-30": "", "2019-03-31": "", "2018-12-31": "", "2018-09-30": "", "2018-06-30": "", "2018-03-31": "", "2017-12-31": "", "2017-09-30": "", "2017-06-30": "", "2017-03-31": "", "2016-12-31": "", "2016-09-30": "", "2016-06-30": "", "2016-03-31": "", "2015-12-31": "", "2015-09-30": "", "2015-06-30": "", "2015-03-31": "", "2014-12-31": "", "2014-09-30": "", "2014-06-30": "", "2014-03-31": "", "2013-12-31": "", "2013-09-30": "", "2013-06-30": "", "2013-03-31": "", "2012-12-31": "", "2012-09-30": "", "2012-06-30": "", "2012-03-31": "", "2011-12-31": "", "2011-09-30": "", "2011-06-30": "", "2011-03-31": "", "2010-12-31": "", "2010-09-30": "", "2010-06-30": "", "2010-03-31": "", "2009-12-31": "", "2009-09-30": "", "2009-06-30": "", "2009-03-31": "", "2008-12-31": "", "2008-09-30": "", "2008-06-30": "", "2008-03-31": "", "2007-12-31": "", "2007-09-30": "", "2007-06-30": "", "2007-03-31": "", "2006-12-31": "", "2006-09-30": "", "2006-06-30": "", "2006-03-31": "", "2005-12-31": "", "2005-09-30": "", "2005-06-30": "", "2005-03-31": ""}, "Income From Continuous Operations": {"2020-09-30": "1314.82400", "2020-06-30": "966.42900", "2020-03-31": "685.91200", "2019-12-31": "553.48620", "2019-09-30": "-258.81600", "2019-06-30": "598.81000", "2019-03-31": "865.19490", "2018-12-31": "-828.52910", "2018-09-30": "269.32600", "2018-06-30": "268.04300", "2018-03-31": "656.77400", "2017-12-31": "82.73400", "2017-09-30": "22.06700", "2017-06-30": "5.03500", "2017-03-31": "12.41300", "2016-12-31": "-22.69500", "2016-09-30": "18.40500", "2016-06-30": "18.01400", "2016-03-31": "12.27600", "2015-12-31": "45.62800", "2015-09-30": "17.37000", "2015-06-30": "28.42300", "2015-03-31": "17.81800", "2014-12-31": "39.03700", "2014-09-30": "11.50900", "2014-06-30": "31.63100", "2014-03-31": "6.66800", "2013-12-31": "30.13600", "2013-09-30": "-7.09900", "2013-06-30": "34.60200", "2013-03-31": "20.17200", "2012-12-31": "43.41700", "2012-09-30": "42.62000", "2012-06-30": "48.56500", "2012-03-31": "30.94400", "2011-12-31": "59.99100", "2011-09-30": "45.86200", "2011-06-30": "40.02200", "2011-03-31": "32.93800", "2010-12-31": "67.93700", "2010-09-30": "45.08500", "2010-06-30": "38.52100", "2010-03-31": "35.39200", "2009-12-31": "38.52200", "2009-09-30": "39.30000", "2009-06-30": "39.30000", "2009-03-31": "32.04300", "2008-12-31": "-6.50800", "2008-09-30": "30.88900", "2008-06-30": "45.32400", "2008-03-31": "28.55900", "2007-12-31": "13.65600", "2007-09-30": "27.97100", "2007-06-30": "25.67100", "2007-03-31": "26.99700", "2006-12-31": "16.64900", "2006-09-30": "23.15000", "2006-06-30": "32.26600", "2006-03-31": "31.19800", "2005-12-31": "13.45200", "2005-09-30": "16.21900", "2005-06-30": "18.38800", "2005-03-31": "29.52000"}, "Income From Discontinued Operations": {"2020-09-30": "", "2020-06-30": "", "2020-03-31": "", "2019-12-31": "", "2019-09-30": "", "2019-06-30": "", "2019-03-31": "", "2018-12-31": "", "2018-09-30": "", "2018-06-30": "", "2018-03-31": "", "2017-12-31": "", "2017-09-30": "", "2017-06-30": "", "2017-03-31": "", "2016-12-31": "", "2016-09-30": "", "2016-06-30": "", "2016-03-31": "", "2015-12-31": "", "2015-09-30": "", "2015-06-30": "", "2015-03-31": "", "2014-12-31": "", "2014-09-30": "", "2014-06-30": "", "2014-03-31": "", "2013-12-31": "", "2013-09-30": "", "2013-06-30": "", "2013-03-31": "", "2012-12-31": "", "2012-09-30": "", "2012-06-30": "", "2012-03-31": "", "2011-12-31": "", "2011-09-30": "", "2011-06-30": "", "2011-03-31": "", "2010-12-31": "", "2010-09-30": "", "2010-06-30": "", "2010-03-31": "", "2009-12-31": "", "2009-09-30": "", "2009-06-30": "", "2009-03-31": "", "2008-12-31": "", "2008-09-30": "", "2008-06-30": "", "2008-03-31": "", "2007-12-31": "", "2007-09-30": "", "2007-06-30": "", "2007-03-31": "", "2006-12-31": "", "2006-09-30": "", "2006-06-30": "", "2006-03-31": "", "2005-12-31": "", "2005-09-30": "", "2005-06-30": "", "2005-03-31": "3.97400"}, "Net Income": {"2020-09-30": "1314.82400", "2020-06-30": "966.42900", "2020-03-31": "685.91200", "2019-12-31": "553.48610", "2019-09-30": "-258.81600", "2019-06-30": "598.81000", "2019-03-31": "865.19500", "2018-12-31": "-828.52890", "2018-09-30": "269.32600", "2018-06-30": "268.04300", "2018-03-31": "656.77400", "2017-12-31": "82.73400", "2017-09-30": "22.06700", "2017-06-30": "5.03500", "2017-03-31": "12.41300", "2016-12-31": "-22.69500", "2016-09-30": "18.40500", "2016-06-30": "18.01400", "2016-03-31": "12.27600", "2015-12-31": "45.62800", "2015-09-30": "17.37000", "2015-06-30": "28.42300", "2015-03-31": "17.81800", "2014-12-31": "39.03700", "2014-09-30": "11.50900", "2014-06-30": "31.63100", "2014-03-31": "6.66800", "2013-12-31": "30.13600", "2013-09-30": "-7.09900", "2013-06-30": "34.60200", "2013-03-31": "20.15100", "2012-12-31": "43.49600", "2012-09-30": "42.63300", "2012-06-30": "48.34300", "2012-03-31": "31.00500", "2011-12-31": "60.02900", "2011-09-30": "45.89700", "2011-06-30": "40.04800", "2011-03-31": "33.03900", "2010-12-31": "67.90800", "2010-09-30": "44.76400", "2010-06-30": "37.95700", "2010-03-31": "34.86100", "2009-12-31": "37.86200", "2009-09-30": "38.52400", "2009-06-30": "37.96900", "2009-03-31": "30.26500", "2008-12-31": "-8.21600", "2008-09-30": "27.83300", "2008-06-30": "43.39800", "2008-03-31": "26.49500", "2007-12-31": "12.35500", "2007-09-30": "27.97100", "2007-06-30": "25.67100", "2007-03-31": "26.99700", "2006-12-31": "16.64900", "2006-09-30": "23.15000", "2006-06-30": "32.26600", "2006-03-31": "31.19800", "2005-12-31": "13.45200", "2005-09-30": "16.21900", "2005-06-30": "18.38800", "2005-03-31": "33.49400"}, "EBITDA": {"2020-09-30": "109.60000", "2020-06-30": "51.74200", "2020-03-31": "74.37300", "2019-12-31": "59.20480", "2019-09-30": "57.46000", "2019-06-30": "56.39000", "2019-03-31": "56.60600", "2018-12-31": "-227.05400", "2018-09-30": "71.17500", "2018-06-30": "43.79200", "2018-03-31": "43.64600", "2017-12-31": "55.98000", "2017-09-30": "74.06200", "2017-06-30": "35.29900", "2017-03-31": "59.90900", "2016-12-31": "-20.62710", "2016-09-30": "66.58100", "2016-06-30": "60.10300", "2016-03-31": "59.81700", "2015-12-31": "59.48290", "2015-09-30": "32.67100", "2015-06-30": "40.20500", "2015-03-31": "34.34900", "2014-12-31": "50.58590", "2014-09-30": "33.24000", "2014-06-30": "45.68700", "2014-03-31": "20.47100", "2013-12-31": "52.31710", "2013-09-30": "29.05800", "2013-06-30": "52.92900", "2013-03-31": "35.15200", "2012-12-31": "70.66100", "2012-09-30": "65.84100", "2012-06-30": "73.30800", "2012-03-31": "54.36600", "2011-12-31": "96.01530", "2011-09-30": "73.92200", "2011-06-30": "68.18600", "2011-03-31": "67.11800", "2010-12-31": "77.78410", "2010-09-30": "74.80200", "2010-06-30": "68.17600", "2010-03-31": "63.24700", "2009-12-31": "56.29500", "2009-09-30": "67.37100", "2009-06-30": "55.88500", "2009-03-31": "51.43700", "2008-12-31": "22.30210", "2008-09-30": "51.19400", "2008-06-30": "59.70800", "2008-03-31": "49.73900", "2007-12-31": "23.13210", "2007-09-30": "37.52500", "2007-06-30": "35.68600", "2007-03-31": "38.85000", "2006-12-31": "25.66810", "2006-09-30": "29.85100", "2006-06-30": "43.22500", "2006-03-31": "47.36700", "2005-12-31": "21.89000", "2005-09-30": "25.40100", "2005-06-30": "27.92200", "2005-03-31": "40.08500"}, "EBIT": {"2020-09-30": "109.60000", "2020-06-30": "51.74200", "2020-03-31": "74.37300", "2019-12-31": "59.20480", "2019-09-30": "57.46000", "2019-06-30": "56.39000", "2019-03-31": "56.60600", "2018-12-31": "-227.05410", "2018-09-30": "36.27500", "2018-06-30": "43.79200", "2018-03-31": "43.64600", "2017-12-31": "55.98010", "2017-09-30": "38.76200", "2017-06-30": "-1.70100", "2017-03-31": "26.20900", "2016-12-31": "-20.62700", "2016-09-30": "28.09300", "2016-06-30": "22.52500", "2016-03-31": "25.72700", "2015-12-31": "59.48300", "2015-09-30": "32.67100", "2015-06-30": "40.20500", "2015-03-31": "34.34900", "2014-12-31": "50.58590", "2014-09-30": "33.24000", "2014-06-30": "45.68700", "2014-03-31": "20.47100", "2013-12-31": "52.31710", "2013-09-30": "29.05800", "2013-06-30": "52.92900", "2013-03-31": "35.15200", "2012-12-31": "70.66100", "2012-09-30": "65.84100", "2012-06-30": "73.30800", "2012-03-31": "54.36600", "2011-12-31": "96.01510", "2011-09-30": "73.92200", "2011-06-30": "68.18600", "2011-03-31": "67.11800", "2010-12-31": "77.78410", "2010-09-30": "74.80200", "2010-06-30": "68.17600", "2010-03-31": "63.24700", "2009-12-31": "56.29490", "2009-09-30": "67.37100", "2009-06-30": "55.88500", "2009-03-31": "51.43700", "2008-12-31": "22.30200", "2008-09-30": "51.19400", "2008-06-30": "59.70800", "2008-03-31": "49.73900", "2007-12-31": "23.13200", "2007-09-30": "37.52500", "2007-06-30": "35.68600", "2007-03-31": "38.85000", "2006-12-31": "25.66810", "2006-09-30": "29.85100", "2006-06-30": "43.22500", "2006-03-31": "47.36700", "2005-12-31": "21.89000", "2005-09-30": "25.40100", "2005-06-30": "27.92200", "2005-03-31": "40.08500"}, "Basic Shares Outstanding": {"2020-09-30": "29.72100", "2020-06-30": "29.65200", "2020-03-31": "29.86500", "2019-12-31": "29.84300", "2019-09-30": "29.83100", "2019-06-30": "29.81400", "2019-03-31": "29.80100", "2018-12-31": "29.83600", "2018-09-30": "29.86300", "2018-06-30": "29.81400", "2018-03-31": "29.78700", "2017-12-31": "29.65500", "2017-09-30": "29.66000", "2017-06-30": "29.61300", "2017-03-31": "29.58000", "2016-12-31": "29.44000", "2016-09-30": "29.44400", "2016-06-30": "29.39800", "2016-03-31": "29.36400", "2015-12-31": "29.18600", "2015-09-30": "29.19500", "2015-06-30": "29.13600", "2015-03-31": "29.09200", "2014-12-31": "28.87600", "2014-09-30": "28.88400", "2014-06-30": "28.82600", "2014-03-31": "28.79100", "2013-12-31": "28.58600", "2013-09-30": "28.60300", "2013-06-30": "28.53800", "2013-03-31": "28.49400", "2012-12-31": "28.29000", "2012-09-30": "28.31200", "2012-06-30": "28.25000", "2012-03-31": "28.20100", "2011-12-31": "28.03100", "2011-09-30": "28.07200", "2011-06-30": "28.01400", "2011-03-31": "27.90400", "2010-12-31": "27.66500", "2010-09-30": "27.69700", "2010-06-30": "27.60600", "2010-03-31": "27.54500", "2009-12-31": "27.40400", "2009-09-30": "27.43100", "2009-06-30": "27.37000", "2009-03-31": "27.32100", "2008-12-31": "27.11200", "2008-09-30": "27.17100", "2008-06-30": "27.03800", "2008-03-31": "26.95500", "2007-12-31": "26.71600", "2007-09-30": "26.71500", "2007-06-30": "26.65700", "2007-03-31": "26.58000", "2006-12-31": "26.37600", "2006-09-30": "26.40700", "2006-06-30": "26.34100", "2006-03-31": "26.27700", "2005-12-31": "26.06300", "2005-09-30": "26.11500", "2005-06-30": "26.02000", "2005-03-31": "25.90900"}, "Shares Outstanding": {"2020-09-30": "30.12800", "2020-06-30": "30.05800", "2020-03-31": "30.19600", "2019-12-31": "30.18400", "2019-09-30": "29.83100", "2019-06-30": "30.15400", "2019-03-31": "30.10400", "2018-12-31": "30.22800", "2018-09-30": "30.29200", "2018-06-30": "30.21900", "2018-03-31": "30.17100", "2017-12-31": "30.03400", "2017-09-30": "30.05200", "2017-06-30": "30.00600", "2017-03-31": "29.91100", "2016-12-31": "29.64600", "2016-09-30": "29.67100", "2016-06-30": "29.58900", "2016-03-31": "29.50600", "2015-12-31": "29.40900", "2015-09-30": "29.43900", "2015-06-30": "29.38100", "2015-03-31": "29.28900", "2014-12-31": "29.13300", "2014-09-30": "29.14100", "2014-06-30": "29.09200", "2014-03-31": "29.05900", "2013-12-31": "28.90600", "2013-09-30": "28.60300", "2013-06-30": "28.86800", "2013-03-31": "28.81700", "2012-12-31": "28.64200", "2012-09-30": "28.64500", "2012-06-30": "28.61000", "2012-03-31": "28.55300", "2011-12-31": "28.46800", "2011-09-30": "28.45600", "2011-06-30": "28.49500", "2011-03-31": "28.38900", "2010-12-31": "28.15100", "2010-09-30": "28.10300", "2010-06-30": "28.12500", "2010-03-31": "28.07200", "2009-12-31": "27.82800", "2009-09-30": "27.87500", "2009-06-30": "27.74200", "2009-03-31": "27.61800", "2008-12-31": "27.63800", "2008-09-30": "27.74700", "2008-06-30": "27.56900", "2008-03-31": "27.53800", "2007-12-31": "27.29200", "2007-09-30": "27.27000", "2007-06-30": "27.16400", "2007-03-31": "27.15600", "2006-12-31": "26.94900", "2006-09-30": "26.97100", "2006-06-30": "26.90000", "2006-03-31": "26.82900", "2005-12-31": "26.66200", "2005-09-30": "26.69500", "2005-06-30": "26.61000", "2005-03-31": "26.55500"}, "Basic EPS": {"2020-09-30": "44.24000", "2020-06-30": "32.59000", "2020-03-31": "22.97000", "2019-12-31": "18.50000", "2019-09-30": "-8.68000", "2019-06-30": "20.08000", "2019-03-31": "29.03000", "2018-12-31": "-27.81000", "2018-09-30": "9.02000", "2018-06-30": "8.99000", "2018-03-31": "22.05000", "2017-12-31": "2.79000", "2017-09-30": "0.74000", "2017-06-30": "0.17000", "2017-03-31": "0.42000", "2016-12-31": "-0.78000", "2016-09-30": "0.63000", "2016-06-30": "0.61000", "2016-03-31": "0.42000", "2015-12-31": "1.56000", "2015-09-30": "0.59000", "2015-06-30": "0.98000", "2015-03-31": "0.61000", "2014-12-31": "1.35000", "2014-09-30": "0.40000", "2014-06-30": "1.10000", "2014-03-31": "0.23000", "2013-12-31": "1.05000", "2013-09-30": "-0.25000", "2013-06-30": "1.21000", "2013-03-31": "0.71000", "2012-12-31": "1.53000", "2012-09-30": "1.51000", "2012-06-30": "1.71000", "2012-03-31": "1.10000", "2011-12-31": "2.15000", "2011-09-30": "1.63000", "2011-06-30": "1.43000", "2011-03-31": "1.18000", "2010-12-31": "2.44000", "2010-09-30": "1.62000", "2010-06-30": "1.37000", "2010-03-31": "1.27000", "2009-12-31": "1.38000", "2009-09-30": "1.40000", "2009-06-30": "1.39000", "2009-03-31": "1.11000", "2008-12-31": "-0.31000", "2008-09-30": "1.02000", "2008-06-30": "1.61000", "2008-03-31": "0.98000", "2007-12-31": "0.45000", "2007-09-30": "1.05000", "2007-06-30": "0.96000", "2007-03-31": "1.02000", "2006-12-31": "0.63000", "2006-09-30": "0.88000", "2006-06-30": "1.22000", "2006-03-31": "1.19000", "2005-12-31": "0.51000", "2005-09-30": "0.62000", "2005-06-30": "0.71000", "2005-03-31": "1.29000"}, "EPS - Earnings Per Share": {"2020-09-30": "43.64000", "2020-06-30": "32.15000", "2020-03-31": "22.72000", "2019-12-31": "18.35000", "2019-09-30": "-8.68000", "2019-06-30": "19.86000", "2019-03-31": "28.74000", "2018-12-31": "-27.43000", "2018-09-30": "8.89000", "2018-06-30": "8.87000", "2018-03-31": "21.77000", "2017-12-31": "2.76000", "2017-09-30": "0.73000", "2017-06-30": "0.17000", "2017-03-31": "0.41000", "2016-12-31": "-0.77000", "2016-09-30": "0.62000", "2016-06-30": "0.61000", "2016-03-31": "0.42000", "2015-12-31": "1.54000", "2015-09-30": "0.59000", "2015-06-30": "0.97000", "2015-03-31": "0.61000", "2014-12-31": "1.34000", "2014-09-30": "0.39000", "2014-06-30": "1.09000", "2014-03-31": "0.23000", "2013-12-31": "1.04000", "2013-09-30": "-0.25000", "2013-06-30": "1.20000", "2013-03-31": "0.70000", "2012-12-31": "1.51000", "2012-09-30": "1.49000", "2012-06-30": "1.69000", "2012-03-31": "1.09000", "2011-12-31": "2.11000", "2011-09-30": "1.61000", "2011-06-30": "1.41000", "2011-03-31": "1.16000", "2010-12-31": "2.41000", "2010-09-30": "1.59000", "2010-06-30": "1.35000", "2010-03-31": "1.24000", "2009-12-31": "1.35000", "2009-09-30": "1.38000", "2009-06-30": "1.37000", "2009-03-31": "1.10000", "2008-12-31": "-0.29000", "2008-09-30": "1.00000", "2008-06-30": "1.57000", "2008-03-31": "0.96000", "2007-12-31": "0.44000", "2007-09-30": "1.03000", "2007-06-30": "0.95000", "2007-03-31": "0.99000", "2006-12-31": "0.61000", "2006-09-30": "0.86000", "2006-06-30": "1.20000", "2006-03-31": "1.16000", "2005-12-31": "0.50000", "2005-09-30": "0.61000", "2005-06-30": "0.69000", "2005-03-31": "1.26000"}}, "balance sheet": {"Cash On Hand": {"2019-12-31": "1120.20500", "2018-12-31": "850.35600", "2017-12-31": "760.53800", "2016-12-31": "844.00000", "2015-12-31": "790.47700", "2014-12-31": "697.63500", "2013-12-31": "608.92000", "2012-12-31": "921.07300", "2011-12-31": "813.11500", "2010-12-31": "1031.60900", "2009-12-31": "744.81400", "2008-12-31": "243.47400", "2007-12-31": "223.74100", "2006-12-31": "488.08000", "2005-12-31": "449.19700"}, "Receivables": {"2019-12-31": "392.67200", "2018-12-31": "392.44300", "2017-12-31": "464.84700", "2016-12-31": "372.34800", "2015-12-31": "391.48500", "2014-12-31": "377.64000", "2013-12-31": "422.66000", "2012-12-31": "398.73900", "2011-12-31": "398.67400", "2010-12-31": "387.99600", "2009-12-31": "345.73400", "2008-12-31": "339.65300", "2007-12-31": "358.07600", "2006-12-31": "292.97000", "2005-12-31": "247.19200"}, "Inventory": {"2019-12-31": "554.00700", "2018-12-31": "583.81500", "2017-12-31": "594.80400", "2016-12-31": "524.96100", "2015-12-31": "490.22400", "2014-12-31": "470.99700", "2013-12-31": "516.24500", "2012-12-31": "455.12000", "2011-12-31": "433.51000", "2010-12-31": "398.10000", "2009-12-31": "351.20600", "2008-12-31": "375.61600", "2007-12-31": "321.01500", "2006-12-31": "253.04500", "2005-12-31": "212.34200"}, "Pre-Paid Expenses": {"2019-12-31": "102.33100", "2018-12-31": "187.24900", "2017-12-31": "146.13500", "2016-12-31": "91.01400", "2015-12-31": "94.36900", "2014-12-31": "108.34800", "2013-12-31": "130.63700", "2012-12-31": "92.49000", "2011-12-31": "99.07900", "2010-12-31": "109.62000", "2009-12-31": "77.81800", "2008-12-31": "93.79000", "2007-12-31": "89.69200", "2006-12-31": "59.82000", "2005-12-31": "68.49600"}, "Other Current Assets": {"2019-12-31": "10.94000", "2018-12-31": "9.61500", "2017-12-31": "10.32500", "2016-12-31": "12.20100", "2015-12-31": "11.04100", "2014-12-31": "61.74700", "2013-12-31": "79.01700", "2012-12-31": "69.26000", "2011-12-31": "", "2010-12-31": "", "2009-12-31": "", "2008-12-31": "", "2007-12-31": "", "2006-12-31": "", "2005-12-31": ""}, "Total Current Assets": {"2019-12-31": "2180.15500", "2018-12-31": "2023.47800", "2017-12-31": "1976.64900", "2016-12-31": "1844.52400", "2015-12-31": "1777.59600", "2014-12-31": "1716.36700", "2013-12-31": "1757.47900", "2012-12-31": "1936.68200", "2011-12-31": "1798.15500", "2010-12-31": "1975.34600", "2009-12-31": "1562.67400", "2008-12-31": "1093.94100", "2007-12-31": "1028.97400", "2006-12-31": "1129.77700", "2005-12-31": "1008.21100"}, "Property, Plant, And Equipment": {"2019-12-31": "499.33900", "2018-12-31": "508.69000", "2017-12-31": "493.49600", "2016-12-31": "488.61400", "2015-12-31": "437.69000", "2014-12-31": "428.83600", "2013-12-31": "414.40100", "2012-12-31": "416.93800", "2011-12-31": "349.50100", "2010-12-31": "333.61700", "2009-12-31": "302.41700", "2008-12-31": "300.73200", "2007-12-31": "271.56100", "2006-12-31": "189.62700", "2005-12-31": "180.25800"}, "Long-Term Investments": {"2019-12-31": "4638.20500", "2018-12-31": "2655.70900", "2017-12-31": "1027.73600", "2016-12-31": "830.79000", "2015-12-31": "719.84000", "2014-12-31": "389.30900", "2013-12-31": "377.87000", "2012-12-31": "293.61300", "2011-12-31": "", "2010-12-31": "", "2009-12-31": "", "2008-12-31": "", "2007-12-31": "", "2006-12-31": "", "2005-12-31": ""}, "Goodwill And Intangible Assets": {"2019-12-31": "409.65600", "2018-12-31": "352.89300", "2017-12-31": "680.18200", "2016-12-31": "638.72400", "2015-12-31": "709.97400", "2014-12-31": "754.66900", "2013-12-31": "783.95800", "2012-12-31": "756.35700", "2011-12-31": "728.43010", "2010-12-31": "567.86200", "2009-12-31": "532.40500", "2008-12-31": "550.41000", "2007-12-31": "538.74300", "2006-12-31": "164.09700", "2005-12-31": "141.72500"}, "Other Long-Term Assets": {"2019-12-31": "79.63600", "2018-12-31": "70.29800", "2017-12-31": "94.94900", "2016-12-31": "47.85200", "2015-12-31": "64.61800", "2014-12-31": "52.09700", "2013-12-31": "55.08200", "2012-12-31": "39.91300", "2011-12-31": "209.52800", "2010-12-31": "172.96300", "2009-12-31": "125.08500", "2008-12-31": "79.82000", "2007-12-31": "111.88700", "2006-12-31": "103.56700", "2005-12-31": "82.38500"}, "Total Long-Term Assets": {"2019-12-31": "5828.70500", "2018-12-31": "3587.59000", "2017-12-31": "2296.36300", "2016-12-31": "2005.98000", "2015-12-31": "1932.12200", "2014-12-31": "1624.91100", "2013-12-31": "1631.31100", "2012-12-31": "1506.82100", "2011-12-31": "1298.64800", "2010-12-31": "1087.41800", "2009-12-31": "973.17900", "2008-12-31": "943.32310", "2007-12-31": "942.62000", "2006-12-31": "466.39100", "2005-12-31": "418.37100"}, "Total Assets": {"2019-12-31": "8008.85900", "2018-12-31": "5611.06800", "2017-12-31": "4273.01200", "2016-12-31": "3850.50400", "2015-12-31": "3709.71800", "2014-12-31": "3341.27800", "2013-12-31": "3388.79000", "2012-12-31": "3443.50300", "2011-12-31": "3096.80300", "2010-12-31": "3062.76400", "2009-12-31": "2535.85300", "2008-12-31": "2037.26400", "2007-12-31": "1971.59400", "2006-12-31": "1596.16800", "2005-12-31": "1426.58200"}, "Total Current Liabilities": {"2019-12-31": "905.49500", "2018-12-31": "450.79500", "2017-12-31": "502.69600", "2016-12-31": "471.32200", "2015-12-31": "441.35100", "2014-12-31": "446.76100", "2013-12-31": "487.47200", "2012-12-31": "472.40000", "2011-12-31": "459.11500", "2010-12-31": "666.62700", "2009-12-31": "419.97200", "2008-12-31": "418.03400", "2007-12-31": "414.16800", "2006-12-31": "319.53300", "2005-12-31": "319.24300"}, "Long Term Debt": {"2019-12-31": "13.57900", "2018-12-31": "438.93700", "2017-12-31": "434.58100", "2016-12-31": "434.18600", "2015-12-31": "433.88300", "2014-12-31": "435.71000", "2013-12-31": "435.61500", "2012-12-31": "732.41400", "2011-12-31": "731.69800", "2010-12-31": "731.10000", "2009-12-31": "737.91900", "2008-12-31": "445.97900", "2007-12-31": "441.80500", "2006-12-31": "425.62500", "2005-12-31": "425.68700"}, "Other Non-Current Liabilities": {"2019-12-31": "160.92300", "2018-12-31": "147.76600", "2017-12-31": "183.27600", "2016-12-31": "140.53700", "2015-12-31": "110.50600", "2014-12-31": "118.73500", "2013-12-31": "116.87100", "2012-12-31": "108.09500", "2011-12-31": "76.08600", "2010-12-31": "64.78000", "2009-12-31": "55.85500", "2008-12-31": "60.04100", "2007-12-31": "58.28200", "2006-12-31": "23.96000", "2005-12-31": "21.39700"}, "Total Long Term Liabilities": {"2019-12-31": "1348.30700", "2018-12-31": "1139.94200", "2017-12-31": "840.06600", "2016-12-31": "800.02200", "2015-12-31": "777.86400", "2014-12-31": "709.36200", "2013-12-31": "714.59590", "2012-12-31": "955.56300", "2011-12-31": "893.30600", "2010-12-31": "855.61790", "2009-12-31": "836.66800", "2008-12-31": "548.59000", "2007-12-31": "585.73600", "2006-12-31": "457.09700", "2005-12-31": "449.36500"}, "Total Liabilities": {"2019-12-31": "2253.80200", "2018-12-31": "1590.73700", "2017-12-31": "1342.76200", "2016-12-31": "1271.34400", "2015-12-31": "1219.21500", "2014-12-31": "1156.12300", "2013-12-31": "1202.06800", "2012-12-31": "1427.96300", "2011-12-31": "1352.42100", "2010-12-31": "1522.24500", "2009-12-31": "1256.64000", "2008-12-31": "966.62400", "2007-12-31": "999.90400", "2006-12-31": "776.63000", "2005-12-31": "768.60800"}, "Common Stock Net": {"2019-12-31": "0.00300", "2018-12-31": "0.00300", "2017-12-31": "0.00300", "2016-12-31": "0.00300", "2015-12-31": "0.00300", "2014-12-31": "0.00300", "2013-12-31": "0.00300", "2012-12-31": "0.00300", "2011-12-31": "0.00300", "2010-12-31": "0.00300", "2009-12-31": "0.00300", "2008-12-31": "0.00300", "2007-12-31": "0.00300", "2006-12-31": "0.00300", "2005-12-31": "0.00300"}, "Retained Earnings (Accumulated Deficit)": {"2019-12-31": "5470.77900", "2018-12-31": "3722.07300", "2017-12-31": "1830.43900", "2016-12-31": "1828.58100", "2015-12-31": "1808.05500", "2014-12-31": "1694.96200", "2013-12-31": "1606.11700", "2012-12-31": "1528.32700", "2011-12-31": "1359.91000", "2010-12-31": "1181.68700", "2009-12-31": "996.19700", "2008-12-31": "851.57700", "2007-12-31": "762.06700", "2006-12-31": "674.07000", "2005-12-31": "570.80700"}, "Comprehensive Income": {"2019-12-31": "-87.34800", "2018-12-31": "-46.95800", "2017-12-31": "738.79400", "2016-12-31": "417.76600", "2015-12-31": "382.13800", "2014-12-31": "218.94500", "2013-12-31": "340.71700", "2012-12-31": "274.53200", "2011-12-31": "198.69000", "2010-12-31": "198.02000", "2009-12-31": "133.08200", "2008-12-31": "65.15800", "2007-12-31": "110.99100", "2006-12-31": "67.23500", "2005-12-31": "27.05200"}, "Other Share Holders Equity": {"2019-12-31": "", "2018-12-31": "", "2017-12-31": "", "2016-12-31": "", "2015-12-31": "", "2014-12-31": "", "2013-12-31": "", "2012-12-31": "", "2011-12-31": "", "2010-12-31": "", "2009-12-31": "", "2008-12-31": "", "2007-12-31": "", "2006-12-31": "", "2005-12-31": ""}, "Share Holder Equity": {"2019-12-31": "5755.05700", "2018-12-31": "4020.33100", "2017-12-31": "2930.25000", "2016-12-31": "2579.16000", "2015-12-31": "2490.50300", "2014-12-31": "2185.15500", "2013-12-31": "2186.72200", "2012-12-31": "2015.54000", "2011-12-31": "1744.38200", "2010-12-31": "1540.51900", "2009-12-31": "1279.21300", "2008-12-31": "1070.64000", "2007-12-31": "971.69000", "2006-12-31": "819.53800", "2005-12-31": "657.97400"}, "Total Liabilities And Share Holders Equity": {"2019-12-31": "8008.85900", "2018-12-31": "5611.06800", "2017-12-31": "4273.01200", "2016-12-31": "3850.50400", "2015-12-31": "3709.71800", "2014-12-31": "3341.27800", "2013-12-31": "3388.79000", "2012-12-31": "3443.50300", "2011-12-31": "3096.80300", "2010-12-31": "3062.76400", "2009-12-31": "2535.85300", "2008-12-31": "2037.26400", "2007-12-31": "1971.59400", "2006-12-31": "1596.16800", "2005-12-31": "1426.58200"}}, "balance sheet, quarterly": {"Cash On Hand": {"2020-09-30": "1159.98700", "2020-06-30": "1037.37000", "2020-03-31": "1042.26100", "2019-12-31": "1120.20500", "2019-09-30": "984.80800", "2019-06-30": "987.41600", "2019-03-31": "864.54900", "2018-12-31": "850.35600", "2018-09-30": "866.13000", "2018-06-30": "823.80700", "2018-03-31": "768.49300", "2017-12-31": "760.53800", "2017-09-30": "721.01700", "2017-06-30": "717.41200", "2017-03-31": "678.63500", "2016-12-31": "844.00000", "2016-09-30": "810.32600", "2016-06-30": "795.80500", "2016-03-31": "752.87000", "2015-12-31": "790.47700", "2015-09-30": "786.07800", "2015-06-30": "727.64600", "2015-03-31": "710.68600", "2014-12-31": "697.63500", "2014-09-30": "702.57800", "2014-06-30": "647.57800", "2014-03-31": "641.33300", "2013-12-31": "608.92000", "2013-09-30": "561.82000", "2013-06-30": "834.43200", "2013-03-31": "836.83200", "2012-12-31": "921.07300", "2012-09-30": "853.62100", "2012-06-30": "835.25700", "2012-03-31": "807.05000", "2011-12-31": "813.11500", "2011-09-30": "910.20200", "2011-06-30": "886.24800", "2011-03-31": "797.96910", "2010-12-31": "1031.60900", "2010-09-30": "738.00000", "2010-06-30": "717.70900", "2010-03-31": "691.78200", "2009-12-31": "744.81400", "2009-09-30": "642.10900", "2009-06-30": "563.35900", "2009-03-31": "222.83000", "2008-12-31": "243.47400", "2008-09-30": "234.31200", "2008-06-30": "227.15500", "2008-03-31": "177.12300", "2007-12-31": "223.74100", "2007-09-30": "543.40500", "2007-06-30": "502.86600", "2007-03-31": "471.73200", "2006-12-31": "488.08000", "2006-09-30": "481.57300", "2006-06-30": "433.96500", "2006-03-31": "394.76300", "2005-12-31": "449.19700", "2005-09-30": "394.33000", "2005-06-30": "378.94900", "2005-03-31": "383.80500"}, "Receivables": {"2020-09-30": "402.24100", "2020-06-30": "369.76700", "2020-03-31": "380.47600", "2019-12-31": "392.67200", "2019-09-30": "356.02500", "2019-06-30": "377.90400", "2019-03-31": "391.69900", "2018-12-31": "392.44300", "2018-09-30": "381.52600", "2018-06-30": "404.09100", "2018-03-31": "430.36100", "2017-12-31": "464.84700", "2017-09-30": "419.70800", "2017-06-30": "392.84200", "2017-03-31": "373.44300", "2016-12-31": "372.34800", "2016-09-30": "367.66200", "2016-06-30": "366.28100", "2016-03-31": "381.10000", "2015-12-31": "391.48500", "2015-09-30": "341.54800", "2015-06-30": "354.16100", "2015-03-31": "342.22300", "2014-12-31": "377.64000", "2014-09-30": "354.40100", "2014-06-30": "378.89100", "2014-03-31": "383.92800", "2013-12-31": "422.66000", "2013-09-30": "383.47100", "2013-06-30": "395.97400", "2013-03-31": "377.54800", "2012-12-31": "398.73900", "2012-09-30": "375.80000", "2012-06-30": "373.81700", "2012-03-31": "387.61900", "2011-12-31": "398.67400", "2011-09-30": "375.03100", "2011-06-30": "394.91300", "2011-03-31": "388.55400", "2010-12-31": "387.99600", "2010-09-30": "368.60300", "2010-06-30": "335.35400", "2010-03-31": "344.98900", "2009-12-31": "345.73400", "2009-09-30": "350.76200", "2009-06-30": "335.82800", "2009-03-31": "326.30700", "2008-12-31": "339.65300", "2008-09-30": "348.25300", "2008-06-30": "376.98500", "2008-03-31": "366.50900", "2007-12-31": "358.07600", "2007-09-30": "303.20100", "2007-06-30": "303.26600", "2007-03-31": "290.11600", "2006-12-31": "292.97000", "2006-09-30": "273.36700", "2006-06-30": "273.01400", "2006-03-31": "259.23100", "2005-12-31": "247.19200", "2005-09-30": "244.46600", "2005-06-30": "243.38700", "2005-03-31": "250.96800"}, "Inventory": {"2020-09-30": "640.22800", "2020-06-30": "628.40100", "2020-03-31": "557.02900", "2019-12-31": "554.00700", "2019-09-30": "587.98700", "2019-06-30": "589.89700", "2019-03-31": "590.43800", "2018-12-31": "583.81500", "2018-09-30": "601.05300", "2018-06-30": "591.43300", "2018-03-31": "612.21700", "2017-12-31": "594.80400", "2017-09-30": "601.57100", "2017-06-30": "580.58100", "2017-03-31": "559.81900", "2016-12-31": "524.96100", "2016-09-30": "556.35800", "2016-06-30": "541.51400", "2016-03-31": "533.31200", "2015-12-31": "490.22400", "2015-09-30": "512.73600", "2015-06-30": "500.97500", "2015-03-31": "478.37500", "2014-12-31": "470.99700", "2014-09-30": "516.04700", "2014-06-30": "520.64200", "2014-03-31": "513.85200", "2013-12-31": "516.24500", "2013-09-30": "523.50300", "2013-06-30": "484.66700", "2013-03-31": "467.32100", "2012-12-31": "455.12000", "2012-09-30": "458.42800", "2012-06-30": "449.45700", "2012-03-31": "463.36900", "2011-12-31": "433.51000", "2011-09-30": "445.58100", "2011-06-30": "449.33700", "2011-03-31": "429.97500", "2010-12-31": "398.10000", "2010-09-30": "402.88300", "2010-06-30": "370.27200", "2010-03-31": "380.70700", "2009-12-31": "351.20600", "2009-09-30": "383.89600", "2009-06-30": "377.59400", "2009-03-31": "369.04100", "2008-12-31": "375.61600", "2008-09-30": "383.26600", "2008-06-30": "382.68400", "2008-03-31": "365.05900", "2007-12-31": "321.01500", "2007-09-30": "273.57500", "2007-06-30": "265.18500", "2007-03-31": "259.96500", "2006-12-31": "253.04500", "2006-09-30": "246.20700", "2006-06-30": "244.33900", "2006-03-31": "225.84400", "2005-12-31": "212.34200", "2005-09-30": "223.14600", "2005-06-30": "211.52600", "2005-03-31": "208.92000"}, "Pre-Paid Expenses": {"2020-09-30": "111.29600", "2020-06-30": "91.79700", "2020-03-31": "94.78700", "2019-12-31": "102.33100", "2019-09-30": "109.58400", "2019-06-30": "122.42000", "2019-03-31": "163.95900", "2018-12-31": "187.24900", "2018-09-30": "", "2018-06-30": "", "2018-03-31": "", "2017-12-31": "146.13500", "2017-09-30": "141.22800", "2017-06-30": "125.65500", "2017-03-31": "", "2016-12-31": "91.01400", "2016-09-30": "", "2016-06-30": "", "2016-03-31": "", "2015-12-31": "94.36900", "2015-09-30": "", "2015-06-30": "", "2015-03-31": "", "2014-12-31": "108.34800", "2014-09-30": "191.41900", "2014-06-30": "220.38300", "2014-03-31": "227.69700", "2013-12-31": "130.63700", "2013-09-30": "131.35700", "2013-06-30": "187.96300", "2013-03-31": "183.47900", "2012-12-31": "92.49000", "2012-09-30": "157.59200", "2012-06-30": "152.54100", "2012-03-31": "159.41000", "2011-12-31": "99.07900", "2011-09-30": "146.88900", "2011-06-30": "159.15800", "2011-03-31": "180.81200", "2010-12-31": "109.62000", "2010-09-30": "142.22300", "2010-06-30": "132.49200", "2010-03-31": "125.80900", "2009-12-31": "77.81800", "2009-09-30": "126.63400", "2009-06-30": "121.05400", "2009-03-31": "131.74400", "2008-12-31": "93.79000", "2008-09-30": "117.61500", "2008-06-30": "132.95800", "2008-03-31": "140.34000", "2007-12-31": "89.69200", "2007-09-30": "99.38100", "2007-06-30": "96.42200", "2007-03-31": "107.87900", "2006-12-31": "59.82000", "2006-09-30": "91.56600", "2006-06-30": "106.85500", "2006-03-31": "111.81100", "2005-12-31": "68.49600", "2005-09-30": "90.70100", "2005-06-30": "83.49600", "2005-03-31": "77.36200"}, "Other Current Assets": {"2020-09-30": "10.10900", "2020-06-30": "5.24900", "2020-03-31": "8.03400", "2019-12-31": "10.94000", "2019-09-30": "9.22800", "2019-06-30": "10.30300", "2019-03-31": "20.99800", "2018-12-31": "9.61500", "2018-09-30": "185.48800", "2018-06-30": "173.00300", "2018-03-31": "166.04500", "2017-12-31": "10.32500", "2017-09-30": "8.92700", "2017-06-30": "10.03800", "2017-03-31": "120.67400", "2016-12-31": "12.20100", "2016-09-30": "115.75700", "2016-06-30": "102.08800", "2016-03-31": "107.98200", "2015-12-31": "11.04100", "2015-09-30": "154.05400", "2015-06-30": "159.14600", "2015-03-31": "170.56000", "2014-12-31": "61.74700", "2014-09-30": "", "2014-06-30": "", "2014-03-31": "", "2013-12-31": "79.01700", "2013-09-30": "74.39200", "2013-06-30": "", "2013-03-31": "", "2012-12-31": "69.26000", "2012-09-30": "", "2012-06-30": "", "2012-03-31": "", "2011-12-31": "", "2011-09-30": "", "2011-06-30": "", "2011-03-31": "", "2010-12-31": "", "2010-09-30": "", "2010-06-30": "", "2010-03-31": "", "2009-12-31": "", "2009-09-30": "", "2009-06-30": "", "2009-03-31": "", "2008-12-31": "", "2008-09-30": "", "2008-06-30": "", "2008-03-31": "", "2007-12-31": "", "2007-09-30": "", "2007-06-30": "", "2007-03-31": "", "2006-12-31": "", "2006-09-30": "", "2006-06-30": "", "2006-03-31": "", "2005-12-31": "", "2005-09-30": "", "2005-06-30": "", "2005-03-31": ""}, "Total Current Assets": {"2020-09-30": "2323.86100", "2020-06-30": "2132.58400", "2020-03-31": "2082.58700", "2019-12-31": "2180.15500", "2019-09-30": "2047.63200", "2019-06-30": "2087.94000", "2019-03-31": "2031.64300", "2018-12-31": "2023.47800", "2018-09-30": "2034.19700", "2018-06-30": "1992.33400", "2018-03-31": "1977.11600", "2017-12-31": "1976.64900", "2017-09-30": "1892.45100", "2017-06-30": "1826.52800", "2017-03-31": "1732.57100", "2016-12-31": "1844.52400", "2016-09-30": "1850.10300", "2016-06-30": "1805.68800", "2016-03-31": "1775.26400", "2015-12-31": "1777.59600", "2015-09-30": "1794.41600", "2015-06-30": "1741.92800", "2015-03-31": "1701.84400", "2014-12-31": "1716.36700", "2014-09-30": "1764.44500", "2014-06-30": "1767.49400", "2014-03-31": "1766.81000", "2013-12-31": "1757.47900", "2013-09-30": "1674.54300", "2013-06-30": "1903.03600", "2013-03-31": "1865.18000", "2012-12-31": "1936.68200", "2012-09-30": "1845.44100", "2012-06-30": "1811.07200", "2012-03-31": "1817.44800", "2011-12-31": "1798.15500", "2011-09-30": "1877.70300", "2011-06-30": "1889.65600", "2011-03-31": "1797.31000", "2010-12-31": "1975.34600", "2010-09-30": "1651.70900", "2010-06-30": "1555.82700", "2010-03-31": "1543.28700", "2009-12-31": "1562.67400", "2009-09-30": "1503.40100", "2009-06-30": "1397.83500", "2009-03-31": "1049.92200", "2008-12-31": "1093.94100", "2008-09-30": "1083.44600", "2008-06-30": "1119.78200", "2008-03-31": "1049.03100", "2007-12-31": "1028.97400", "2007-09-30": "1219.56200", "2007-06-30": "1167.73900", "2007-03-31": "1129.69200", "2006-12-31": "1129.77700", "2006-09-30": "1092.71300", "2006-06-30": "1058.17300", "2006-03-31": "991.64900", "2005-12-31": "1008.21100", "2005-09-30": "952.64300", "2005-06-30": "917.35800", "2005-03-31": "921.05500"}, "Property, Plant, And Equipment": {"2020-09-30": "480.94900", "2020-06-30": "481.43000", "2020-03-31": "486.17400", "2019-12-31": "499.33900", "2019-09-30": "495.87600", "2019-06-30": "499.18000", "2019-03-31": "502.95200", "2018-12-31": "508.69000", "2018-09-30": "484.32300", "2018-06-30": "490.24900", "2018-03-31": "499.70800", "2017-12-31": "493.49600", "2017-09-30": "500.68700", "2017-06-30": "503.32900", "2017-03-31": "505.10400", "2016-12-31": "488.61400", "2016-09-30": "474.66700", "2016-06-30": "457.68500", "2016-03-31": "449.22600", "2015-12-31": "437.69000", "2015-09-30": "433.82200", "2015-06-30": "439.64400", "2015-03-31": "428.30000", "2014-12-31": "428.83600", "2014-09-30": "420.89700", "2014-06-30": "440.32600", "2014-03-31": "430.87600", "2013-12-31": "414.40100", "2013-09-30": "425.07600", "2013-06-30": "418.53000", "2013-03-31": "422.69900", "2012-12-31": "416.93800", "2012-09-30": "397.94900", "2012-06-30": "380.65600", "2012-03-31": "369.19900", "2011-12-31": "349.50100", "2011-09-30": "338.94200", "2011-06-30": "348.43900", "2011-03-31": "337.62500", "2010-12-31": "333.61700", "2010-09-30": "321.50700", "2010-06-30": "305.93600", "2010-03-31": "313.54900", "2009-12-31": "302.41700", "2009-09-30": "305.92100", "2009-06-30": "302.83600", "2009-03-31": "294.61100", "2008-12-31": "300.73200", "2008-09-30": "293.12800", "2008-06-30": "290.73700", "2008-03-31": "287.57300", "2007-12-31": "271.56100", "2007-09-30": "201.60800", "2007-06-30": "191.60500", "2007-03-31": "188.76300", "2006-12-31": "189.62700", "2006-09-30": "182.72800", "2006-06-30": "183.78300", "2006-03-31": "180.77400", "2005-12-31": "180.25800", "2005-09-30": "182.04500", "2005-06-30": "189.80200", "2005-03-31": "197.30300"}, "Long-Term Investments": {"2020-09-30": "8439.89700", "2020-06-30": "6703.03900", "2020-03-31": "5434.76000", "2019-12-31": "4638.20500", "2019-09-30": "3931.71500", "2019-06-30": "4417.24000", "2019-03-31": "3671.91200", "2018-12-31": "2655.70900", "2018-09-30": "3474.32100", "2018-06-30": "3170.82000", "2018-03-31": "2981.76800", "2017-12-31": "1027.73600", "2017-09-30": "1032.80100", "2017-06-30": "1040.95900", "2017-03-31": "955.62000", "2016-12-31": "830.79000", "2016-09-30": "903.65800", "2016-06-30": "810.46300", "2016-03-31": "711.43700", "2015-12-31": "719.84000", "2015-09-30": "663.53300", "2015-06-30": "541.73200", "2015-03-31": "400.26200", "2014-12-31": "389.30900", "2014-09-30": "364.12900", "2014-06-30": "382.91300", "2014-03-31": "420.24100", "2013-12-31": "377.87000", "2013-09-30": "354.73300", "2013-06-30": "", "2013-03-31": "", "2012-12-31": "293.61300", "2012-09-30": "", "2012-06-30": "", "2012-03-31": "", "2011-12-31": "", "2011-09-30": "", "2011-06-30": "", "2011-03-31": "", "2010-12-31": "", "2010-09-30": "", "2010-06-30": "", "2010-03-31": "", "2009-12-31": "", "2009-09-30": "", "2009-06-30": "", "2009-03-31": "", "2008-12-31": "", "2008-09-30": "", "2008-06-30": "", "2008-03-31": "", "2007-12-31": "", "2007-09-30": "", "2007-06-30": "", "2007-03-31": "", "2006-12-31": "", "2006-09-30": "", "2006-06-30": "", "2006-03-31": "", "2005-12-31": "", "2005-09-30": "", "2005-06-30": "", "2005-03-31": ""}, "Goodwill And Intangible Assets": {"2020-09-30": "497.22100", "2020-06-30": "502.87100", "2020-03-31": "402.44800", "2019-12-31": "409.65600", "2019-09-30": "411.04900", "2019-06-30": "362.87700", "2019-03-31": "369.92300", "2018-12-31": "352.89300", "2018-09-30": "652.56500", "2018-06-30": "658.05700", "2018-03-31": "678.57100", "2017-12-31": "680.18200", "2017-09-30": "701.83900", "2017-06-30": "715.10600", "2017-03-31": "706.80500", "2016-12-31": "638.72400", "2016-09-30": "727.47700", "2016-06-30": "736.02000", "2016-03-31": "751.84600", "2015-12-31": "709.97400", "2015-09-30": "728.60800", "2015-06-30": "751.78400", "2015-03-31": "746.39200", "2014-12-31": "754.66900", "2014-09-30": "786.98100", "2014-06-30": "827.77000", "2014-03-31": "776.96900", "2013-12-31": "783.95800", "2013-09-30": "789.75900", "2013-06-30": "778.80100", "2013-03-31": "788.86690", "2012-12-31": "756.35700", "2012-09-30": "758.22100", "2012-06-30": "707.49800", "2012-03-31": "738.37200", "2011-12-31": "728.43010", "2011-09-30": "551.45500", "2011-06-30": "594.55000", "2011-03-31": "567.76500", "2010-12-31": "567.86200", "2010-09-30": "558.47600", "2010-06-30": "529.30800", "2010-03-31": "548.42700", "2009-12-31": "532.40500", "2009-09-30": "544.19900", "2009-06-30": "532.19700", "2009-03-31": "519.16100", "2008-12-31": "550.41000", "2008-09-30": "525.41000", "2008-06-30": "569.12000", "2008-03-31": "585.28500", "2007-12-31": "538.74300", "2007-09-30": "164.02700", "2007-06-30": "165.76400", "2007-03-31": "163.71200", "2006-12-31": "164.09700", "2006-09-30": "138.20200", "2006-06-30": "139.51400", "2006-03-31": "140.54500", "2005-12-31": "141.72500", "2005-09-30": "163.98500", "2005-06-30": "166.53600", "2005-03-31": "169.77100"}, "Other Long-Term Assets": {"2020-09-30": "82.35100", "2020-06-30": "79.79500", "2020-03-31": "77.90300", "2019-12-31": "79.63600", "2019-09-30": "73.32800", "2019-06-30": "64.20100", "2019-03-31": "64.88700", "2018-12-31": "70.29800", "2018-09-30": "73.25600", "2018-06-30": "74.76300", "2018-03-31": "77.74900", "2017-12-31": "94.94900", "2017-09-30": "57.95000", "2017-06-30": "57.53700", "2017-03-31": "52.66900", "2016-12-31": "47.85200", "2016-09-30": "63.82100", "2016-06-30": "64.77900", "2016-03-31": "65.64000", "2015-12-31": "64.61800", "2015-09-30": "46.01700", "2015-06-30": "50.25500", "2015-03-31": "49.39800", "2014-12-31": "52.09700", "2014-09-30": "49.57200", "2014-06-30": "49.24800", "2014-03-31": "46.48200", "2013-12-31": "55.08200", "2013-09-30": "36.29700", "2013-06-30": "382.45400", "2013-03-31": "380.05700", "2012-12-31": "39.91300", "2012-09-30": "301.40500", "2012-06-30": "269.66900", "2012-03-31": "262.85500", "2011-12-31": "209.52800", "2011-09-30": "201.69500", "2011-06-30": "211.60000", "2011-03-31": "206.07300", "2010-12-31": "172.96300", "2010-09-30": "150.51200", "2010-06-30": "136.05300", "2010-03-31": "141.60900", "2009-12-31": "125.08500", "2009-09-30": "124.68500", "2009-06-30": "111.58900", "2009-03-31": "91.61400", "2008-12-31": "79.82000", "2008-09-30": "112.96100", "2008-06-30": "119.28100", "2008-03-31": "131.39900", "2007-12-31": "111.88700", "2007-09-30": "127.28700", "2007-06-30": "129.63500", "2007-03-31": "124.87600", "2006-12-31": "103.56700", "2006-09-30": "109.99200", "2006-06-30": "112.56600", "2006-03-31": "101.81700", "2005-12-31": "82.38500", "2005-09-30": "127.31800", "2005-06-30": "118.87900", "2005-03-31": "110.78500"}, "Total Long-Term Assets": {"2020-09-30": "9697.07000", "2020-06-30": "7964.72300", "2020-03-31": "6601.77100", "2019-12-31": "5828.70500", "2019-09-30": "5129.48400", "2019-06-30": "5559.00500", "2019-03-31": "4831.27100", "2018-12-31": "3587.59000", "2018-09-30": "4684.46500", "2018-06-30": "4393.88900", "2018-03-31": "4237.79600", "2017-12-31": "2296.36300", "2017-09-30": "2293.27700", "2017-06-30": "2316.93100", "2017-03-31": "2220.19800", "2016-12-31": "2005.98000", "2016-09-30": "2169.62300", "2016-06-30": "2068.94700", "2016-03-31": "1978.14900", "2015-12-31": "1932.12200", "2015-09-30": "1871.98000", "2015-06-30": "1783.41500", "2015-03-31": "1624.35200", "2014-12-31": "1624.91100", "2014-09-30": "1621.57900", "2014-06-30": "1700.25700", "2014-03-31": "1674.56800", "2013-12-31": "1631.31100", "2013-09-30": "1605.86500", "2013-06-30": "1579.78500", "2013-03-31": "1591.62300", "2012-12-31": "1506.82100", "2012-09-30": "1457.57500", "2012-06-30": "1357.82300", "2012-03-31": "1370.42600", "2011-12-31": "1298.64800", "2011-09-30": "1092.09200", "2011-06-30": "1154.58900", "2011-03-31": "1111.46300", "2010-12-31": "1087.41800", "2010-09-30": "1030.49500", "2010-06-30": "971.29700", "2010-03-31": "1003.58500", "2009-12-31": "973.17900", "2009-09-30": "974.80500", "2009-06-30": "946.62200", "2009-03-31": "905.38600", "2008-12-31": "943.32310", "2008-09-30": "931.49900", "2008-06-30": "979.13800", "2008-03-31": "1004.25700", "2007-12-31": "942.62000", "2007-09-30": "492.92200", "2007-06-30": "487.00400", "2007-03-31": "477.35100", "2006-12-31": "466.39100", "2006-09-30": "430.92200", "2006-06-30": "435.86300", "2006-03-31": "423.13600", "2005-12-31": "418.37100", "2005-09-30": "473.34800", "2005-06-30": "475.21700", "2005-03-31": "477.85900"}, "Total Assets": {"2020-09-30": "12020.93000", "2020-06-30": "10097.31000", "2020-03-31": "8684.35900", "2019-12-31": "8008.85900", "2019-09-30": "7177.11600", "2019-06-30": "7646.94500", "2019-03-31": "6862.91400", "2018-12-31": "5611.06800", "2018-09-30": "6718.66200", "2018-06-30": "6386.22300", "2018-03-31": "6214.91200", "2017-12-31": "4273.01200", "2017-09-30": "4185.72800", "2017-06-30": "4143.45900", "2017-03-31": "3952.76900", "2016-12-31": "3850.50400", "2016-09-30": "4019.72600", "2016-06-30": "3874.63500", "2016-03-31": "3753.41300", "2015-12-31": "3709.71800", "2015-09-30": "3666.39600", "2015-06-30": "3525.34300", "2015-03-31": "3326.19600", "2014-12-31": "3341.27800", "2014-09-30": "3386.02400", "2014-06-30": "3467.75100", "2014-03-31": "3441.37800", "2013-12-31": "3388.79000", "2013-09-30": "3280.40800", "2013-06-30": "3482.82100", "2013-03-31": "3456.80300", "2012-12-31": "3443.50300", "2012-09-30": "3303.01600", "2012-06-30": "3168.89500", "2012-03-31": "3187.87400", "2011-12-31": "3096.80300", "2011-09-30": "2969.79500", "2011-06-30": "3044.24500", "2011-03-31": "2908.77300", "2010-12-31": "3062.76400", "2010-09-30": "2682.20400", "2010-06-30": "2527.12400", "2010-03-31": "2546.87200", "2009-12-31": "2535.85300", "2009-09-30": "2478.20600", "2009-06-30": "2344.45700", "2009-03-31": "1955.30800", "2008-12-31": "2037.26400", "2008-09-30": "2014.94500", "2008-06-30": "2098.92000", "2008-03-31": "2053.28800", "2007-12-31": "1971.59400", "2007-09-30": "1712.48400", "2007-06-30": "1654.74300", "2007-03-31": "1607.04300", "2006-12-31": "1596.16800", "2006-09-30": "1523.63500", "2006-06-30": "1494.03600", "2006-03-31": "1414.78500", "2005-12-31": "1426.58200", "2005-09-30": "1425.99100", "2005-06-30": "1392.57500", "2005-03-31": "1398.91400"}, "Total Current Liabilities": {"2020-09-30": "986.65700", "2020-06-30": "926.89500", "2020-03-31": "869.25400", "2019-12-31": "905.49500", "2019-09-30": "434.04000", "2019-06-30": "445.97700", "2019-03-31": "444.30600", "2018-12-31": "450.79500", "2018-09-30": "453.15900", "2018-06-30": "442.42100", "2018-03-31": "456.19800", "2017-12-31": "502.69600", "2017-09-30": "466.45600", "2017-06-30": "455.11000", "2017-03-31": "407.50400", "2016-12-31": "471.32200", "2016-09-30": "442.71800", "2016-06-30": "410.40500", "2016-03-31": "400.88800", "2015-12-31": "441.35100", "2015-09-30": "435.23500", "2015-06-30": "403.89400", "2015-03-31": "416.88200", "2014-12-31": "446.76100", "2014-09-30": "503.78300", "2014-06-30": "480.24800", "2014-03-31": "481.25100", "2013-12-31": "487.47200", "2013-09-30": "462.88500", "2013-06-30": "431.24400", "2013-03-31": "446.74000", "2012-12-31": "472.40000", "2012-09-30": "433.66600", "2012-06-30": "417.18400", "2012-03-31": "444.08000", "2011-12-31": "459.11500", "2011-09-30": "415.32600", "2011-06-30": "442.84400", "2011-03-31": "427.59100", "2010-12-31": "666.62700", "2010-09-30": "410.69400", "2010-06-30": "389.49500", "2010-03-31": "398.17000", "2009-12-31": "419.97200", "2009-09-30": "415.69500", "2009-06-30": "383.60900", "2009-03-31": "355.87900", "2008-12-31": "418.03400", "2008-09-30": "385.81400", "2008-06-30": "408.08700", "2008-03-31": "387.44600", "2007-12-31": "414.16800", "2007-09-30": "286.46100", "2007-06-30": "281.84900", "2007-03-31": "272.09100", "2006-12-31": "319.53300", "2006-09-30": "281.31200", "2006-06-30": "281.02100", "2006-03-31": "259.13200", "2005-12-31": "319.24300", "2005-09-30": "299.23300", "2005-06-30": "290.84800", "2005-03-31": "298.48000"}, "Long Term Debt": {"2020-09-30": "12.24100", "2020-06-30": "12.23300", "2020-03-31": "12.20500", "2019-12-31": "13.57900", "2019-09-30": "437.80800", "2019-06-30": "437.68000", "2019-03-31": "437.60600", "2018-12-31": "438.93700", "2018-09-30": "438.80300", "2018-06-30": "438.77600", "2018-03-31": "434.67800", "2017-12-31": "434.58100", "2017-09-30": "434.47500", "2017-06-30": "434.38600", "2017-03-31": "434.28900", "2016-12-31": "434.18600", "2016-09-30": "434.13700", "2016-06-30": "434.05700", "2016-03-31": "433.98000", "2015-12-31": "433.88300", "2015-09-30": "435.72800", "2015-06-30": "435.66000", "2015-03-31": "435.66100", "2014-12-31": "435.71000", "2014-09-30": "435.73900", "2014-06-30": "435.60700", "2014-03-31": "435.61100", "2013-12-31": "435.61500", "2013-09-30": "435.54100", "2013-06-30": "732.80000", "2013-03-31": "732.58600", "2012-12-31": "732.41400", "2012-09-30": "732.23300", "2012-06-30": "732.05400", "2012-03-31": "731.89900", "2011-12-31": "731.69800", "2011-09-30": "731.59700", "2011-06-30": "731.33100", "2011-03-31": "731.21400", "2010-12-31": "731.10000", "2010-09-30": "733.57400", "2010-06-30": "734.33900", "2010-03-31": "738.66200", "2009-12-31": "737.91900", "2009-09-30": "738.68700", "2009-06-30": "738.45400", "2009-03-31": "444.20900", "2008-12-31": "445.97900", "2008-09-30": "446.37800", "2008-06-30": "440.68700", "2008-03-31": "442.44600", "2007-12-31": "441.80500", "2007-09-30": "426.14100", "2007-06-30": "426.16500", "2007-03-31": "425.50400", "2006-12-31": "425.62500", "2006-09-30": "425.75000", "2006-06-30": "425.87300", "2006-03-31": "425.97100", "2005-12-31": "425.68700", "2005-09-30": "425.81200", "2005-06-30": "425.86400", "2005-03-31": "425.80700"}, "Other Non-Current Liabilities": {"2020-09-30": "182.08500", "2020-06-30": "175.02100", "2020-03-31": "173.25700", "2019-12-31": "160.92300", "2019-09-30": "143.47500", "2019-06-30": "145.34700", "2019-03-31": "143.68400", "2018-12-31": "147.76600", "2018-09-30": "172.27100", "2018-06-30": "179.17400", "2018-03-31": "190.98800", "2017-12-31": "183.27600", "2017-09-30": "147.77900", "2017-06-30": "148.12300", "2017-03-31": "403.51000", "2016-12-31": "140.53700", "2016-09-30": "140.53500", "2016-06-30": "415.61200", "2016-03-31": "374.09600", "2015-12-31": "110.50600", "2015-09-30": "111.06000", "2015-06-30": "114.93300", "2015-03-31": "275.14000", "2014-12-31": "118.73500", "2014-09-30": "269.77200", "2014-06-30": "301.95200", "2014-03-31": "291.91300", "2013-12-31": "116.87100", "2013-09-30": "257.74200", "2013-06-30": "247.83500", "2013-03-31": "246.26000", "2012-12-31": "108.09500", "2012-09-30": "201.63500", "2012-06-30": "167.16500", "2012-03-31": "171.84900", "2011-12-31": "76.08600", "2011-09-30": "129.22600", "2011-06-30": "144.15500", "2011-03-31": "136.48000", "2010-12-31": "64.78000", "2010-09-30": "109.80400", "2010-06-30": "100.55800", "2010-03-31": "109.11700", "2009-12-31": "55.85500", "2009-09-30": "54.93500", "2009-06-30": "52.33500", "2009-03-31": "56.95600", "2008-12-31": "60.04100", "2008-09-30": "60.40600", "2008-06-30": "61.40900", "2008-03-31": "62.10700", "2007-12-31": "58.28200", "2007-09-30": "41.49300", "2007-06-30": "38.59200", "2007-03-31": "36.57700", "2006-12-31": "23.96000", "2006-09-30": "24.25600", "2006-06-30": "23.84800", "2006-03-31": "22.19400", "2005-12-31": "21.39700", "2005-09-30": "20.70200", "2005-06-30": "20.20800", "2005-03-31": "23.75300"}, "Total Long Term Liabilities": {"2020-09-30": "2209.12900", "2020-06-30": "1817.01000", "2020-03-31": "1522.02600", "2019-12-31": "1348.30700", "2019-09-30": "1611.88400", "2019-06-30": "1714.15800", "2019-03-31": "1554.75300", "2018-12-31": "1139.94200", "2018-09-30": "1365.02200", "2018-06-30": "1304.85600", "2018-03-31": "1270.62300", "2017-12-31": "840.06600", "2017-09-30": "870.82500", "2017-06-30": "877.35200", "2017-03-31": "837.79900", "2016-12-31": "800.02200", "2016-09-30": "874.31700", "2016-06-30": "849.66900", "2016-03-31": "808.07600", "2015-12-31": "777.86400", "2015-09-30": "801.43200", "2015-06-30": "762.55200", "2015-03-31": "710.80100", "2014-12-31": "709.36200", "2014-09-30": "705.51100", "2014-06-30": "737.55900", "2014-03-31": "727.52400", "2013-12-31": "714.59590", "2013-09-30": "693.28300", "2013-06-30": "980.63500", "2013-03-31": "978.84600", "2012-12-31": "955.56300", "2012-09-30": "933.86800", "2012-06-30": "899.21900", "2012-03-31": "903.74800", "2011-12-31": "893.30600", "2011-09-30": "860.82300", "2011-06-30": "875.48600", "2011-03-31": "867.69400", "2010-12-31": "855.61790", "2010-09-30": "843.37800", "2010-06-30": "834.89700", "2010-03-31": "847.77900", "2009-12-31": "836.66800", "2009-09-30": "834.84000", "2009-06-30": "833.20700", "2009-03-31": "541.13000", "2008-12-31": "548.59000", "2008-09-30": "578.89600", "2008-06-30": "576.27500", "2008-03-31": "583.57500", "2007-12-31": "585.73600", "2007-09-30": "479.68300", "2007-06-30": "476.09500", "2007-03-31": "474.28800", "2006-12-31": "457.09700", "2006-09-30": "457.58300", "2006-06-30": "456.90100", "2006-03-31": "452.99800", "2005-12-31": "449.36500", "2005-09-30": "477.80100", "2005-06-30": "473.08300", "2005-03-31": "476.14800"}, "Total Liabilities": {"2020-09-30": "3195.78600", "2020-06-30": "2743.90500", "2020-03-31": "2391.28000", "2019-12-31": "2253.80200", "2019-09-30": "2045.92400", "2019-06-30": "2160.13500", "2019-03-31": "1999.05900", "2018-12-31": "1590.73700", "2018-09-30": "1818.18100", "2018-06-30": "1747.27700", "2018-03-31": "1726.82100", "2017-12-31": "1342.76200", "2017-09-30": "1337.28100", "2017-06-30": "1332.46200", "2017-03-31": "1245.30300", "2016-12-31": "1271.34400", "2016-09-30": "1317.03500", "2016-06-30": "1260.07400", "2016-03-31": "1208.96400", "2015-12-31": "1219.21500", "2015-09-30": "1236.66700", "2015-06-30": "1166.44600", "2015-03-31": "1127.68300", "2014-12-31": "1156.12300", "2014-09-30": "1209.29400", "2014-06-30": "1217.80700", "2014-03-31": "1208.77500", "2013-12-31": "1202.06800", "2013-09-30": "1156.16800", "2013-06-30": "1411.87900", "2013-03-31": "1425.58600", "2012-12-31": "1427.96300", "2012-09-30": "1367.53400", "2012-06-30": "1316.40300", "2012-03-31": "1347.82800", "2011-12-31": "1352.42100", "2011-09-30": "1276.14900", "2011-06-30": "1318.33000", "2011-03-31": "1295.28500", "2010-12-31": "1522.24500", "2010-09-30": "1254.07200", "2010-06-30": "1224.39200", "2010-03-31": "1245.94900", "2009-12-31": "1256.64000", "2009-09-30": "1250.53500", "2009-06-30": "1216.81600", "2009-03-31": "897.00900", "2008-12-31": "966.62400", "2008-09-30": "964.71000", "2008-06-30": "984.36200", "2008-03-31": "971.02100", "2007-12-31": "999.90400", "2007-09-30": "766.14400", "2007-06-30": "757.94400", "2007-03-31": "746.37900", "2006-12-31": "776.63000", "2006-09-30": "738.89500", "2006-06-30": "737.92200", "2006-03-31": "712.13000", "2005-12-31": "768.60800", "2005-09-30": "777.03400", "2005-06-30": "763.93100", "2005-03-31": "774.62800"}, "Common Stock Net": {"2020-09-30": "0.00300", "2020-06-30": "0.00300", "2020-03-31": "0.00300", "2019-12-31": "0.00300", "2019-09-30": "0.00300", "2019-06-30": "0.00300", "2019-03-31": "0.00300", "2018-12-31": "0.00300", "2018-09-30": "0.00300", "2018-06-30": "0.00300", "2018-03-31": "0.00300", "2017-12-31": "0.00300", "2017-09-30": "0.00300", "2017-06-30": "0.00300", "2017-03-31": "0.00300", "2016-12-31": "0.00300", "2016-09-30": "0.00300", "2016-06-30": "0.00300", "2016-03-31": "0.00300", "2015-12-31": "0.00300", "2015-09-30": "0.00300", "2015-06-30": "0.00300", "2015-03-31": "0.00300", "2014-12-31": "0.00300", "2014-09-30": "0.00300", "2014-06-30": "0.00300", "2014-03-31": "0.00300", "2013-12-31": "0.00300", "2013-09-30": "0.00300", "2013-06-30": "0.00300", "2013-03-31": "0.00300", "2012-12-31": "0.00300", "2012-09-30": "0.00300", "2012-06-30": "0.00300", "2012-03-31": "0.00300", "2011-12-31": "0.00300", "2011-09-30": "0.00300", "2011-06-30": "0.00300", "2011-03-31": "0.00300", "2010-12-31": "0.00300", "2010-09-30": "0.00300", "2010-06-30": "0.00300", "2010-03-31": "0.00300", "2009-12-31": "0.00300", "2009-09-30": "0.00300", "2009-06-30": "0.00300", "2009-03-31": "0.00300", "2008-12-31": "0.00300", "2008-09-30": "0.00300", "2008-06-30": "0.00300", "2008-03-31": "0.00300", "2007-12-31": "0.00300", "2007-09-30": "0.00300", "2007-06-30": "0.00300", "2007-03-31": "0.00300", "2006-12-31": "0.00300", "2006-09-30": "0.00300", "2006-06-30": "0.00300", "2006-03-31": "0.00300", "2005-12-31": "0.00300", "2005-09-30": "0.00300", "2005-06-30": "0.00300", "2005-03-31": "0.00300"}, "Retained Earnings (Accumulated Deficit)": {"2020-09-30": "8428.92500", "2020-06-30": "7123.09300", "2020-03-31": "6156.69100", "2019-12-31": "5470.77900", "2019-09-30": "4917.31300", "2019-06-30": "5184.51100", "2019-03-31": "4585.70100", "2018-12-31": "3722.07300", "2018-09-30": "4550.60100", "2018-06-30": "4281.27500", "2018-03-31": "4013.23200", "2017-12-31": "1830.43900", "2017-09-30": "1880.76500", "2017-06-30": "1853.37200", "2017-03-31": "1848.33700", "2016-12-31": "1828.58100", "2016-09-30": "1856.75000", "2016-06-30": "1838.34500", "2016-03-31": "1820.33100", "2015-12-31": "1808.05500", "2015-09-30": "1758.57300", "2015-06-30": "1741.20300", "2015-03-31": "1712.78000", "2014-12-31": "1694.96200", "2014-09-30": "1655.92500", "2014-06-30": "1644.41600", "2014-03-31": "1612.78500", "2013-12-31": "1606.11700", "2013-09-30": "1575.98100", "2013-06-30": "1577.86100", "2013-03-31": "1543.18700", "2012-12-31": "1528.32700", "2012-09-30": "1481.64200", "2012-06-30": "1439.25800", "2012-03-31": "1390.91500", "2011-12-31": "1359.91000", "2011-09-30": "1300.67100", "2011-06-30": "1254.77400", "2011-03-31": "1214.72600", "2010-12-31": "1181.68700", "2010-09-30": "1113.77900", "2010-06-30": "1069.01500", "2010-03-31": "1031.05800", "2009-12-31": "996.19700", "2009-09-30": "958.33500", "2009-06-30": "919.81000", "2009-03-31": "881.84100", "2008-12-31": "851.57700", "2008-09-30": "859.79300", "2008-06-30": "831.96000", "2008-03-31": "788.56200", "2007-12-31": "762.06700", "2007-09-30": "749.71200", "2007-06-30": "721.74100", "2007-03-31": "696.07000", "2006-12-31": "674.07000", "2006-09-30": "657.42100", "2006-06-30": "634.27100", "2006-03-31": "602.00500", "2005-12-31": "570.80700", "2005-09-30": "557.35500", "2005-06-30": "541.13600", "2005-03-31": "522.74800"}, "Comprehensive Income": {"2020-09-30": "83.97100", "2020-06-30": "-61.14200", "2020-03-31": "-148.95500", "2019-12-31": "-87.34800", "2019-09-30": "-152.11300", "2019-06-30": "-49.57300", "2019-03-31": "-80.96500", "2018-12-31": "-46.95800", "2018-09-30": "-32.29900", "2018-06-30": "-18.71000", "2018-03-31": "104.08500", "2017-12-31": "738.79400", "2017-09-30": "617.16200", "2017-06-30": "610.94800", "2017-03-31": "516.64300", "2016-12-31": "417.76600", "2016-09-30": "521.40300", "2016-06-30": "459.56000", "2016-03-31": "415.34000", "2015-12-31": "382.13800", "2015-09-30": "379.38000", "2015-06-30": "332.04700", "2015-03-31": "207.44600", "2014-12-31": "218.94500", "2014-09-30": "261.03800", "2014-06-30": "351.28500", "2014-03-31": "372.59800", "2013-12-31": "340.71700", "2013-09-30": "316.32600", "2013-06-30": "267.39400", "2013-03-31": "269.43600", "2012-12-31": "274.53200", "2012-09-30": "248.78300", "2012-06-30": "214.23600", "2012-03-31": "256.39000", "2011-12-31": "198.69000", "2011-09-30": "212.63500", "2011-06-30": "296.56500", "2011-03-31": "229.66000", "2010-12-31": "198.02000", "2010-09-30": "159.91400", "2010-06-30": "75.38000", "2010-03-31": "116.19000", "2009-12-31": "133.08200", "2009-09-30": "125.24000", "2009-06-30": "71.44800", "2009-03-31": "16.39100", "2008-12-31": "65.15800", "2008-09-30": "71.85300", "2008-06-30": "171.79900", "2008-03-31": "187.70600", "2007-12-31": "110.99100", "2007-09-30": "102.53700", "2007-06-30": "85.76500", "2007-03-31": "78.96400", "2006-12-31": "67.23500", "2006-09-30": "52.04500", "2006-06-30": "53.07000", "2006-03-31": "36.64700", "2005-12-31": "27.05200", "2005-09-30": "34.00600", "2005-06-30": "32.70200", "2005-03-31": "48.85400"}, "Other Share Holders Equity": {"2020-09-30": "", "2020-06-30": "", "2020-03-31": "", "2019-12-31": "", "2019-09-30": "", "2019-06-30": "", "2019-03-31": "", "2018-12-31": "", "2018-09-30": "", "2018-06-30": "", "2018-03-31": "", "2017-12-31": "", "2017-09-30": "", "2017-06-30": "", "2017-03-31": "", "2016-12-31": "", "2016-09-30": "", "2016-06-30": "", "2016-03-31": "", "2015-12-31": "", "2015-09-30": "", "2015-06-30": "", "2015-03-31": "", "2014-12-31": "", "2014-09-30": "", "2014-06-30": "", "2014-03-31": "", "2013-12-31": "", "2013-09-30": "", "2013-06-30": "", "2013-03-31": "", "2012-12-31": "", "2012-09-30": "", "2012-06-30": "", "2012-03-31": "", "2011-12-31": "", "2011-09-30": "", "2011-06-30": "", "2011-03-31": "", "2010-12-31": "", "2010-09-30": "", "2010-06-30": "", "2010-03-31": "", "2009-12-31": "", "2009-09-30": "", "2009-06-30": "", "2009-03-31": "", "2008-12-31": "", "2008-09-30": "", "2008-06-30": "", "2008-03-31": "", "2007-12-31": "", "2007-09-30": "", "2007-06-30": "", "2007-03-31": "", "2006-12-31": "", "2006-09-30": "", "2006-06-30": "", "2006-03-31": "", "2005-12-31": "", "2005-09-30": "", "2005-06-30": "", "2005-03-31": ""}, "Share Holder Equity": {"2020-09-30": "8825.14500", "2020-06-30": "7353.40200", "2020-03-31": "6293.07900", "2019-12-31": "5755.05700", "2019-09-30": "5131.19200", "2019-06-30": "5486.81000", "2019-03-31": "4863.85500", "2018-12-31": "4020.33100", "2018-09-30": "4900.48100", "2018-06-30": "4638.94600", "2018-03-31": "4488.09100", "2017-12-31": "2930.25000", "2017-09-30": "2848.44700", "2017-06-30": "2810.99700", "2017-03-31": "2707.46600", "2016-12-31": "2579.16000", "2016-09-30": "2702.69100", "2016-06-30": "2614.56100", "2016-03-31": "2544.44900", "2015-12-31": "2490.50300", "2015-09-30": "2429.72900", "2015-06-30": "2358.89700", "2015-03-31": "2198.51300", "2014-12-31": "2185.15500", "2014-09-30": "2176.73000", "2014-06-30": "2249.94400", "2014-03-31": "2232.60300", "2013-12-31": "2186.72200", "2013-09-30": "2124.24000", "2013-06-30": "2070.94200", "2013-03-31": "2031.21700", "2012-12-31": "2015.54000", "2012-09-30": "1935.48200", "2012-06-30": "1852.49200", "2012-03-31": "1840.04600", "2011-12-31": "1744.38200", "2011-09-30": "1693.64600", "2011-06-30": "1725.91500", "2011-03-31": "1613.48800", "2010-12-31": "1540.51900", "2010-09-30": "1428.13200", "2010-06-30": "1302.73200", "2010-03-31": "1300.92300", "2009-12-31": "1279.21300", "2009-09-30": "1227.67100", "2009-06-30": "1127.64100", "2009-03-31": "1058.29900", "2008-12-31": "1070.64000", "2008-09-30": "1050.23500", "2008-06-30": "1114.55800", "2008-03-31": "1082.26700", "2007-12-31": "971.69000", "2007-09-30": "946.34000", "2007-06-30": "896.79900", "2007-03-31": "860.66400", "2006-12-31": "819.53800", "2006-09-30": "784.74000", "2006-06-30": "756.11400", "2006-03-31": "702.65500", "2005-12-31": "657.97400", "2005-09-30": "648.95700", "2005-06-30": "628.64400", "2005-03-31": "624.28600"}, "Total Liabilities And Share Holders Equity": {"2020-09-30": "12020.93000", "2020-06-30": "10097.31000", "2020-03-31": "8684.35900", "2019-12-31": "8008.85900", "2019-09-30": "7177.11600", "2019-06-30": "7646.94500", "2019-03-31": "6862.91400", "2018-12-31": "5611.06800", "2018-09-30": "6718.66200", "2018-06-30": "6386.22300", "2018-03-31": "6214.91200", "2017-12-31": "4273.01200", "2017-09-30": "4185.72800", "2017-06-30": "4143.45900", "2017-03-31": "3952.76900", "2016-12-31": "3850.50400", "2016-09-30": "4019.72600", "2016-06-30": "3874.63500", "2016-03-31": "3753.41300", "2015-12-31": "3709.71800", "2015-09-30": "3666.39600", "2015-06-30": "3525.34300", "2015-03-31": "3326.19600", "2014-12-31": "3341.27800", "2014-09-30": "3386.02400", "2014-06-30": "3467.75100", "2014-03-31": "3441.37800", "2013-12-31": "3388.79000", "2013-09-30": "3280.40800", "2013-06-30": "3482.82100", "2013-03-31": "3456.80300", "2012-12-31": "3443.50300", "2012-09-30": "3303.01600", "2012-06-30": "3168.89500", "2012-03-31": "3187.87400", "2011-12-31": "3096.80300", "2011-09-30": "2969.79500", "2011-06-30": "3044.24500", "2011-03-31": "2908.77300", "2010-12-31": "3062.76400", "2010-09-30": "2682.20400", "2010-06-30": "2527.12400", "2010-03-31": "2546.87200", "2009-12-31": "2535.85300", "2009-09-30": "2478.20600", "2009-06-30": "2344.45700", "2009-03-31": "1955.30800", "2008-12-31": "2037.26400", "2008-09-30": "2014.94500", "2008-06-30": "2098.92000", "2008-03-31": "2053.28800", "2007-12-31": "1971.59400", "2007-09-30": "1712.48400", "2007-06-30": "1654.74300", "2007-03-31": "1607.04300", "2006-12-31": "1596.16800", "2006-09-30": "1523.63500", "2006-06-30": "1494.03600", "2006-03-31": "1414.78500", "2005-12-31": "1426.58200", "2005-09-30": "1425.99100", "2005-06-30": "1392.57500", "2005-03-31": "1398.91400"}}, "cash flow statement": {"Net Income/Loss": {"2019-12-31": "0.00000", "2018-12-31": "0.00000", "2017-12-31": "0.00000", "2016-12-31": "0.00000", "2015-12-31": "0.00000", "2014-12-31": "0.00000", "2013-12-31": "0.00000", "2012-12-31": "0.00000", "2011-12-31": "0.00000", "2010-12-31": "0.00000", "2009-12-31": "0.00000", "2008-12-31": "0.00000", "2007-12-31": "0.00000", "2006-12-31": "0.00000", "2005-12-31": "0.00000"}, "Total Depreciation And Amortization - Cash Flow": {"2019-12-31": "", "2018-12-31": "", "2017-12-31": "", "2016-12-31": "", "2015-12-31": "", "2014-12-31": "", "2013-12-31": "", "2012-12-31": "", "2011-12-31": "", "2010-12-31": "", "2009-12-31": "", "2008-12-31": "", "2007-12-31": "", "2006-12-31": "", "2005-12-31": ""}, "Other Non-Cash Items": {"2019-12-31": "31.95800", "2018-12-31": "33.98600", "2017-12-31": "0.66800", "2016-12-31": "-2.67000", "2015-12-31": "12.69600", "2014-12-31": "-32.95000", "2013-12-31": "15.51100", "2012-12-31": "7.23200", "2011-12-31": "9.43700", "2010-12-31": "-2.92800", "2009-12-31": "9.36000", "2008-12-31": "-5.05000", "2007-12-31": "-2.99200", "2006-12-31": "-1.38500", "2005-12-31": ""}, "Total Non-Cash Items": {"2019-12-31": "31.95800", "2018-12-31": "33.98600", "2017-12-31": "0.66800", "2016-12-31": "-2.67000", "2015-12-31": "12.69600", "2014-12-31": "-32.95000", "2013-12-31": "15.51100", "2012-12-31": "7.23200", "2011-12-31": "9.43700", "2010-12-31": "-2.92800", "2009-12-31": "9.36000", "2008-12-31": "-5.05000", "2007-12-31": "-2.99200", "2006-12-31": "-1.38500", "2005-12-31": ""}, "Change In Accounts Receivable": {"2019-12-31": "2311.92500", "2018-12-31": "2326.31000", "2017-12-31": "2093.94800", "2016-12-31": "2074.02400", "2015-12-31": "1956.08400", "2014-12-31": "2162.52000", "2013-12-31": "2090.03000", "2012-12-31": "2063.80500", "2011-12-31": "2018.75500", "2010-12-31": "1877.48300", "2009-12-31": "1778.31600", "2008-12-31": "1765.66700", "2007-12-31": "1467.62600", "2006-12-31": "1247.77900", "2005-12-31": "1166.71100"}, "Change In Inventories": {"2019-12-31": "", "2018-12-31": "", "2017-12-31": "", "2016-12-31": "-22.75600", "2015-12-31": "", "2014-12-31": "", "2013-12-31": "", "2012-12-31": "", "2011-12-31": "", "2010-12-31": "", "2009-12-31": "", "2008-12-31": "", "2007-12-31": "", "2006-12-31": "", "2005-12-31": ""}, "Change In Accounts Payable": {"2019-12-31": "-1818.57500", "2018-12-31": "-1989.68500", "2017-12-31": "-1916.11900", "2016-12-31": "-1808.68700", "2015-12-31": "-1730.06200", "2014-12-31": "-1806.52600", "2013-12-31": "-1804.02800", "2012-12-31": "-1664.49100", "2011-12-31": "-1639.84800", "2010-12-31": "-1536.93500", "2009-12-31": "-1386.38200", "2008-12-31": "-1495.66900", "2007-12-31": "-1225.96800", "2006-12-31": "-1058.97700", "2005-12-31": "-1003.26400"}, "Change In Assets/Liabilities": {"2019-12-31": "-22.33000", "2018-12-31": "-22.70300", "2017-12-31": "-22.22400", "2016-12-31": "14.59700", "2015-12-31": "-20.79300", "2014-12-31": "-20.79300", "2013-12-31": "-61.23300", "2012-12-31": "-46.36900", "2011-12-31": "-56.85900", "2010-12-31": "-56.20900", "2009-12-31": "-38.47100", "2008-12-31": "-24.41800", "2007-12-31": "-8.83300", "2006-12-31": "-53.11600", "2005-12-31": "-15.56600"}, "Total Change In Assets/Liabilities": {"2019-12-31": "425.93910", "2018-12-31": "251.50800", "2017-12-31": "103.46900", "2016-12-31": "218.73580", "2015-12-31": "173.51400", "2014-12-31": "306.26200", "2013-12-31": "153.62510", "2012-12-31": "259.24800", "2011-12-31": "253.29800", "2010-12-31": "228.83700", "2009-12-31": "315.71410", "2008-12-31": "196.42110", "2007-12-31": "194.57200", "2006-12-31": "119.61400", "2005-12-31": "108.28410"}, "Cash Flow From Operating Activities": {"2019-12-31": "457.89700", "2018-12-31": "285.49400", "2017-12-31": "104.13700", "2016-12-31": "216.06600", "2015-12-31": "186.21000", "2014-12-31": "273.31200", "2013-12-31": "169.13600", "2012-12-31": "266.48000", "2011-12-31": "262.73500", "2010-12-31": "225.90900", "2009-12-31": "325.07400", "2008-12-31": "191.37100", "2007-12-31": "191.58000", "2006-12-31": "118.22900", "2005-12-31": "108.28400"}, "Net Change In Property, Plant, And Equipment": {"2019-12-31": "-98.40300", "2018-12-31": "-125.51000", "2017-12-31": "-111.24600", "2016-12-31": "-141.03800", "2015-12-31": "-111.92100", "2014-12-31": "-120.77400", "2013-12-31": "-105.44400", "2012-12-31": "-136.54400", "2011-12-31": "-102.65400", "2010-12-31": "-87.26300", "2009-12-31": "-66.79500", "2008-12-31": "-84.80900", "2007-12-31": "-60.59500", "2006-12-31": "-52.98700", "2005-12-31": "-36.05500"}, "Net Change In Intangible Assets": {"2019-12-31": "8.81800", "2018-12-31": "-0.00300", "2017-12-31": "-3.79500", "2016-12-31": "-0.13500", "2015-12-31": "-1.37200", "2014-12-31": "-15.47900", "2013-12-31": "-0.70000", "2012-12-31": "-1.78000", "2011-12-31": "-0.43600", "2010-12-31": "-4.08100", "2009-12-31": "-9.56600", "2008-12-31": "-4.00000", "2007-12-31": "-2.07500", "2006-12-31": "", "2005-12-31": "-5.00000"}, "Net Acquisitions/Divestitures": {"2019-12-31": "-79.38600", "2018-12-31": "7.23000", "2017-12-31": "-76.64500", "2016-12-31": "-14.16500", "2015-12-31": "-4.35600", "2014-12-31": "-44.62700", "2013-12-31": "-72.05400", "2012-12-31": "-39.44300", "2011-12-31": "-158.53800", "2010-12-31": "-89.30700", "2009-12-31": "-35.99000", "2008-12-31": "-53.01400", "2007-12-31": "-387.67300", "2006-12-31": "-33.29900", "2005-12-31": "-4.34400"}, "Net Change In Short-term Investments": {"2019-12-31": "-39.91800", "2018-12-31": "-68.69500", "2017-12-31": "16.11400", "2016-12-31": "-58.54200", "2015-12-31": "-49.22000", "2014-12-31": "-9.63100", "2013-12-31": "179.11700", "2012-12-31": "-222.61900", "2011-12-31": "-124.70400", "2010-12-31": "-32.65000", "2009-12-31": "-61.08100", "2008-12-31": "1.10600", "2007-12-31": "200.02600", "2006-12-31": "-155.40400", "2005-12-31": "68.96800"}, "Net Change In Long-Term Investments": {"2019-12-31": "", "2018-12-31": "", "2017-12-31": "", "2016-12-31": "", "2015-12-31": "", "2014-12-31": "", "2013-12-31": "", "2012-12-31": "", "2011-12-31": "", "2010-12-31": "", "2009-12-31": "", "2008-12-31": "", "2007-12-31": "", "2006-12-31": "", "2005-12-31": ""}, "Net Change In Investments - Total": {"2019-12-31": "-39.91800", "2018-12-31": "-68.69500", "2017-12-31": "16.11400", "2016-12-31": "-58.54200", "2015-12-31": "-49.22000", "2014-12-31": "-9.63100", "2013-12-31": "179.11700", "2012-12-31": "-222.61900", "2011-12-31": "-124.70400", "2010-12-31": "-32.65000", "2009-12-31": "-61.08100", "2008-12-31": "1.10600", "2007-12-31": "200.02600", "2006-12-31": "-155.40400", "2005-12-31": "68.96800"}, "Investing Activities - Other": {"2019-12-31": "", "2018-12-31": "", "2017-12-31": "", "2016-12-31": "", "2015-12-31": "", "2014-12-31": "", "2013-12-31": "", "2012-12-31": "", "2011-12-31": "", "2010-12-31": "-3.21100", "2009-12-31": "-2.52000", "2008-12-31": "-5.39000", "2007-12-31": "-4.11200", "2006-12-31": "33.94200", "2005-12-31": "-29.74100"}, "Cash Flow From Investing Activities": {"2019-12-31": "-208.88900", "2018-12-31": "-186.97800", "2017-12-31": "-175.57200", "2016-12-31": "-213.88000", "2015-12-31": "-166.86900", "2014-12-31": "-190.51100", "2013-12-31": "0.91900", "2012-12-31": "-400.38600", "2011-12-31": "-386.33200", "2010-12-31": "-216.51200", "2009-12-31": "-175.95200", "2008-12-31": "-146.10700", "2007-12-31": "-254.42900", "2006-12-31": "-207.74800", "2005-12-31": "-6.17200"}, "Net Long-Term Debt": {"2019-12-31": "-0.64300", "2018-12-31": "-2.96100", "2017-12-31": "-0.31600", "2016-12-31": "-0.30300", "2015-12-31": "-0.28200", "2014-12-31": "-0.25300", "2013-12-31": "-300.22800", "2012-12-31": "-0.62000", "2011-12-31": "-226.83500", "2010-12-31": "217.92700", "2009-12-31": "287.92700", "2008-12-31": "-9.98900", "2007-12-31": "-17.69600", "2006-12-31": "-0.48700", "2005-12-31": "-0.44700"}, "Net Current Debt": {"2019-12-31": "", "2018-12-31": "", "2017-12-31": "-0.03600", "2016-12-31": "0.03700", "2015-12-31": "", "2014-12-31": "-1.56000", "2013-12-31": "0.04800", "2012-12-31": "-0.19100", "2011-12-31": "-3.90000", "2010-12-31": "-0.83000", "2009-12-31": "-2.30300", "2008-12-31": "-1.64200", "2007-12-31": "-4.32600", "2006-12-31": "-0.65900", "2005-12-31": "-6.84700"}, "Debt Issuance/Retirement Net - Total": {"2019-12-31": "-0.64300", "2018-12-31": "-2.96100", "2017-12-31": "-0.35200", "2016-12-31": "-0.26600", "2015-12-31": "-0.28200", "2014-12-31": "-1.81300", "2013-12-31": "-300.18000", "2012-12-31": "-0.81100", "2011-12-31": "-230.73500", "2010-12-31": "217.09700", "2009-12-31": "285.62400", "2008-12-31": "-11.63100", "2007-12-31": "-22.02200", "2006-12-31": "-1.14600", "2005-12-31": "-7.29400"}, "Net Common Equity Issued/Repurchased": {"2019-12-31": "-11.05600", "2018-12-31": "-34.77900", "2017-12-31": "11.68400", "2016-12-31": "11.28000", "2015-12-31": "8.23600", "2014-12-31": "15.05100", "2013-12-31": "11.23700", "2012-12-31": "10.51000", "2011-12-31": "14.24900", "2010-12-31": "12.73000", "2009-12-31": "10.28600", "2008-12-31": "12.91200", "2007-12-31": "11.58000", "2006-12-31": "9.92300", "2005-12-31": "8.91500"}, "Net Total Equity Issued/Repurchased": {"2019-12-31": "-11.05600", "2018-12-31": "-34.77900", "2017-12-31": "11.68400", "2016-12-31": "11.28000", "2015-12-31": "8.23600", "2014-12-31": "15.05100", "2013-12-31": "11.23700", "2012-12-31": "10.51000", "2011-12-31": "14.24900", "2010-12-31": "12.73000", "2009-12-31": "10.28600", "2008-12-31": "12.91200", "2007-12-31": "11.58000", "2006-12-31": "9.92300", "2005-12-31": "8.91500"}, "Total Common And Preferred Stock Dividends Paid": {"2019-12-31": "", "2018-12-31": "", "2017-12-31": "", "2016-12-31": "", "2015-12-31": "", "2014-12-31": "", "2013-12-31": "", "2012-12-31": "", "2011-12-31": "", "2010-12-31": "", "2009-12-31": "", "2008-12-31": "", "2007-12-31": "", "2006-12-31": "", "2005-12-31": ""}, "Financial Activities - Other": {"2019-12-31": "-11.05900", "2018-12-31": "-10.94000", "2017-12-31": "-10.99100", "2016-12-31": "-1.99400", "2015-12-31": "0.62700", "2014-12-31": "-1.54900", "2013-12-31": "-22.75400", "2012-12-31": "2.88900", "2011-12-31": "2.92600", "2010-12-31": "-1.08200", "2009-12-31": "-1.97700", "2008-12-31": "5.05000", "2007-12-31": "2.99200", "2006-12-31": "1.38500", "2005-12-31": "-0.33100"}, "Cash Flow From Financial Activities": {"2019-12-31": "-22.75800", "2018-12-31": "-48.68000", "2017-12-31": "0.34100", "2016-12-31": "9.02000", "2015-12-31": "8.58100", "2014-12-31": "11.68900", "2013-12-31": "-311.69700", "2012-12-31": "12.58800", "2011-12-31": "-213.56000", "2010-12-31": "228.74500", "2009-12-31": "293.93300", "2008-12-31": "6.33100", "2007-12-31": "-7.45000", "2006-12-31": "10.16200", "2005-12-31": "1.29000"}, "Net Cash Flow": {"2019-12-31": "228.48700", "2018-12-31": "49.18100", "2017-12-31": "-72.18800", "2016-12-31": "-1.65200", "2015-12-31": "44.29800", "2014-12-31": "81.70000", "2013-12-31": "-131.83700", "2012-12-31": "-110.84300", "2011-12-31": "-332.32000", "2010-12-31": "256.61300", "2009-12-31": "445.41400", "2008-12-31": "42.76000", "2007-12-31": "-61.84300", "2006-12-31": "-73.10900", "2005-12-31": "100.98200"}, "Stock-Based Compensation": {"2019-12-31": "", "2018-12-31": "", "2017-12-31": "", "2016-12-31": "", "2015-12-31": "-3.61000", "2014-12-31": "", "2013-12-31": "", "2012-12-31": "", "2011-12-31": "", "2010-12-31": "", "2009-12-31": "", "2008-12-31": "", "2007-12-31": "", "2006-12-31": "", "2005-12-31": ""}, "Common Stock Dividends Paid": {"2019-12-31": "", "2018-12-31": "", "2017-12-31": "", "2016-12-31": "", "2015-12-31": "", "2014-12-31": "", "2013-12-31": "", "2012-12-31": "", "2011-12-31": "", "2010-12-31": "", "2009-12-31": "", "2008-12-31": "", "2007-12-31": "", "2006-12-31": "", "2005-12-31": ""}}, "cash flow statement, quarterly": {"Net Income/Loss": {"2020-09-30": 0, "2020-06-30": 0, "2020-03-31": "0.00000", "2019-12-31": 0, "2019-09-30": 0, "2019-06-30": 0, "2019-03-31": "0.00000", "2018-12-31": -1194.1, "2018-09-30": 269.3, "2018-06-30": 334.931, "2018-03-31": "589.86900", "2017-12-31": -39.5, "2017-09-30": 22.1, "2017-06-30": 5, "2017-03-31": "12.40000", "2016-12-31": -48.695, "2016-09-30": 18.405, "2016-06-30": 18.014, "2016-03-31": "12.27600", "2015-12-31": -63.611, "2015-09-30": 63.611, "2015-06-30": 0, "2015-03-31": "0.00000", "2014-12-31": 0, "2014-09-30": 0, "2014-06-30": 0, "2014-03-31": "0.00000", "2013-12-31": 0, "2013-09-30": 0, "2013-06-30": 0, "2013-03-31": "0.00000", "2012-12-31": 0, "2012-09-30": 0, "2012-06-30": 0, "2012-03-31": "0.00000", "2011-12-31": 0, "2011-09-30": 0, "2011-06-30": 0, "2011-03-31": "0.00000", "2010-12-31": 0, "2010-09-30": 0, "2010-06-30": 0, "2010-03-31": "0.00000", "2009-12-31": 0, "2009-09-30": 0, "2009-06-30": 0, "2009-03-31": "0.00000", "2008-12-31": 0, "2008-09-30": 0, "2008-06-30": 0, "2008-03-31": "0.00000", "2007-12-31": 0, "2007-09-30": 0, "2007-06-30": 0, "2007-03-31": "0.00000", "2006-12-31": 0, "2006-09-30": 0, "2006-06-30": 0, "2006-03-31": "0.00000", "2005-12-31": 0, "2005-09-30": 0, "2005-06-30": 0, "2005-03-31": "0.00000"}, "Total Depreciation And Amortization - Cash Flow": {"2020-09-30": 0, "2020-06-30": 0, "2020-03-31": "", "2019-12-31": 0, "2019-09-30": 0, "2019-06-30": 0, "2019-03-31": "", "2018-12-31": -103.6, "2018-09-30": 34.9, "2018-06-30": 68.7, "2018-03-31": "", "2017-12-31": -106, "2017-09-30": 35.3, "2017-06-30": 37, "2017-03-31": "33.70000", "2016-12-31": -110.156, "2016-09-30": 38.488, "2016-06-30": 37.578, "2016-03-31": "34.09000", "2015-12-31": -97.97, "2015-09-30": 97.97, "2015-06-30": 0, "2015-03-31": "", "2014-12-31": 0, "2014-09-30": 0, "2014-06-30": 0, "2014-03-31": "", "2013-12-31": 0, "2013-09-30": 0, "2013-06-30": 0, "2013-03-31": "", "2012-12-31": 0, "2012-09-30": 0, "2012-06-30": 0, "2012-03-31": "", "2011-12-31": 0, "2011-09-30": 0, "2011-06-30": 0, "2011-03-31": "", "2010-12-31": 0, "2010-09-30": 0, "2010-06-30": 0, "2010-03-31": "", "2009-12-31": 0, "2009-09-30": 0, "2009-06-30": 0, "2009-03-31": "", "2008-12-31": 0, "2008-09-30": 0, "2008-06-30": 0, "2008-03-31": "", "2007-12-31": 0, "2007-09-30": 0, "2007-06-30": 0, "2007-03-31": "", "2006-12-31": 0, "2006-09-30": 0, "2006-06-30": 0, "2006-03-31": "", "2005-12-31": 0, "2005-09-30": 0, "2005-06-30": 0, "2005-03-31": ""}, "Other Non-Cash Items": {"2020-09-30": 10.254, "2020-06-30": -0.308, "2020-03-31": "8.24900", "2019-12-31": 3.681, "2019-09-30": 6.044, "2019-06-30": 17.395, "2019-03-31": "4.83800", "2018-12-31": 1442.086, "2018-09-30": -307.7, "2018-06-30": -1098.2, "2018-03-31": "-2.20000", "2017-12-31": -11.232, "2017-09-30": 9.7, "2017-06-30": 6.4, "2017-03-31": "-4.20000", "2016-12-31": -13.8, "2016-09-30": 3.737, "2016-06-30": 3.87, "2016-03-31": "3.52300", "2015-12-31": 4.378, "2015-09-30": 6.518, "2015-06-30": -1.179, "2015-03-31": "2.97900", "2014-12-31": -46.839, "2014-09-30": 5.429, "2014-06-30": 8.684, "2014-03-31": "-0.22400", "2013-12-31": 2.424, "2013-09-30": -2.332, "2013-06-30": 9.597, "2013-03-31": "5.82200", "2012-12-31": 8.157, "2012-09-30": -8.206, "2012-06-30": 7.622, "2012-03-31": "-0.34100", "2011-12-31": 3.343, "2011-09-30": 1.46, "2011-06-30": 5.873, "2011-03-31": "-1.23900", "2010-12-31": -0.244, "2010-09-30": -2.152, "2010-06-30": -0.309, "2010-03-31": "-0.22300", "2009-12-31": 9.74, "2009-09-30": -0.292, "2009-06-30": -0.061, "2009-03-31": "-0.02700", "2008-12-31": -1.591, "2008-09-30": -0.967, "2008-06-30": -0.533, "2008-03-31": "-1.95900", "2007-12-31": -0.373, "2007-09-30": -0.347, "2007-06-30": -0.494, "2007-03-31": "-1.77800", "2006-12-31": -0.094, "2006-09-30": -0.791, "2006-06-30": -0.172, "2006-03-31": "-0.32800", "2005-12-31": 0, "2005-09-30": 0, "2005-06-30": 0, "2005-03-31": ""}, "Total Non-Cash Items": {"2020-09-30": 10.254, "2020-06-30": -0.308, "2020-03-31": "8.24900", "2019-12-31": 3.681, "2019-09-30": 6.044, "2019-06-30": 17.395, "2019-03-31": "4.83800", "2018-12-31": 1338.486, "2018-09-30": -272.8, "2018-06-30": -1029.5, "2018-03-31": "-2.20000", "2017-12-31": -117.232, "2017-09-30": 45, "2017-06-30": 43.4, "2017-03-31": "29.50000", "2016-12-31": -123.956, "2016-09-30": 42.225, "2016-06-30": 41.448, "2016-03-31": "37.61300", "2015-12-31": -93.592, "2015-09-30": 104.488, "2015-06-30": -1.179, "2015-03-31": "2.97900", "2014-12-31": -46.839, "2014-09-30": 5.429, "2014-06-30": 8.684, "2014-03-31": "-0.22400", "2013-12-31": 2.424, "2013-09-30": -2.332, "2013-06-30": 9.597, "2013-03-31": "5.82200", "2012-12-31": 8.157, "2012-09-30": -8.206, "2012-06-30": 7.622, "2012-03-31": "-0.34100", "2011-12-31": 3.343, "2011-09-30": 1.46, "2011-06-30": 5.873, "2011-03-31": "-1.23900", "2010-12-31": -0.244, "2010-09-30": -2.152, "2010-06-30": -0.309, "2010-03-31": "-0.22300", "2009-12-31": 9.74, "2009-09-30": -0.292, "2009-06-30": -0.061, "2009-03-31": "-0.02700", "2008-12-31": -1.591, "2008-09-30": -0.967, "2008-06-30": -0.533, "2008-03-31": "-1.95900", "2007-12-31": -0.373, "2007-09-30": -0.347, "2007-06-30": -0.494, "2007-03-31": "-1.77800", "2006-12-31": -0.094, "2006-09-30": -0.791, "2006-06-30": -0.172, "2006-03-31": "-0.32800", "2005-12-31": 0, "2005-09-30": 0, "2005-06-30": 0, "2005-03-31": ""}, "Change In Accounts Receivable": {"2020-09-30": 614.29, "2020-06-30": 558.14, "2020-03-31": "569.00100", "2019-12-31": 595.439, "2019-09-30": 573.264, "2019-06-30": 592.931, "2019-03-31": "550.29100", "2018-12-31": 2254.11, "2018-09-30": 19.7, "2018-06-30": 52.5, "2018-03-31": "", "2017-12-31": 2116.348, "2017-09-30": -20.6, "2017-06-30": -8.6, "2017-03-31": "6.80000", "2016-12-31": 2041.374, "2016-09-30": 0.583, "2016-06-30": 12.076, "2016-03-31": "19.99100", "2015-12-31": 1939.088, "2015-09-30": -954.62, "2015-06-30": 493.137, "2015-03-31": "478.47900", "2014-12-31": 548.797, "2014-09-30": 526.236, "2014-06-30": 543.04, "2014-03-31": "544.44700", "2013-12-31": 558.779, "2013-09-30": 524.906, "2013-06-30": 502.187, "2013-03-31": "504.15800", "2012-12-31": 550.814, "2012-09-30": 504.476, "2012-06-30": 507.44, "2012-03-31": "501.07500", "2011-12-31": 509.821, "2011-09-30": 488.652, "2011-06-30": 523.533, "2011-03-31": "496.74900", "2010-12-31": 509.706, "2010-09-30": 476.119, "2010-06-30": 445.989, "2010-03-31": "445.66900", "2009-12-31": 487.262, "2009-09-30": 459.846, "2009-06-30": 435.852, "2009-03-31": "395.35600", "2008-12-31": 447.664, "2008-09-30": 440.093, "2008-06-30": 441.389, "2008-03-31": "436.52100", "2007-12-31": 460.334, "2007-09-30": 353.062, "2007-06-30": 327.016, "2007-03-31": "327.21400", "2006-12-31": 332.49, "2006-09-30": 302.293, "2006-06-30": 313.232, "2006-03-31": "299.76400", "2005-12-31": 301.476, "2005-09-30": 281.776, "2005-06-30": 286.811, "2005-03-31": "296.64800"}, "Change In Inventories": {"2020-09-30": 0, "2020-06-30": 0, "2020-03-31": "", "2019-12-31": 0, "2019-09-30": 0, "2019-06-30": 0, "2019-03-31": "", "2018-12-31": 26.3, "2018-09-30": -14.6, "2018-06-30": -11.7, "2018-03-31": "", "2017-12-31": 52.6, "2017-09-30": -14.7, "2017-06-30": -11, "2017-03-31": "-26.90000", "2016-12-31": 45.182, "2016-09-30": -16.959, "2016-06-30": -16.579, "2016-03-31": "-34.40000", "2015-12-31": 67.609, "2015-09-30": -67.609, "2015-06-30": 0, "2015-03-31": "", "2014-12-31": 0, "2014-09-30": 0, "2014-06-30": 0, "2014-03-31": "", "2013-12-31": 0, "2013-09-30": 0, "2013-06-30": 0, "2013-03-31": "", "2012-12-31": 0, "2012-09-30": 0, "2012-06-30": 0, "2012-03-31": "", "2011-12-31": 0, "2011-09-30": 0, "2011-06-30": 0, "2011-03-31": "", "2010-12-31": 0, "2010-09-30": 0, "2010-06-30": 0, "2010-03-31": "", "2009-12-31": 0, "2009-09-30": 0, "2009-06-30": 0, "2009-03-31": "", "2008-12-31": 0, "2008-09-30": 0, "2008-06-30": 0, "2008-03-31": "", "2007-12-31": 0, "2007-09-30": 0, "2007-06-30": 0, "2007-03-31": "", "2006-12-31": 0, "2006-09-30": 0, "2006-06-30": 0, "2006-03-31": "", "2005-12-31": 0, "2005-09-30": 0, "2005-06-30": 0, "2005-03-31": ""}, "Change In Accounts Payable": {"2020-09-30": -447.127, "2020-06-30": -449.617, "2020-03-31": "-509.68300", "2019-12-31": -425.922, "2019-09-30": -460.644, "2019-06-30": -424.849, "2019-03-31": "-507.16000", "2018-12-31": -1946.585, "2018-09-30": 0.6, "2018-06-30": 500, "2018-03-31": "-543.70000", "2017-12-31": -1901.619, "2017-09-30": 9.7, "2017-06-30": 37, "2017-03-31": "-61.20000", "2016-12-31": -1804.042, "2016-09-30": 27.919, "2016-06-30": 15.102, "2016-03-31": "-47.66600", "2015-12-31": -1747.931, "2015-09-30": 916.626, "2015-06-30": -444.771, "2015-03-31": "-453.98600", "2014-12-31": -453.872, "2014-09-30": -427.12, "2014-06-30": -454.082, "2014-03-31": "-471.45200", "2013-12-31": -468.184, "2013-09-30": -424.617, "2013-06-30": -451.134, "2013-03-31": "-460.09300", "2012-12-31": -436.58, "2012-09-30": -392.737, "2012-06-30": -406.441, "2012-03-31": "-428.73300", "2011-12-31": -390.174, "2011-09-30": -406.844, "2011-06-30": -406.4, "2011-03-31": "-436.43000", "2010-12-31": -393.236, "2010-09-30": -364.235, "2010-06-30": -389.959, "2010-03-31": "-389.50500", "2009-12-31": -356.229, "2009-09-30": -331.626, "2009-06-30": -322.899, "2009-03-31": "-375.62800", "2008-12-31": -343.131, "2008-09-30": -370.783, "2008-06-30": -359.782, "2008-03-31": "-421.97300", "2007-12-31": -345.864, "2007-09-30": -279.93, "2007-06-30": -276.107, "2007-03-31": "-324.06700", "2006-12-31": -269.351, "2006-09-30": -240.107, "2006-06-30": -265.546, "2006-03-31": "-283.97300", "2005-12-31": -240.476, "2005-09-30": -235.123, "2005-06-30": -268.423, "2005-03-31": "-259.24200"}, "Change In Assets/Liabilities": {"2020-09-30": -0.219, "2020-06-30": -10.616, "2020-03-31": "-0.23100", "2019-12-31": -10.949, "2019-09-30": -0.296, "2019-06-30": -10.626, "2019-03-31": "-0.45900", "2018-12-31": -329.403, "2018-09-30": 59.9, "2018-06-30": 247.178, "2018-03-31": "-0.37800", "2017-12-31": -18.324, "2017-09-30": 3, "2017-06-30": 8.2, "2017-03-31": "-15.10000", "2016-12-31": 14.913, "2016-09-30": -12.137, "2016-06-30": 21.158, "2016-03-31": "-9.33700", "2015-12-31": -19.136, "2015-09-30": -1.246, "2015-06-30": -0.882, "2015-03-31": "0.47100", "2014-12-31": -10.036, "2014-09-30": 0.155, "2014-06-30": -10.62, "2014-03-31": "-0.29200", "2013-12-31": -11.045, "2013-09-30": -25.507, "2013-06-30": -13.006, "2013-03-31": "-11.67500", "2012-12-31": -19.869, "2012-09-30": -2.399, "2012-06-30": -12.37, "2012-03-31": "-11.73100", "2011-12-31": -10.773, "2011-09-30": -12.79, "2011-06-30": -12.371, "2011-03-31": "-20.92500", "2010-12-31": -10.59, "2010-09-30": -20.781, "2010-06-30": -4.445, "2010-03-31": "-20.39300", "2009-12-31": -15.048, "2009-09-30": -15.913, "2009-06-30": -0.192, "2009-03-31": "-7.31800", "2008-12-31": -6.495, "2008-09-30": -8.019, "2008-06-30": -1.536, "2008-03-31": "-8.36800", "2007-12-31": -5.413, "2007-09-30": -2.902, "2007-06-30": 1.068, "2007-03-31": "-1.58600", "2006-12-31": -1.705, "2006-09-30": -2.546, "2006-06-30": -0.893, "2006-03-31": "-47.97200", "2005-12-31": -2.095, "2005-09-30": -5.656, "2005-06-30": -1.824, "2005-03-31": "-5.99100"}, "Total Change In Assets/Liabilities": {"2020-09-30": 125.41, "2020-06-30": 92.43, "2020-03-31": "54.55900", "2019-12-31": 156.1211, "2019-09-30": 93.7059, "2019-06-30": 138.0071, "2019-03-31": "38.10500", "2018-12-31": -35.892, "2018-09-30": 64.4, "2018-06-30": 770.323, "2018-03-31": "-547.32300", "2017-12-31": 226.069, "2017-09-30": -38.6, "2017-06-30": 14.1, "2017-03-31": "-98.10000", "2016-12-31": 267.4078, "2016-09-30": -9.028, "2016-06-30": 17.693, "2016-03-31": "-57.33700", "2015-12-31": 193.155, "2015-09-30": -85.82, "2015-06-30": 39.712, "2015-03-31": "26.46700", "2014-12-31": 87.055, "2014-09-30": 85.2249, "2014-06-30": 68.1881, "2014-03-31": "65.79400", "2013-12-31": 68.1261, "2013-09-30": 57.164, "2013-06-30": 10.14, "2013-03-31": "18.19500", "2012-12-31": 78.0791, "2012-09-30": 79.5479, "2012-06-30": 66.02, "2012-03-31": "35.60100", "2011-12-31": 78.153, "2011-09-30": 49.698, "2011-06-30": 104.426, "2011-03-31": "21.02100", "2010-12-31": 100.632, "2010-09-30": 69.018, "2010-06-30": 36.695, "2010-03-31": "22.49200", "2009-12-31": 105.9821, "2009-09-30": 97.781, "2009-06-30": 105.553, "2009-03-31": "6.39800", "2008-12-31": 79.932, "2008-09-30": 47.0861, "2008-06-30": 69.621, "2008-03-31": "-0.21800", "2007-12-31": 103.524, "2007-09-30": 55.345, "2007-06-30": 46.566, "2007-03-31": "-10.86300", "2006-12-31": 54.957, "2006-09-30": 52.665, "2006-06-30": 53.735, "2006-03-31": "-41.74300", "2005-12-31": 49.3931, "2005-09-30": 31.073, "2005-06-30": 2.935, "2005-03-31": "24.88300"}, "Cash Flow From Operating Activities": {"2020-09-30": 135.664, "2020-06-30": 92.122, "2020-03-31": "62.80800", "2019-12-31": 159.802, "2019-09-30": 99.75, "2019-06-30": 155.402, "2019-03-31": "42.94300", "2018-12-31": 105.009, "2018-09-30": 62.277, "2018-06-30": 77.862, "2018-03-31": "40.34600", "2017-12-31": 69.337, "2017-09-30": 28.5, "2017-06-30": 62.503, "2017-03-31": "-56.20300", "2016-12-31": 94.752, "2016-09-30": 51.607, "2016-06-30": 77.155, "2016-03-31": "-7.44800", "2015-12-31": 35.952, "2015-09-30": 82.279, "2015-06-30": 38.533, "2015-03-31": "29.44600", "2014-12-31": 40.216, "2014-09-30": 90.654, "2014-06-30": 76.872, "2014-03-31": "65.57000", "2013-12-31": 70.55, "2013-09-30": 54.832, "2013-06-30": 19.737, "2013-03-31": "24.01700", "2012-12-31": 86.236, "2012-09-30": 71.342, "2012-06-30": 73.642, "2012-03-31": "35.26000", "2011-12-31": 81.496, "2011-09-30": 51.158, "2011-06-30": 110.299, "2011-03-31": "19.78200", "2010-12-31": 100.388, "2010-09-30": 66.866, "2010-06-30": 36.386, "2010-03-31": "22.26900", "2009-12-31": 115.722, "2009-09-30": 97.489, "2009-06-30": 105.492, "2009-03-31": "6.37100", "2008-12-31": 78.341, "2008-09-30": 46.119, "2008-06-30": 69.088, "2008-03-31": "-2.17700", "2007-12-31": 103.151, "2007-09-30": 54.998, "2007-06-30": 46.072, "2007-03-31": "-12.64100", "2006-12-31": 54.863, "2006-09-30": 51.874, "2006-06-30": 53.563, "2006-03-31": "-42.07100", "2005-12-31": 49.393, "2005-09-30": 31.073, "2005-06-30": 2.935, "2005-03-31": "24.88300"}, "Net Change In Property, Plant, And Equipment": {"2020-09-30": -19.96, "2020-06-30": -18.121, "2020-03-31": "-21.55300", "2019-12-31": -21.554, "2019-09-30": -31.092, "2019-06-30": -22.202, "2019-03-31": "-23.55500", "2018-12-31": -53.832, "2018-09-30": -21.881, "2018-06-30": -22.631, "2018-03-31": "-27.16600", "2017-12-31": -26.044, "2017-09-30": -20.272, "2017-06-30": -25.613, "2017-03-31": "-39.31700", "2016-12-31": -45.093, "2016-09-30": -39.101, "2016-06-30": -31.549, "2016-03-31": "-25.29500", "2015-12-31": -27.949, "2015-09-30": -24.732, "2015-06-30": -32.164, "2015-03-31": "-27.07600", "2014-12-31": -40.29, "2014-09-30": -27.312, "2014-06-30": -30.705, "2014-03-31": "-22.46700", "2013-12-31": -27.758, "2013-09-30": -20.176, "2013-06-30": -23.433, "2013-03-31": "-34.07700", "2012-12-31": -24.409, "2012-09-30": -36.552, "2012-06-30": -40.929, "2012-03-31": "-34.65400", "2011-12-31": -35.598, "2011-09-30": -24.613, "2011-06-30": -24.657, "2011-03-31": "-17.78600", "2010-12-31": -31.506, "2010-09-30": -20.202, "2010-06-30": -19.43, "2010-03-31": "-16.12500", "2009-12-31": -17.864, "2009-09-30": -15.536, "2009-06-30": -14.728, "2009-03-31": "-18.66700", "2008-12-31": -22.08, "2008-09-30": -23.145, "2008-06-30": -20.539, "2008-03-31": "-19.04500", "2007-12-31": -14.657, "2007-09-30": -18.668, "2007-06-30": -16.634, "2007-03-31": "-10.63600", "2006-12-31": -14.908, "2006-09-30": -13.228, "2006-06-30": -13.533, "2006-03-31": "-11.31800", "2005-12-31": -9.758, "2005-09-30": -8.706, "2005-06-30": -7.817, "2005-03-31": "-9.77400"}, "Net Change In Intangible Assets": {"2020-09-30": 0, "2020-06-30": 0, "2020-03-31": "-0.10000", "2019-12-31": 1.435, "2019-09-30": 0, "2019-06-30": -0.02, "2019-03-31": "7.40300", "2018-12-31": 0, "2018-09-30": 0, "2018-06-30": 0, "2018-03-31": "-0.00300", "2017-12-31": -0.005, "2017-09-30": 0.13, "2017-06-30": -3.92, "2017-03-31": "", "2016-12-31": -0.135, "2016-09-30": 0.006, "2016-06-30": -0.006, "2016-03-31": "", "2015-12-31": 0.003, "2015-09-30": -0.054, "2015-06-30": -0.014, "2015-03-31": "-1.30700", "2014-12-31": 0.009, "2014-09-30": -0.106, "2014-06-30": -3.024, "2014-03-31": "-12.35800", "2013-12-31": -0.2, "2013-09-30": 0, "2013-06-30": -0.037, "2013-03-31": "-0.46300", "2012-12-31": -0.056, "2012-09-30": -0.491, "2012-06-30": -0.988, "2012-03-31": "-0.24500", "2011-12-31": 0.003, "2011-09-30": -0.296, "2011-06-30": -0.04, "2011-03-31": "-0.10300", "2010-12-31": -1.366, "2010-09-30": -0.684, "2010-06-30": -0.35, "2010-03-31": "-1.68100", "2009-12-31": -2.136, "2009-09-30": -2.07, "2009-06-30": -5.36, "2009-03-31": "0.00000", "2008-12-31": -0.6, "2008-09-30": -2.725, "2008-06-30": 0, "2008-03-31": "-0.67500", "2007-12-31": 0, "2007-09-30": 0, "2007-06-30": -1.4, "2007-03-31": "-0.67500", "2006-12-31": 0, "2006-09-30": 0, "2006-06-30": 0, "2006-03-31": "", "2005-12-31": 0, "2005-09-30": -4, "2005-06-30": 0, "2005-03-31": "-1.00000"}, "Net Acquisitions/Divestitures": {"2020-09-30": 0.234, "2020-06-30": -84.649, "2020-03-31": "", "2019-12-31": -3.575, "2019-09-30": -59.728, "2019-06-30": 0, "2019-03-31": "-16.08300", "2018-12-31": 0, "2018-09-30": 0.045, "2018-06-30": 0.266, "2018-03-31": "6.91900", "2017-12-31": -1.771, "2017-09-30": -1.301, "2017-06-30": -0.032, "2017-03-31": "-73.54100", "2016-12-31": -2.38, "2016-09-30": -0.308, "2016-06-30": -1.843, "2016-03-31": "-9.63400", "2015-12-31": -0.866, "2015-09-30": -3.49, "2015-06-30": 0.895, "2015-03-31": "-0.89500", "2014-12-31": -0.982, "2014-09-30": -1.635, "2014-06-30": -42.01, "2014-03-31": "", "2013-12-31": -3.544, "2013-09-30": -2.627, "2013-06-30": -1.827, "2013-03-31": "-64.05600", "2012-12-31": -0.964, "2012-09-30": -19.89, "2012-06-30": -3.26, "2012-03-31": "-15.32900", "2011-12-31": -149.84, "2011-09-30": -3.47, "2011-06-30": -1.657, "2011-03-31": "-3.57100", "2010-12-31": -0.613, "2010-09-30": -21.349, "2010-06-30": -0.849, "2010-03-31": "-66.49600", "2009-12-31": -0.053, "2009-09-30": -2.132, "2009-06-30": -33.364, "2009-03-31": "-0.44100", "2008-12-31": -34.945, "2008-09-30": -0.959, "2008-06-30": -0.004, "2008-03-31": "-17.10600", "2007-12-31": -385.177, "2007-09-30": 0, "2007-06-30": -1.636, "2007-03-31": "-0.86000", "2006-12-31": -34.674, "2006-09-30": 5.964, "2006-06-30": -4.003, "2006-03-31": "-0.58600", "2005-12-31": 35.13, "2005-09-30": -1.235, "2005-06-30": -38.239, "2005-03-31": ""}, "Net Change In Short-term Investments": {"2020-09-30": 110.58, "2020-06-30": 14.197, "2020-03-31": "9.23100", "2019-12-31": -37.502, "2019-09-30": -19.089, "2019-06-30": 7.151, "2019-03-31": "9.52200", "2018-12-31": -0.979, "2018-09-30": -7.673, "2018-06-30": -61.477, "2018-03-31": "1.43400", "2017-12-31": 14.737, "2017-09-30": 6.629, "2017-06-30": -7.718, "2017-03-31": "2.46600", "2016-12-31": -2.521, "2016-09-30": -14.02, "2016-06-30": -26.072, "2016-03-31": "-15.92900", "2015-12-31": -54.966, "2015-09-30": -1.548, "2015-06-30": 6.007, "2015-03-31": "1.28700", "2014-12-31": -8.181, "2014-09-30": -17.458, "2014-06-30": 15.389, "2014-03-31": "0.61900", "2013-12-31": -7.943, "2013-09-30": 197.733, "2013-06-30": -0.987, "2013-03-31": "-9.68600", "2012-12-31": -35.611, "2012-09-30": -42.371, "2012-06-30": -109.99, "2012-03-31": "-34.64700", "2011-12-31": 9.411, "2011-09-30": -34.383, "2011-06-30": -51.518, "2011-03-31": "-48.21400", "2010-12-31": -14.172, "2010-09-30": -7.111, "2010-06-30": -14.049, "2010-03-31": "2.68200", "2009-12-31": -6.229, "2009-09-30": -56.537, "2009-06-30": 0.854, "2009-03-31": "0.83100", "2008-12-31": -1.774, "2008-09-30": -7.593, "2008-06-30": 2.566, "2008-03-31": "7.90700", "2007-12-31": 7.332, "2007-09-30": 198.047, "2007-06-30": -29.085, "2007-03-31": "23.73200", "2006-12-31": -23.604, "2006-09-30": -55.86, "2006-06-30": -60.308, "2006-03-31": "-15.63200", "2005-12-31": 17.914, "2005-09-30": -23.261, "2005-06-30": -27.669, "2005-03-31": "101.98400"}, "Net Change In Long-Term Investments": {"2020-09-30": 0, "2020-06-30": 0, "2020-03-31": "", "2019-12-31": 0, "2019-09-30": 0, "2019-06-30": 0, "2019-03-31": "", "2018-12-31": 0, "2018-09-30": 0, "2018-06-30": 0, "2018-03-31": "", "2017-12-31": 0, "2017-09-30": 0, "2017-06-30": 0, "2017-03-31": "", "2016-12-31": 0.006, "2016-09-30": -0.006, "2016-06-30": 0, "2016-03-31": "", "2015-12-31": 0, "2015-09-30": 2.589, "2015-06-30": -2.589, "2015-03-31": "", "2014-12-31": 0, "2014-09-30": 0, "2014-06-30": 1.364, "2014-03-31": "-1.36400", "2013-12-31": 0, "2013-09-30": 0, "2013-06-30": 0, "2013-03-31": "", "2012-12-31": 0, "2012-09-30": 0, "2012-06-30": 0, "2012-03-31": "", "2011-12-31": 0, "2011-09-30": 0, "2011-06-30": 0, "2011-03-31": "", "2010-12-31": 0, "2010-09-30": 0, "2010-06-30": 0, "2010-03-31": "", "2009-12-31": 0, "2009-09-30": 0, "2009-06-30": 0, "2009-03-31": "", "2008-12-31": 0, "2008-09-30": 0, "2008-06-30": 0, "2008-03-31": "", "2007-12-31": 0, "2007-09-30": 0, "2007-06-30": 0, "2007-03-31": "", "2006-12-31": 0, "2006-09-30": 0, "2006-06-30": 0, "2006-03-31": "", "2005-12-31": 0, "2005-09-30": 0, "2005-06-30": 0, "2005-03-31": ""}, "Net Change In Investments - Total": {"2020-09-30": 110.58, "2020-06-30": 14.197, "2020-03-31": "9.23100", "2019-12-31": -37.502, "2019-09-30": -19.089, "2019-06-30": 7.151, "2019-03-31": "9.52200", "2018-12-31": -0.979, "2018-09-30": -7.673, "2018-06-30": -61.477, "2018-03-31": "1.43400", "2017-12-31": 14.737, "2017-09-30": 6.629, "2017-06-30": -7.718, "2017-03-31": "2.46600", "2016-12-31": -2.515, "2016-09-30": -14.026, "2016-06-30": -26.072, "2016-03-31": "-15.92900", "2015-12-31": -54.966, "2015-09-30": 1.041, "2015-06-30": 3.418, "2015-03-31": "1.28700", "2014-12-31": -8.181, "2014-09-30": -17.458, "2014-06-30": 16.753, "2014-03-31": "-0.74500", "2013-12-31": -7.943, "2013-09-30": 197.733, "2013-06-30": -0.987, "2013-03-31": "-9.68600", "2012-12-31": -35.611, "2012-09-30": -42.371, "2012-06-30": -109.99, "2012-03-31": "-34.64700", "2011-12-31": 9.411, "2011-09-30": -34.383, "2011-06-30": -51.518, "2011-03-31": "-48.21400", "2010-12-31": -14.172, "2010-09-30": -7.111, "2010-06-30": -14.049, "2010-03-31": "2.68200", "2009-12-31": -6.229, "2009-09-30": -56.537, "2009-06-30": 0.854, "2009-03-31": "0.83100", "2008-12-31": -1.774, "2008-09-30": -7.593, "2008-06-30": 2.566, "2008-03-31": "7.90700", "2007-12-31": 7.332, "2007-09-30": 198.047, "2007-06-30": -29.085, "2007-03-31": "23.73200", "2006-12-31": -23.604, "2006-09-30": -55.86, "2006-06-30": -60.308, "2006-03-31": "-15.63200", "2005-12-31": 17.914, "2005-09-30": -23.261, "2005-06-30": -27.669, "2005-03-31": "101.98400"}, "Investing Activities - Other": {"2020-09-30": 0, "2020-06-30": 0, "2020-03-31": "", "2019-12-31": 0, "2019-09-30": 0, "2019-06-30": 0, "2019-03-31": "", "2018-12-31": 0, "2018-09-30": 0, "2018-06-30": 0, "2018-03-31": "", "2017-12-31": 0, "2017-09-30": 0, "2017-06-30": 0, "2017-03-31": "", "2016-12-31": 0, "2016-09-30": 0, "2016-06-30": 0, "2016-03-31": "", "2015-12-31": 0, "2015-09-30": 0, "2015-06-30": 0, "2015-03-31": "", "2014-12-31": 0, "2014-09-30": 0, "2014-06-30": 0, "2014-03-31": "", "2013-12-31": 0, "2013-09-30": 0, "2013-06-30": 0, "2013-03-31": "", "2012-12-31": 1.418, "2012-09-30": -4.622, "2012-06-30": 4.614, "2012-03-31": "-1.41000", "2011-12-31": 3.581, "2011-09-30": 6.949, "2011-06-30": -2.911, "2011-03-31": "-7.61900", "2010-12-31": -4.445, "2010-09-30": -11.915, "2010-06-30": 8.543, "2010-03-31": "4.60600", "2009-12-31": 3.691, "2009-09-30": -6.316, "2009-06-30": -5.456, "2009-03-31": "5.56100", "2008-12-31": -4.84, "2008-09-30": 4.707, "2008-06-30": 0.788, "2008-03-31": "-6.04500", "2007-12-31": -1.985, "2007-09-30": -3.339, "2007-06-30": 0.915, "2007-03-31": "0.29700", "2006-12-31": -0.519, "2006-09-30": 0.837, "2006-06-30": -2.149, "2006-03-31": "35.77300", "2005-12-31": -35.163, "2005-09-30": -0.087, "2005-06-30": 2.834, "2005-03-31": "2.67500"}, "Cash Flow From Investing Activities": {"2020-09-30": 90.854, "2020-06-30": -88.573, "2020-03-31": "-12.42200", "2019-12-31": -61.196, "2019-09-30": -109.909, "2019-06-30": -15.071, "2019-03-31": "-22.71300", "2018-12-31": -54.811, "2018-09-30": -29.509, "2018-06-30": -83.842, "2018-03-31": "-18.81600", "2017-12-31": -13.083, "2017-09-30": -14.814, "2017-06-30": -37.283, "2017-03-31": "-110.39200", "2016-12-31": -50.123, "2016-09-30": -53.429, "2016-06-30": -59.47, "2016-03-31": "-50.85800", "2015-12-31": -83.778, "2015-09-30": -27.235, "2015-06-30": -27.865, "2015-03-31": "-27.99100", "2014-12-31": -49.444, "2014-09-30": -46.511, "2014-06-30": -58.986, "2014-03-31": "-35.57000", "2013-12-31": -39.445, "2013-09-30": 174.93, "2013-06-30": -26.284, "2013-03-31": "-108.28200", "2012-12-31": -59.622, "2012-09-30": -103.926, "2012-06-30": -150.553, "2012-03-31": "-86.28500", "2011-12-31": -172.443, "2011-09-30": -55.813, "2011-06-30": -80.783, "2011-03-31": "-77.29300", "2010-12-31": -52.102, "2010-09-30": -61.261, "2010-06-30": -26.135, "2010-03-31": "-77.01400", "2009-12-31": -22.591, "2009-09-30": -82.591, "2009-06-30": -58.054, "2009-03-31": "-12.71600", "2008-12-31": -64.239, "2008-09-30": -29.715, "2008-06-30": -17.189, "2008-03-31": "-34.96400", "2007-12-31": -394.487, "2007-09-30": 176.04, "2007-06-30": -47.84, "2007-03-31": "11.85800", "2006-12-31": -73.705, "2006-09-30": -62.287, "2006-06-30": -79.993, "2006-03-31": "8.23700", "2005-12-31": 8.123, "2005-09-30": -37.289, "2005-06-30": -70.891, "2005-03-31": "93.88500"}, "Net Long-Term Debt": {"2020-09-30": -0.183, "2020-06-30": -0.182, "2020-03-31": "-1.41500", "2019-12-31": -0.156, "2019-09-30": -0.128, "2019-06-30": -0.122, "2019-03-31": "-0.23700", "2018-12-31": -1.366, "2018-09-30": -0.09, "2018-06-30": -1.418, "2018-03-31": "-0.08700", "2017-12-31": -0.096, "2017-09-30": -0.071, "2017-06-30": -0.073, "2017-03-31": "-0.07600", "2016-12-31": -0.072, "2016-09-30": -0.075, "2016-06-30": -0.079, "2016-03-31": "-0.07700", "2015-12-31": -0.15, "2015-09-30": -0.001, "2015-06-30": -0.065, "2015-03-31": "-0.06600", "2014-12-31": -0.072, "2014-09-30": -0.063, "2014-06-30": -0.052, "2014-03-31": "-0.06600", "2013-12-31": -0.05, "2013-09-30": -300.055, "2013-06-30": -0.049, "2013-03-31": "-0.07400", "2012-12-31": -0.124, "2012-09-30": -0.129, "2012-06-30": -0.142, "2012-03-31": "-0.22500", "2011-12-31": -0.22, "2011-09-30": -0.247, "2011-06-30": -0.605, "2011-03-31": "-225.76300", "2010-12-31": 221.368, "2010-09-30": -2.501, "2010-06-30": 0.655, "2010-03-31": "-1.59500", "2009-12-31": -1.57, "2009-09-30": -1.668, "2009-06-30": 293.047, "2009-03-31": "-1.88200", "2008-12-31": -0.64, "2008-09-30": -4.935, "2008-06-30": -2.224, "2008-03-31": "-2.19000", "2007-12-31": -17.208, "2007-09-30": -0.183, "2007-06-30": -0.182, "2007-03-31": "-0.12300", "2006-12-31": -0.129, "2006-09-30": -0.128, "2006-06-30": -0.113, "2006-03-31": "-0.11700", "2005-12-31": -0.174, "2005-09-30": -0.042, "2005-06-30": -0.11, "2005-03-31": "-0.12100"}, "Net Current Debt": {"2020-09-30": 0, "2020-06-30": 0, "2020-03-31": "", "2019-12-31": 0.486, "2019-09-30": -0.028, "2019-06-30": -0.458, "2019-03-31": "", "2018-12-31": 0, "2018-09-30": 0, "2018-06-30": 0, "2018-03-31": "", "2017-12-31": 0, "2017-09-30": 0, "2017-06-30": 0, "2017-03-31": "-0.03600", "2016-12-31": 0.037, "2016-09-30": 0, "2016-06-30": 0, "2016-03-31": "", "2015-12-31": 0, "2015-09-30": 0, "2015-06-30": 0, "2015-03-31": "", "2014-12-31": -1.198, "2014-09-30": -0.3, "2014-06-30": -0.012, "2014-03-31": "-0.05000", "2013-12-31": 0.066, "2013-09-30": 0, "2013-06-30": 0.001, "2013-03-31": "-0.01900", "2012-12-31": 0.022, "2012-09-30": -0.439, "2012-06-30": 0.087, "2012-03-31": "0.13900", "2011-12-31": -3.869, "2011-09-30": -0.529, "2011-06-30": -1.887, "2011-03-31": "2.38500", "2010-12-31": -0.368, "2010-09-30": -0.013, "2010-06-30": -0.158, "2010-03-31": "-0.29100", "2009-12-31": 0.338, "2009-09-30": -0.413, "2009-06-30": -0.144, "2009-03-31": "-2.08400", "2008-12-31": -1.47, "2008-09-30": 0.601, "2008-06-30": -0.105, "2008-03-31": "-0.66800", "2007-12-31": -5.676, "2007-09-30": 0.124, "2007-06-30": -0.237, "2007-03-31": "1.46300", "2006-12-31": -0.777, "2006-09-30": -0.68, "2006-06-30": 0.636, "2006-03-31": "0.16200", "2005-12-31": -5.035, "2005-09-30": -2.95, "2005-06-30": 0.93, "2005-03-31": "0.20800"}, "Debt Issuance/Retirement Net - Total": {"2020-09-30": -0.183, "2020-06-30": -0.182, "2020-03-31": "-1.41500", "2019-12-31": 0.33, "2019-09-30": -0.156, "2019-06-30": -0.58, "2019-03-31": "-0.23700", "2018-12-31": -1.366, "2018-09-30": -0.09, "2018-06-30": -1.418, "2018-03-31": "-0.08700", "2017-12-31": -0.096, "2017-09-30": -0.071, "2017-06-30": -0.073, "2017-03-31": "-0.11200", "2016-12-31": -0.035, "2016-09-30": -0.075, "2016-06-30": -0.079, "2016-03-31": "-0.07700", "2015-12-31": -0.15, "2015-09-30": -0.001, "2015-06-30": -0.065, "2015-03-31": "-0.06600", "2014-12-31": -1.27, "2014-09-30": -0.363, "2014-06-30": -0.064, "2014-03-31": "-0.11600", "2013-12-31": 0.016, "2013-09-30": -300.055, "2013-06-30": -0.048, "2013-03-31": "-0.09300", "2012-12-31": -0.102, "2012-09-30": -0.568, "2012-06-30": -0.055, "2012-03-31": "-0.08600", "2011-12-31": -4.089, "2011-09-30": -0.776, "2011-06-30": -2.492, "2011-03-31": "-223.37800", "2010-12-31": 221, "2010-09-30": -2.514, "2010-06-30": 0.497, "2010-03-31": "-1.88600", "2009-12-31": -1.232, "2009-09-30": -2.081, "2009-06-30": 292.903, "2009-03-31": "-3.96600", "2008-12-31": -2.11, "2008-09-30": -4.334, "2008-06-30": -2.329, "2008-03-31": "-2.85800", "2007-12-31": -22.884, "2007-09-30": -0.059, "2007-06-30": -0.419, "2007-03-31": "1.34000", "2006-12-31": -0.906, "2006-09-30": -0.808, "2006-06-30": 0.523, "2006-03-31": "0.04500", "2005-12-31": -5.209, "2005-09-30": -2.992, "2005-06-30": 0.82, "2005-03-31": "0.08700"}, "Net Common Equity Issued/Repurchased": {"2020-09-30": 6.98, "2020-06-30": 4.134, "2020-03-31": "-95.93700", "2019-12-31": -4.627, "2019-09-30": 0.829, "2019-06-30": -11.089, "2019-03-31": "3.83100", "2018-12-31": -45.637, "2018-09-30": 3.746, "2018-06-30": 3.24, "2018-03-31": "3.87200", "2017-12-31": 10.982, "2017-09-30": -2.193, "2017-06-30": -0.995, "2017-03-31": "3.89000", "2016-12-31": 2.452, "2016-09-30": 1.953, "2016-06-30": 3.107, "2016-03-31": "3.76800", "2015-12-31": 3.51, "2015-09-30": 0.14, "2015-06-30": 3.08, "2015-03-31": "1.50600", "2014-12-31": 6.686, "2014-09-30": 1.892, "2014-06-30": 3.049, "2014-03-31": "3.42400", "2013-12-31": 1.84, "2013-09-30": 2.817, "2013-06-30": 3.445, "2013-03-31": "3.13500", "2012-12-31": 1.653, "2012-09-30": 2.746, "2012-06-30": 2.647, "2012-03-31": "3.46400", "2011-12-31": 1.218, "2011-09-30": 2.573, "2011-06-30": 2.82, "2011-03-31": "7.63800", "2010-12-31": 3.713, "2010-09-30": 3.394, "2010-06-30": 2.927, "2010-03-31": "2.69600", "2009-12-31": 2.618, "2009-09-30": 3.272, "2009-06-30": 2.5, "2009-03-31": "1.89600", "2008-12-31": 2.441, "2008-09-30": 4.1, "2008-06-30": 2.683, "2008-03-31": "3.68800", "2007-12-31": 2.471, "2007-09-30": 2.947, "2007-06-30": 2.015, "2007-03-31": "4.14700", "2006-12-31": 1.412, "2006-09-30": 3.044, "2006-06-30": 3.144, "2006-03-31": "2.32300", "2005-12-31": 1.996, "2005-09-30": 2.403, "2005-06-30": 1.808, "2005-03-31": "2.70800"}, "Net Total Equity Issued/Repurchased": {"2020-09-30": 6.98, "2020-06-30": 4.134, "2020-03-31": "-95.93700", "2019-12-31": -4.627, "2019-09-30": 0.829, "2019-06-30": -11.089, "2019-03-31": "3.83100", "2018-12-31": -45.637, "2018-09-30": 3.746, "2018-06-30": 3.24, "2018-03-31": "3.87200", "2017-12-31": 10.982, "2017-09-30": -2.193, "2017-06-30": -0.995, "2017-03-31": "3.89000", "2016-12-31": 2.452, "2016-09-30": 1.953, "2016-06-30": 3.107, "2016-03-31": "3.76800", "2015-12-31": 3.51, "2015-09-30": 0.14, "2015-06-30": 3.08, "2015-03-31": "1.50600", "2014-12-31": 6.686, "2014-09-30": 1.892, "2014-06-30": 3.049, "2014-03-31": "3.42400", "2013-12-31": 1.84, "2013-09-30": 2.817, "2013-06-30": 3.445, "2013-03-31": "3.13500", "2012-12-31": 1.653, "2012-09-30": 2.746, "2012-06-30": 2.647, "2012-03-31": "3.46400", "2011-12-31": 1.218, "2011-09-30": 2.573, "2011-06-30": 2.82, "2011-03-31": "7.63800", "2010-12-31": 3.713, "2010-09-30": 3.394, "2010-06-30": 2.927, "2010-03-31": "2.69600", "2009-12-31": 2.618, "2009-09-30": 3.272, "2009-06-30": 2.5, "2009-03-31": "1.89600", "2008-12-31": 2.441, "2008-09-30": 4.1, "2008-06-30": 2.683, "2008-03-31": "3.68800", "2007-12-31": 2.471, "2007-09-30": 2.947, "2007-06-30": 2.015, "2007-03-31": "4.14700", "2006-12-31": 1.412, "2006-09-30": 3.044, "2006-06-30": 3.144, "2006-03-31": "2.32300", "2005-12-31": 1.996, "2005-09-30": 2.403, "2005-06-30": 1.808, "2005-03-31": "2.70800"}, "Total Common And Preferred Stock Dividends Paid": {"2020-09-30": 0, "2020-06-30": 0, "2020-03-31": "", "2019-12-31": 0, "2019-09-30": 0, "2019-06-30": 0, "2019-03-31": "", "2018-12-31": 0, "2018-09-30": 0, "2018-06-30": 0, "2018-03-31": "", "2017-12-31": 0, "2017-09-30": 0, "2017-06-30": 0, "2017-03-31": "", "2016-12-31": 0, "2016-09-30": 0, "2016-06-30": 0, "2016-03-31": "", "2015-12-31": 0, "2015-09-30": 0, "2015-06-30": 0, "2015-03-31": "", "2014-12-31": 0, "2014-09-30": 0, "2014-06-30": 0, "2014-03-31": "", "2013-12-31": 0, "2013-09-30": 0, "2013-06-30": 0, "2013-03-31": "", "2012-12-31": 0, "2012-09-30": 0, "2012-06-30": 0, "2012-03-31": "", "2011-12-31": 0, "2011-09-30": 0, "2011-06-30": 0, "2011-03-31": "", "2010-12-31": 0, "2010-09-30": 0, "2010-06-30": 0, "2010-03-31": "", "2009-12-31": 0, "2009-09-30": 0, "2009-06-30": 0, "2009-03-31": "", "2008-12-31": 0, "2008-09-30": 0, "2008-06-30": 0, "2008-03-31": "", "2007-12-31": 0, "2007-09-30": 0, "2007-06-30": 0, "2007-03-31": "", "2006-12-31": 0, "2006-09-30": 0, "2006-06-30": 0, "2006-03-31": "", "2005-12-31": 0, "2005-09-30": 0, "2005-06-30": 0, "2005-03-31": ""}, "Financial Activities - Other": {"2020-09-30": -6.358, "2020-06-30": -6.931, "2020-03-31": "-1.26500", "2019-12-31": -0.486, "2019-09-30": -5.164, "2019-06-30": -3.976, "2019-03-31": "-1.43300", "2018-12-31": 0, "2018-09-30": -5.832, "2018-06-30": -3.838, "2018-03-31": "-1.27000", "2017-12-31": -7.31, "2017-09-30": -0.576, "2017-06-30": 0, "2017-03-31": "-3.10500", "2016-12-31": 0.412, "2016-09-30": 1.019, "2016-06-30": 0.008, "2016-03-31": "-3.43300", "2015-12-31": 0.368, "2015-09-30": 1.984, "2015-06-30": 0.046, "2015-03-31": "-1.77100", "2014-12-31": -1.791, "2014-09-30": 0.237, "2014-06-30": -0.177, "2014-03-31": "0.18200", "2013-12-31": 1.912, "2013-09-30": -12.091, "2013-06-30": -2.107, "2013-03-31": "-10.46800", "2012-12-31": 1.964, "2012-09-30": 0.376, "2012-06-30": 0.208, "2012-03-31": "0.34100", "2011-12-31": 1.138, "2011-09-30": 0.259, "2011-06-30": 0.532, "2011-03-31": "0.99700", "2010-12-31": -3.191, "2010-09-30": 2.152, "2010-06-30": -0.266, "2010-03-31": "0.22300", "2009-12-31": 0.284, "2009-09-30": -0.033, "2009-06-30": -2.255, "2009-03-31": "0.02700", "2008-12-31": 1.591, "2008-09-30": 0.967, "2008-06-30": 0.533, "2008-03-31": "1.95900", "2007-12-31": 0.373, "2007-09-30": 0.347, "2007-06-30": 0.494, "2007-03-31": "1.77800", "2006-12-31": 0.094, "2006-09-30": 0.791, "2006-06-30": 0.172, "2006-03-31": "0.32800", "2005-12-31": 0, "2005-09-30": 0, "2005-06-30": -0.331, "2005-03-31": ""}, "Cash Flow From Financial Activities": {"2020-09-30": 0.439, "2020-06-30": -2.979, "2020-03-31": "-98.61700", "2019-12-31": -4.783, "2019-09-30": -4.491, "2019-06-30": -15.645, "2019-03-31": "2.16100", "2018-12-31": -47.003, "2018-09-30": -2.176, "2018-06-30": -2.016, "2018-03-31": "2.51500", "2017-12-31": 3.576, "2017-09-30": -2.84, "2017-06-30": -1.068, "2017-03-31": "0.67300", "2016-12-31": 2.829, "2016-09-30": 2.897, "2016-06-30": 3.036, "2016-03-31": "0.25800", "2015-12-31": 3.728, "2015-09-30": 2.123, "2015-06-30": 3.061, "2015-03-31": "-0.33100", "2014-12-31": 3.625, "2014-09-30": 1.766, "2014-06-30": 2.808, "2014-03-31": "3.49000", "2013-12-31": 3.768, "2013-09-30": -309.329, "2013-06-30": 1.29, "2013-03-31": "-7.42600", "2012-12-31": 3.515, "2012-09-30": 2.554, "2012-06-30": 2.8, "2012-03-31": "3.71900", "2011-12-31": -1.733, "2011-09-30": 2.056, "2011-06-30": 0.86, "2011-03-31": "-214.74300", "2010-12-31": 221.522, "2010-09-30": 3.032, "2010-06-30": 3.158, "2010-03-31": "1.03300", "2009-12-31": 1.67, "2009-09-30": 1.158, "2009-06-30": 293.148, "2009-03-31": "-2.04300", "2008-12-31": 1.922, "2008-09-30": 0.733, "2008-06-30": 0.887, "2008-03-31": "2.78900", "2007-12-31": -20.04, "2007-09-30": 3.235, "2007-06-30": 2.09, "2007-03-31": "7.26500", "2006-12-31": 0.6, "2006-09-30": 3.027, "2006-06-30": 3.839, "2006-03-31": "2.69600", "2005-12-31": -3.213, "2005-09-30": -0.589, "2005-06-30": 2.297, "2005-03-31": "2.79500"}, "Net Cash Flow": {"2020-09-30": 232.969, "2020-06-30": 3.689, "2020-03-31": "-54.20800", "2019-12-31": 99.299, "2019-09-30": -20.016, "2019-06-30": 124.831, "2019-03-31": "24.37300", "2018-12-31": -1.425, "2018-09-30": 31.504, "2018-06-30": -3.56, "2018-03-31": "22.66200", "2017-12-31": 54.941, "2017-09-30": 7.454, "2017-06-30": 30.001, "2017-03-31": "-164.58400", "2016-12-31": 37.958, "2016-09-30": -0.712, "2016-06-30": 15.036, "2016-03-31": "-53.93400", "2015-12-31": -49.78, "2015-09-30": 57.196, "2015-06-30": 24.405, "2015-03-31": "12.47700", "2014-12-31": -11.342, "2014-09-30": 39.923, "2014-06-30": 20.163, "2014-03-31": "32.95600", "2013-12-31": 39.758, "2013-09-30": -75.206, "2013-06-30": -1.63, "2013-03-31": "-94.75900", "2012-12-31": 36.931, "2012-09-30": -30.03, "2012-06-30": -77.325, "2012-03-31": "-40.41900", "2011-12-31": -96.797, "2011-09-30": 0.727, "2011-06-30": 42.393, "2011-03-31": "-278.64300", "2010-12-31": 275.911, "2010-09-30": 16.417, "2010-06-30": 16.089, "2010-03-31": "-51.80400", "2009-12-31": 95.759, "2009-09-30": 20.705, "2009-06-30": 340.604, "2009-03-31": "-11.65400", "2008-12-31": 10.897, "2008-09-30": 9.984, "2008-06-30": 54.163, "2008-03-31": "-32.28400", "2007-12-31": -311.028, "2007-09-30": 240.389, "2007-06-30": 2.089, "2007-03-31": "6.70700", "2006-12-31": -14.811, "2006-09-30": -7.228, "2006-06-30": -19.941, "2006-03-31": "-31.12900", "2005-12-31": 52.736, "2005-09-30": -8.152, "2005-06-30": -65.766, "2005-03-31": "122.16400"}, "Stock-Based Compensation": {"2020-09-30": 0, "2020-06-30": 0, "2020-03-31": "", "2019-12-31": 0, "2019-09-30": 0, "2019-06-30": 0, "2019-03-31": "", "2018-12-31": -19.2, "2018-09-30": 7.1, "2018-06-30": 12.1, "2018-03-31": "", "2017-12-31": -16.6, "2017-09-30": 6, "2017-06-30": 5.2, "2017-03-31": "5.40000", "2016-12-31": -14.318, "2016-09-30": 4.911, "2016-06-30": 4.762, "2016-03-31": "4.64500", "2015-12-31": -15.919, "2015-09-30": 12.309, "2015-06-30": 0, "2015-03-31": "", "2014-12-31": 0, "2014-09-30": 0, "2014-06-30": 0, "2014-03-31": "", "2013-12-31": 0, "2013-09-30": 0, "2013-06-30": 0, "2013-03-31": "", "2012-12-31": 0, "2012-09-30": 0, "2012-06-30": 0, "2012-03-31": "", "2011-12-31": 0, "2011-09-30": 0, "2011-06-30": 0, "2011-03-31": "", "2010-12-31": 0, "2010-09-30": 0, "2010-06-30": 0, "2010-03-31": "", "2009-12-31": 0, "2009-09-30": 0, "2009-06-30": 0, "2009-03-31": "", "2008-12-31": 0, "2008-09-30": 0, "2008-06-30": 0, "2008-03-31": "", "2007-12-31": 0, "2007-09-30": 0, "2007-06-30": 0, "2007-03-31": "", "2006-12-31": 0, "2006-09-30": 0, "2006-06-30": 0, "2006-03-31": "", "2005-12-31": 0, "2005-09-30": 0, "2005-06-30": 0, "2005-03-31": ""}, "Common Stock Dividends Paid": {"2020-09-30": 0, "2020-06-30": 0, "2020-03-31": "", "2019-12-31": 0, "2019-09-30": 0, "2019-06-30": 0, "2019-03-31": "", "2018-12-31": 0, "2018-09-30": 0, "2018-06-30": 0, "2018-03-31": "", "2017-12-31": 0, "2017-09-30": 0, "2017-06-30": 0, "2017-03-31": "", "2016-12-31": 0, "2016-09-30": 0, "2016-06-30": 0, "2016-03-31": "", "2015-12-31": 0, "2015-09-30": 0, "2015-06-30": 0, "2015-03-31": "", "2014-12-31": 0, "2014-09-30": 0, "2014-06-30": 0, "2014-03-31": "", "2013-12-31": 0, "2013-09-30": 0, "2013-06-30": 0, "2013-03-31": "", "2012-12-31": 0, "2012-09-30": 0, "2012-06-30": 0, "2012-03-31": "", "2011-12-31": 0, "2011-09-30": 0, "2011-06-30": 0, "2011-03-31": "", "2010-12-31": 0, "2010-09-30": 0, "2010-06-30": 0, "2010-03-31": "", "2009-12-31": 0, "2009-09-30": 0, "2009-06-30": 0, "2009-03-31": "", "2008-12-31": 0, "2008-09-30": 0, "2008-06-30": 0, "2008-03-31": "", "2007-12-31": 0, "2007-09-30": 0, "2007-06-30": 0, "2007-03-31": "", "2006-12-31": 0, "2006-09-30": 0, "2006-06-30": 0, "2006-03-31": "", "2005-12-31": 0, "2005-09-30": 0, "2005-06-30": 0, "2005-03-31": ""}}, "financial ratios": {"Current Ratio": {"2019-12-31": "2.40770", "2018-12-31": "4.48870", "2017-12-31": "3.93210", "2016-12-31": "3.91350", "2015-12-31": "4.02760", "2014-12-31": "3.84180", "2013-12-31": "3.60530", "2012-12-31": "4.09970", "2011-12-31": "3.91660", "2010-12-31": "2.96320", "2009-12-31": "3.72090", "2008-12-31": "2.61690", "2007-12-31": "2.48440", "2006-12-31": "3.53570", "2005-12-31": "3.15810"}, "Long-term Debt / Capital": {"2019-12-31": "0.00240", "2018-12-31": "0.09840", "2017-12-31": "0.12920", "2016-12-31": "0.14410", "2015-12-31": "0.14840", "2014-12-31": "0.16620", "2013-12-31": "0.16610", "2012-12-31": "0.26650", "2011-12-31": "0.29550", "2010-12-31": "0.32180", "2009-12-31": "0.36580", "2008-12-31": "0.29410", "2007-12-31": "0.31260", "2006-12-31": "0.34180", "2005-12-31": "0.39280"}, "Debt/Equity Ratio": {"2019-12-31": "0.07640", "2018-12-31": "0.10930", "2017-12-31": "0.14850", "2016-12-31": "0.16850", "2015-12-31": "0.17430", "2014-12-31": "0.19950", "2013-12-31": "0.20000", "2012-12-31": "0.36430", "2011-12-31": "0.41990", "2010-12-31": "0.62590", "2009-12-31": "0.58090", "2008-12-31": "0.42550", "2007-12-31": "0.47080", "2006-12-31": "0.52310", "2005-12-31": "0.65200"}, "Gross Margin": {"2019-12-31": "54.37640", "2018-12-31": "53.42640", "2017-12-31": "54.98240", "2016-12-31": "55.04510", "2015-12-31": "55.54360", "2014-12-31": "54.18360", "2013-12-31": "55.25770", "2012-12-31": "55.82540", "2011-12-31": "56.85130", "2010-12-31": "56.63840", "2009-12-31": "56.03740", "2008-12-31": "54.55350", "2007-12-31": "54.16390", "2006-12-31": "55.93210", "2005-12-31": "54.74130"}, "Operating Margin": {"2019-12-31": "9.93490", "2018-12-31": "-4.51390", "2017-12-31": "5.52040", "2016-12-31": "2.69410", "2015-12-31": "8.25520", "2014-12-31": "6.89570", "2013-12-31": "7.94560", "2012-12-31": "12.76680", "2011-12-31": "14.72090", "2010-12-31": "14.73750", "2009-12-31": "12.94600", "2008-12-31": "10.36880", "2007-12-31": "9.25310", "2006-12-31": "11.46930", "2005-12-31": "9.76290"}, "EBIT Margin": {"2019-12-31": "9.93490", "2018-12-31": "-4.51390", "2017-12-31": "5.52040", "2016-12-31": "2.69410", "2015-12-31": "8.25520", "2014-12-31": "6.89570", "2013-12-31": "7.94560", "2012-12-31": "12.76680", "2011-12-31": "14.72090", "2010-12-31": "14.73750", "2009-12-31": "12.94600", "2008-12-31": "10.36880", "2007-12-31": "9.25310", "2006-12-31": "11.46930", "2005-12-31": "9.76290"}, "EBITDA Margin": {"2019-12-31": "9.93490", "2018-12-31": "-4.51390", "2017-12-31": "5.52040", "2016-12-31": "2.69410", "2015-12-31": "8.25520", "2014-12-31": "6.89570", "2013-12-31": "7.94560", "2012-12-31": "12.76680", "2011-12-31": "14.72090", "2010-12-31": "14.73750", "2009-12-31": "12.94600", "2008-12-31": "10.36880", "2007-12-31": "9.25310", "2006-12-31": "11.46930", "2005-12-31": "9.76290"}, "Pre-Tax Profit Margin": {"2019-12-31": "97.81210", "2018-12-31": "22.39260", "2017-12-31": "4.52770", "2016-12-31": "2.00950", "2015-12-31": "7.22210", "2014-12-31": "6.04850", "2013-12-31": "5.26960", "2012-12-31": "11.11070", "2011-12-31": "11.85650", "2010-12-31": "11.43070", "2009-12-31": "10.41520", "2008-12-31": "8.09600", "2007-12-31": "8.27100", "2006-12-31": "11.14870", "2005-12-31": "7.90620"}, "Net Profit Margin": {"2019-12-31": "76.07850", "2018-12-31": "15.96980", "2017-12-31": "5.65930", "2016-12-31": "1.25710", "2015-12-31": "5.40940", "2014-12-31": "4.08470", "2013-12-31": "3.64750", "2012-12-31": "7.99700", "2011-12-31": "8.63330", "2010-12-31": "9.62530", "2009-12-31": "8.10540", "2008-12-31": "5.07320", "2007-12-31": "6.36490", "2006-12-31": "8.10590", "2005-12-31": "6.90550"}, "Asset Turnover": {"2019-12-31": "0.28860", "2018-12-31": "0.40800", "2017-12-31": "0.50550", "2016-12-31": "0.53710", "2015-12-31": "0.54440", "2014-12-31": "0.65100", "2013-12-31": "0.62930", "2012-12-31": "0.60090", "2011-12-31": "0.66960", "2010-12-31": "0.62920", "2009-12-31": "0.70360", "2008-12-31": "0.86600", "2007-12-31": "0.74110", "2006-12-31": "0.79810", "2005-12-31": "0.82780"}, "Inventory Turnover Ratio": {"2019-12-31": "1.90370", "2018-12-31": "1.82640", "2017-12-31": "1.63490", "2016-12-31": "1.77110", "2015-12-31": "1.83130", "2014-12-31": "2.11580", "2013-12-31": "1.84840", "2012-12-31": "2.00840", "2011-12-31": "2.06390", "2010-12-31": "2.09900", "2009-12-31": "2.23350", "2008-12-31": "2.13470", "2007-12-31": "2.08620", "2006-12-31": "2.21860", "2005-12-31": "2.51720"}, "Receiveable Turnover": {"2019-12-31": "5.88700", "2018-12-31": "5.83380", "2017-12-31": "4.64700", "2016-12-31": "5.55440", "2015-12-31": "5.15840", "2014-12-31": "5.75960", "2013-12-31": "5.04590", "2012-12-31": "5.18940", "2011-12-31": "5.20110", "2010-12-31": "4.96690", "2009-12-31": "5.16070", "2008-12-31": "5.19460", "2007-12-31": "4.08030", "2006-12-31": "4.34830", "2005-12-31": "4.77760"}, "Days Sales In Receivables": {"2019-12-31": "62.00110", "2018-12-31": "62.56690", "2017-12-31": "78.54500", "2016-12-31": "65.71360", "2015-12-31": "70.75820", "2014-12-31": "63.37280", "2013-12-31": "72.33620", "2012-12-31": "70.33500", "2011-12-31": "70.17800", "2010-12-31": "73.48720", "2009-12-31": "70.72630", "2008-12-31": "70.26510", "2007-12-31": "89.45450", "2006-12-31": "83.94030", "2005-12-31": "76.39820"}, "ROE - Return On Equity": {"2019-12-31": "30.55880", "2018-12-31": "9.09410", "2017-12-31": "4.17200", "2016-12-31": "1.00810", "2015-12-31": "4.38620", "2014-12-31": "4.06580", "2013-12-31": "3.55830", "2012-12-31": "8.21350", "2011-12-31": "10.25080", "2010-12-31": "12.13460", "2009-12-31": "11.66070", "2008-12-31": "9.17810", "2007-12-31": "9.70420", "2006-12-31": "12.60020", "2005-12-31": "11.79060"}, "Return On Tangible Equity": {"2019-12-31": "32.90070", "2018-12-31": "9.96920", "2017-12-31": "5.43310", "2016-12-31": "1.33990", "2015-12-31": "6.13520", "2014-12-31": "6.21080", "2013-12-31": "5.54700", "2012-12-31": "13.14710", "2011-12-31": "17.60050", "2010-12-31": "19.21900", "2009-12-31": "19.97370", "2008-12-31": "18.88860", "2007-12-31": "21.77980", "2006-12-31": "15.75470", "2005-12-31": "15.02740"}, "ROA - Return On Assets": {"2019-12-31": "21.95910", "2018-12-31": "6.51590", "2017-12-31": "2.86100", "2016-12-31": "0.67520", "2015-12-31": "2.94470", "2014-12-31": "2.65900", "2013-12-31": "2.29610", "2012-12-31": "4.80750", "2011-12-31": "5.77410", "2010-12-31": "6.10350", "2009-12-31": "5.88220", "2008-12-31": "4.82330", "2007-12-31": "4.78270", "2006-12-31": "6.46940", "2005-12-31": "5.43810"}, "ROI - Return On Investment": {"2019-12-31": "30.48680", "2018-12-31": "8.19900", "2017-12-31": "3.63310", "2016-12-31": "0.86280", "2015-12-31": "3.73550", "2014-12-31": "3.38990", "2013-12-31": "2.96720", "2012-12-31": "6.02430", "2011-12-31": "7.22160", "2010-12-31": "8.22920", "2009-12-31": "7.39490", "2008-12-31": "6.47910", "2007-12-31": "6.67110", "2006-12-31": "8.29310", "2005-12-31": "7.15900"}, "Book Value Per Share": {"2019-12-31": "192.30960", "2018-12-31": "134.90590", "2017-12-31": "98.37680", "2016-12-31": "87.20150", "2015-12-31": "84.82640", "2014-12-31": "75.16870", "2013-12-31": "75.98850", "2012-12-31": "70.76790", "2011-12-31": "61.89040", "2010-12-31": "55.31090", "2009-12-31": "46.47460", "2008-12-31": "39.19030", "2007-12-31": "36.14380", "2006-12-31": "30.92130", "2005-12-31": "25.08860"}, "Operating Cash Flow Per Share": {"2019-12-31": 5.7255, "2018-12-31": 5.9774, "2017-12-31": -3.8209, "2016-12-31": 0.9565, "2015-12-31": -3.0498, "2014-12-31": 3.5303, "2013-12-31": -3.4526, "2012-12-31": 0.0747, "2011-12-31": 1.2042, "2010-12-31": -3.6566, "2009-12-31": 4.7573, "2008-12-31": -0.0954, "2007-12-31": 2.6325, "2006-12-31": 0.3257, "2005-12-31": 4.0614}, "Free Cash Flow Per Share": {"2019-12-31": 6.6175, "2018-12-31": 5.5293, "2017-12-31": -2.7675, "2016-12-31": 0.0047, "2015-12-31": -2.7098, "2014-12-31": 3.0325, "2013-12-31": -2.3332, "2012-12-31": -1.0866, "2011-12-31": 0.6981, "2010-12-31": -4.3562, "2009-12-31": 5.4257, "2008-12-31": -0.9438, "2007-12-31": 2.3785, "2006-12-31": -0.2882, "2005-12-31": 2.7091}}, "financial ratios, quarterly": {"Current Ratio": {"2020-09-30": "2.35530", "2020-06-30": "2.30080", "2020-03-31": "2.39580", "2019-12-31": "2.40770", "2019-09-30": "4.71760", "2019-06-30": "4.68170", "2019-03-31": "4.57260", "2018-12-31": "4.48870", "2018-09-30": "4.48890", "2018-06-30": "4.50330", "2018-03-31": "4.33390", "2017-12-31": "3.93210", "2017-09-30": "4.05710", "2017-06-30": "4.01340", "2017-03-31": "4.25170", "2016-12-31": "3.91350", "2016-09-30": "4.17900", "2016-06-30": "4.39980", "2016-03-31": "4.42830", "2015-12-31": "4.02760", "2015-09-30": "4.12290", "2015-06-30": "4.31280", "2015-03-31": "4.08230", "2014-12-31": "3.84180", "2014-09-30": "3.50240", "2014-06-30": "3.68040", "2014-03-31": "3.67130", "2013-12-31": "3.60530", "2013-09-30": "3.61760", "2013-06-30": "4.41290", "2013-03-31": "4.17510", "2012-12-31": "4.09970", "2012-09-30": "4.25540", "2012-06-30": "4.34120", "2012-03-31": "4.09260", "2011-12-31": "3.91660", "2011-09-30": "4.52100", "2011-06-30": "4.26710", "2011-03-31": "4.20330", "2010-12-31": "2.96320", "2010-09-30": "4.02180", "2010-06-30": "3.99450", "2010-03-31": "3.87600", "2009-12-31": "3.72090", "2009-09-30": "3.61660", "2009-06-30": "3.64390", "2009-03-31": "2.95020", "2008-12-31": "2.61690", "2008-09-30": "2.80820", "2008-06-30": "2.74400", "2008-03-31": "2.70760", "2007-12-31": "2.48440", "2007-09-30": "4.25730", "2007-06-30": "4.14310", "2007-03-31": "4.15190", "2006-12-31": "3.53570", "2006-09-30": "3.88430", "2006-06-30": "3.76550", "2006-03-31": "3.82680", "2005-12-31": "3.15810", "2005-09-30": "3.18360", "2005-06-30": "3.15410", "2005-03-31": "3.08580"}, "Long-term Debt / Capital": {"2020-09-30": "0.00140", "2020-06-30": "0.00170", "2020-03-31": "0.00190", "2019-12-31": "0.00240", "2019-09-30": "0.07860", "2019-06-30": "0.07390", "2019-03-31": "0.08250", "2018-12-31": "0.09840", "2018-09-30": "0.08220", "2018-06-30": "0.08640", "2018-03-31": "0.08830", "2017-12-31": "0.12920", "2017-09-30": "0.13230", "2017-06-30": "0.13380", "2017-03-31": "0.13820", "2016-12-31": "0.14410", "2016-09-30": "0.13840", "2016-06-30": "0.14240", "2016-03-31": "0.14570", "2015-12-31": "0.14840", "2015-09-30": "0.15210", "2015-06-30": "0.15590", "2015-03-31": "0.16540", "2014-12-31": "0.16620", "2014-09-30": "0.16680", "2014-06-30": "0.16220", "2014-03-31": "0.16330", "2013-12-31": "0.16610", "2013-09-30": "0.17010", "2013-06-30": "0.26140", "2013-03-31": "0.26510", "2012-12-31": "0.26650", "2012-09-30": "0.27450", "2012-06-30": "0.28320", "2012-03-31": "0.28460", "2011-12-31": "0.29550", "2011-09-30": "0.30170", "2011-06-30": "0.29760", "2011-03-31": "0.31190", "2010-12-31": "0.32180", "2010-09-30": "0.33930", "2010-06-30": "0.36050", "2010-03-31": "0.36220", "2009-12-31": "0.36580", "2009-09-30": "0.37570", "2009-06-30": "0.39570", "2009-03-31": "0.29560", "2008-12-31": "0.29410", "2008-09-30": "0.29830", "2008-06-30": "0.28340", "2008-03-31": "0.29020", "2007-12-31": "0.31260", "2007-09-30": "0.31050", "2007-06-30": "0.32210", "2007-03-31": "0.33080", "2006-12-31": "0.34180", "2006-09-30": "0.35170", "2006-06-30": "0.36030", "2006-03-31": "0.37740", "2005-12-31": "0.39280", "2005-09-30": "0.39620", "2005-06-30": "0.40390", "2005-03-31": "0.40550"}, "Debt/Equity Ratio": {"2020-09-30": "0.04970", "2020-06-30": "0.05970", "2020-03-31": "0.06970", "2019-12-31": "0.07640", "2019-09-30": "0.08570", "2019-06-30": "0.08010", "2019-03-31": "0.09030", "2018-12-31": "0.10930", "2018-09-30": "0.08990", "2018-06-30": "0.09500", "2018-03-31": "0.09690", "2017-12-31": "0.14850", "2017-09-30": "0.15270", "2017-06-30": "0.15470", "2017-03-31": "0.16060", "2016-12-31": "0.16850", "2016-09-30": "0.16070", "2016-06-30": "0.16610", "2016-03-31": "0.17070", "2015-12-31": "0.17430", "2015-09-30": "0.17950", "2015-06-30": "0.18480", "2015-03-31": "0.19830", "2014-12-31": "0.19950", "2014-09-30": "0.20090", "2014-06-30": "0.19440", "2014-03-31": "0.19590", "2013-12-31": "0.20000", "2013-09-30": "0.20580", "2013-06-30": "0.35470", "2013-03-31": "0.36150", "2012-12-31": "0.36430", "2012-09-30": "0.37850", "2012-06-30": "0.39560", "2012-03-31": "0.39820", "2011-12-31": "0.41990", "2011-09-30": "0.43240", "2011-06-30": "0.42450", "2011-03-31": "0.45960", "2010-12-31": "0.62590", "2010-09-30": "0.52010", "2010-06-30": "0.57120", "2010-03-31": "0.57170", "2009-12-31": "0.58090", "2009-09-30": "0.60610", "2009-06-30": "0.66010", "2009-03-31": "0.42560", "2008-12-31": "0.42550", "2008-09-30": "0.43630", "2008-06-30": "0.40860", "2008-03-31": "0.42330", "2007-12-31": "0.47080", "2007-09-30": "0.45550", "2007-06-30": "0.48030", "2007-03-31": "0.49970", "2006-12-31": "0.52310", "2006-09-30": "0.54730", "2006-06-30": "0.56920", "2006-03-31": "0.61160", "2005-12-31": "0.65200", "2005-09-30": "0.67000", "2005-06-30": "0.69570", "2005-03-31": "0.69750"}, "Gross Margin": {"2020-09-30": "56.74830", "2020-06-30": "54.57230", "2020-03-31": "55.51850", "2019-12-31": "52.91870", "2019-09-30": "54.76420", "2019-06-30": "53.74760", "2019-03-31": "56.27690", "2018-12-31": "53.91370", "2018-09-30": "52.59510", "2018-06-30": "52.38080", "2018-03-31": "54.79470", "2017-12-31": "55.57050", "2017-09-30": "55.97920", "2017-06-30": "54.16950", "2017-03-31": "54.00710", "2016-12-31": "55.06980", "2016-09-30": "54.93300", "2016-06-30": "54.22690", "2016-03-31": "56.03370", "2015-12-31": "54.07260", "2015-09-30": "56.05830", "2015-06-30": "55.24520", "2015-03-31": "57.12650", "2014-12-31": "53.05870", "2014-09-30": "54.38220", "2014-06-30": "55.36970", "2014-03-31": "54.04780", "2013-12-31": "53.55630", "2013-09-30": "56.27300", "2013-06-30": "57.12720", "2013-03-31": "54.31800", "2012-12-31": "54.87700", "2012-09-30": "54.89710", "2012-06-30": "56.40430", "2012-03-31": "57.28880", "2011-12-31": "56.68560", "2011-09-30": "57.34130", "2011-06-30": "56.19340", "2011-03-31": "57.22510", "2010-12-31": "56.15740", "2010-09-30": "56.48540", "2010-06-30": "57.37220", "2010-03-31": "56.60670", "2009-12-31": "54.22820", "2009-09-30": "56.50300", "2009-06-30": "56.64130", "2009-03-31": "57.09230", "2008-12-31": "55.06590", "2008-09-30": "54.44070", "2008-06-30": "54.91650", "2008-03-31": "53.73870", "2007-12-31": "50.82430", "2007-09-30": "55.44120", "2007-06-30": "56.02570", "2007-03-31": "55.62060", "2006-12-31": "54.08550", "2006-09-30": "54.72730", "2006-06-30": "58.11610", "2006-03-31": "56.92710", "2005-12-31": "52.92280", "2005-09-30": "55.36660", "2005-06-30": "55.14660", "2005-03-31": "55.62240"}, "Operating Margin": {"2020-09-30": "16.93290", "2020-06-30": "9.63750", "2020-03-31": "13.01040", "2019-12-31": "9.48140", "2019-09-30": "10.24910", "2019-06-30": "9.84770", "2019-03-31": "10.21810", "2018-12-31": "-36.80880", "2018-09-30": "6.65430", "2018-06-30": "7.60400", "2018-03-31": "7.91380", "2017-12-31": "9.01020", "2017-09-30": "7.25690", "2017-06-30": "-0.33710", "2017-03-31": "5.24130", "2016-12-31": "-3.60960", "2016-09-30": "5.52200", "2016-06-30": "4.35880", "2016-03-31": "5.45990", "2015-12-31": "10.42540", "2015-09-30": "6.95190", "2015-06-30": "7.94400", "2015-03-31": "7.26470", "2014-12-31": "8.45600", "2014-09-30": "6.26410", "2014-06-30": "8.51050", "2014-03-31": "4.01910", "2013-12-31": "8.68140", "2013-09-30": "5.75330", "2013-06-30": "10.07560", "2013-03-31": "7.03500", "2012-12-31": "12.31370", "2012-09-30": "13.20260", "2012-06-30": "14.36220", "2012-03-31": "11.18010", "2011-12-31": "17.44980", "2011-09-30": "14.31170", "2011-06-30": "13.07110", "2011-03-31": "13.83530", "2010-12-31": "14.57400", "2010-09-30": "15.86460", "2010-06-30": "14.57800", "2010-03-31": "13.92390", "2009-12-31": "11.37100", "2009-09-30": "14.61240", "2009-06-30": "13.08220", "2009-03-31": "12.82930", "2008-12-31": "4.97850", "2008-09-30": "11.58650", "2008-06-30": "13.19920", "2008-03-31": "11.78100", "2007-12-31": "5.03210", "2007-09-30": "11.04520", "2007-06-30": "10.52330", "2007-03-31": "12.04620", "2006-12-31": "7.48160", "2006-09-30": "9.79480", "2006-06-30": "13.60360", "2006-03-31": "15.36200", "2005-12-31": "7.12360", "2005-09-30": "8.96850", "2005-06-30": "9.58520", "2005-03-31": "13.39870"}, "EBIT Margin": {"2020-09-30": "16.93290", "2020-06-30": "9.63750", "2020-03-31": "13.01040", "2019-12-31": "9.48150", "2019-09-30": "10.24910", "2019-06-30": "9.84770", "2019-03-31": "10.21810", "2018-12-31": "-36.80880", "2018-09-30": "6.65430", "2018-06-30": "7.60400", "2018-03-31": "7.91380", "2017-12-31": "9.01020", "2017-09-30": "7.25690", "2017-06-30": "-0.33710", "2017-03-31": "5.24130", "2016-12-31": "-3.60960", "2016-09-30": "5.52200", "2016-06-30": "4.35880", "2016-03-31": "5.45990", "2015-12-31": "10.42540", "2015-09-30": "6.95190", "2015-06-30": "7.94400", "2015-03-31": "7.26470", "2014-12-31": "8.45600", "2014-09-30": "6.26410", "2014-06-30": "8.51050", "2014-03-31": "4.01910", "2013-12-31": "8.68140", "2013-09-30": "5.75330", "2013-06-30": "10.07560", "2013-03-31": "7.03500", "2012-12-31": "12.31370", "2012-09-30": "13.20260", "2012-06-30": "14.36220", "2012-03-31": "11.18010", "2011-12-31": "17.44970", "2011-09-30": "14.31170", "2011-06-30": "13.07110", "2011-03-31": "13.83530", "2010-12-31": "14.57400", "2010-09-30": "15.86460", "2010-06-30": "14.57800", "2010-03-31": "13.92390", "2009-12-31": "11.37100", "2009-09-30": "14.61240", "2009-06-30": "13.08220", "2009-03-31": "12.82930", "2008-12-31": "4.97850", "2008-09-30": "11.58650", "2008-06-30": "13.19920", "2008-03-31": "11.78100", "2007-12-31": "5.03210", "2007-09-30": "11.04520", "2007-06-30": "10.52330", "2007-03-31": "12.04620", "2006-12-31": "7.48160", "2006-09-30": "9.79480", "2006-06-30": "13.60360", "2006-03-31": "15.36200", "2005-12-31": "7.12360", "2005-09-30": "8.96850", "2005-06-30": "9.58520", "2005-03-31": "13.39870"}, "EBITDA Margin": {"2020-09-30": "", "2020-06-30": "", "2020-03-31": "", "2019-12-31": "", "2019-09-30": "", "2019-06-30": "", "2019-03-31": "", "2018-12-31": "", "2018-09-30": "", "2018-06-30": "", "2018-03-31": "", "2017-12-31": "", "2017-09-30": "", "2017-06-30": "", "2017-03-31": "", "2016-12-31": "", "2016-09-30": "", "2016-06-30": "", "2016-03-31": "", "2015-12-31": "", "2015-09-30": "", "2015-06-30": "", "2015-03-31": "", "2014-12-31": "", "2014-09-30": "", "2014-06-30": "", "2014-03-31": "", "2013-12-31": "", "2013-09-30": "", "2013-06-30": "", "2013-03-31": "", "2012-12-31": "", "2012-09-30": "", "2012-06-30": "", "2012-03-31": "", "2011-12-31": "", "2011-09-30": "", "2011-06-30": "", "2011-03-31": "", "2010-12-31": "", "2010-09-30": "", "2010-06-30": "", "2010-03-31": "", "2009-12-31": "", "2009-09-30": "", "2009-06-30": "", "2009-03-31": "", "2008-12-31": "", "2008-09-30": "", "2008-06-30": "", "2008-03-31": "", "2007-12-31": "", "2007-09-30": "", "2007-06-30": "", "2007-03-31": "", "2006-12-31": "", "2006-09-30": "", "2006-06-30": "", "2006-03-31": "", "2005-12-31": "", "2005-09-30": "", "2005-06-30": "", "2005-03-31": ""}, "Pre-Tax Profit Margin": {"2020-09-30": "260.24370", "2020-06-30": "232.07140", "2020-03-31": "157.21310", "2019-12-31": "112.01140", "2019-09-30": "-59.79240", "2019-06-30": "134.40020", "2019-03-31": "203.48530", "2018-12-31": "-168.80150", "2018-09-30": "64.22800", "2018-06-30": "59.05180", "2018-03-31": "156.60190", "2017-12-31": "7.39580", "2017-09-30": "5.72660", "2017-06-30": "0.22190", "2017-03-31": "4.02900", "2016-12-31": "-4.93250", "2016-09-30": "4.45960", "2016-06-30": "5.19840", "2016-03-31": "4.28590", "2015-12-31": "9.49910", "2015-09-30": "5.40790", "2015-06-30": "7.81270", "2015-03-31": "5.64570", "2014-12-31": "7.64700", "2014-09-30": "4.23560", "2014-06-30": "9.08980", "2014-03-31": "2.85430", "2013-12-31": "7.38590", "2013-09-30": "-1.03270", "2013-06-30": "9.33600", "2013-03-31": "4.81260", "2012-12-31": "10.92750", "2012-09-30": "11.02930", "2012-06-30": "12.93420", "2012-03-31": "9.49640", "2011-12-31": "15.26500", "2011-09-30": "10.79800", "2011-06-30": "11.08370", "2011-03-31": "9.94820", "2010-12-31": "10.71740", "2010-09-30": "12.28180", "2010-06-30": "11.83630", "2010-03-31": "10.96770", "2009-12-31": "8.50240", "2009-09-30": "11.10930", "2009-06-30": "11.53460", "2009-03-31": "10.78610", "2008-12-31": "0.90610", "2008-09-30": "9.83290", "2008-06-30": "12.36980", "2008-03-31": "9.32790", "2007-12-31": "2.73750", "2007-09-30": "10.33370", "2007-06-30": "10.53100", "2007-03-31": "11.60870", "2006-12-31": "6.95030", "2006-09-30": "10.64630", "2006-06-30": "13.17310", "2006-03-31": "14.23080", "2005-12-31": "2.93050", "2005-09-30": "7.34190", "2005-06-30": "8.75000", "2005-03-31": "12.72950"}, "Net Profit Margin": {"2020-09-30": "203.13600", "2020-06-30": "180.00840", "2020-03-31": "119.98940", "2019-12-31": "88.63890", "2019-09-30": "-46.16500", "2019-06-30": "104.57390", "2019-03-31": "156.17830", "2018-12-31": "-134.31670", "2018-09-30": "49.40510", "2018-06-30": "46.54240", "2018-03-31": "119.08460", "2017-12-31": "13.31640", "2017-09-30": "4.13130", "2017-06-30": "0.99770", "2017-03-31": "2.48230", "2016-12-31": "-3.97150", "2016-09-30": "3.61770", "2016-06-30": "3.48580", "2016-03-31": "2.60530", "2015-12-31": "7.99710", "2015-09-30": "3.69610", "2015-06-30": "5.61610", "2015-03-31": "3.76840", "2014-12-31": "6.52550", "2014-09-30": "2.16890", "2014-06-30": "5.89220", "2014-03-31": "1.30910", "2013-12-31": "5.00070", "2013-09-30": "-1.40560", "2013-06-30": "6.58680", "2013-03-31": "4.03280", "2012-12-31": "7.57980", "2012-09-30": "8.54890", "2012-06-30": "9.47120", "2012-03-31": "6.37600", "2011-12-31": "10.90960", "2011-09-30": "8.88590", "2011-06-30": "7.67710", "2011-03-31": "6.81050", "2010-12-31": "12.72350", "2010-09-30": "9.49390", "2010-06-30": "8.11630", "2010-03-31": "7.67470", "2009-12-31": "7.64780", "2009-09-30": "8.35560", "2009-06-30": "8.88820", "2009-03-31": "7.54860", "2008-12-31": "-1.83410", "2008-09-30": "6.29930", "2008-06-30": "9.59370", "2008-03-31": "6.27550", "2007-12-31": "2.68770", "2007-09-30": "8.23300", "2007-06-30": "7.57000", "2007-03-31": "8.37100", "2006-12-31": "4.85280", "2006-09-30": "7.59600", "2006-06-30": "10.15460", "2006-03-31": "10.11810", "2005-12-31": "4.37770", "2005-09-30": "5.72650", "2005-06-30": "6.31230", "2005-03-31": "11.19560"}, "Asset Turnover": {"2020-09-30": "0.05380", "2020-06-30": "0.05320", "2020-03-31": "0.06580", "2019-12-31": "0.07800", "2019-09-30": "0.07810", "2019-06-30": "0.07490", "2019-03-31": "0.08070", "2018-12-31": "0.10990", "2018-09-30": "0.08110", "2018-06-30": "0.09020", "2018-03-31": "0.08870", "2017-12-31": "0.14540", "2017-09-30": "0.12760", "2017-06-30": "0.12180", "2017-03-31": "0.12650", "2016-12-31": "0.14840", "2016-09-30": "0.12660", "2016-06-30": "0.13340", "2016-03-31": "0.12550", "2015-12-31": "0.15380", "2015-09-30": "0.12820", "2015-06-30": "0.14360", "2015-03-31": "0.14220", "2014-12-31": "0.17900", "2014-09-30": "0.15670", "2014-06-30": "0.15480", "2014-03-31": "0.14800", "2013-12-31": "0.17780", "2013-09-30": "0.15400", "2013-06-30": "0.15080", "2013-03-31": "0.14450", "2012-12-31": "0.16660", "2012-09-30": "0.15100", "2012-06-30": "0.16110", "2012-03-31": "0.15250", "2011-12-31": "0.17770", "2011-09-30": "0.17390", "2011-06-30": "0.17140", "2011-03-31": "0.16680", "2010-12-31": "0.17430", "2010-09-30": "0.17580", "2010-06-30": "0.18510", "2010-03-31": "0.17830", "2009-12-31": "0.19520", "2009-09-30": "0.18600", "2009-06-30": "0.18220", "2009-03-31": "0.20500", "2008-12-31": "0.21990", "2008-09-30": "0.21930", "2008-06-30": "0.21550", "2008-03-31": "0.20560", "2007-12-31": "0.23320", "2007-09-30": "0.19840", "2007-06-30": "0.20490", "2007-03-31": "0.20070", "2006-12-31": "0.21490", "2006-09-30": "0.20000", "2006-06-30": "0.21270", "2006-03-31": "0.21790", "2005-12-31": "0.21540", "2005-09-30": "0.19860", "2005-06-30": "0.20920", "2005-03-31": "0.21390"}, "Inventory Turnover Ratio": {"2020-09-30": "0.43730", "2020-06-30": "0.38810", "2020-03-31": "0.45650", "2019-12-31": "0.53070", "2019-09-30": "0.43130", "2019-06-30": "0.44900", "2019-03-31": "0.41020", "2018-12-31": "0.48690", "2018-09-30": "0.42990", "2018-06-30": "0.46370", "2018-03-31": "0.40720", "2017-12-31": "0.46410", "2017-09-30": "0.39090", "2017-06-30": "0.39840", "2017-03-31": "0.41080", "2016-12-31": "0.48910", "2016-09-30": "0.41210", "2016-06-30": "0.43680", "2016-03-31": "0.38850", "2015-12-31": "0.53450", "2015-09-30": "0.40280", "2015-06-30": "0.45210", "2015-03-31": "0.42380", "2014-12-31": "0.59620", "2014-09-30": "0.46910", "2014-06-30": "0.46020", "2014-03-31": "0.45550", "2013-12-31": "0.54220", "2013-09-30": "0.42190", "2013-06-30": "0.46470", "2013-03-31": "0.48840", "2012-12-31": "0.56890", "2012-09-30": "0.49060", "2012-06-30": "0.49510", "2012-03-31": "0.44820", "2011-12-31": "0.54980", "2011-09-30": "0.49450", "2011-06-30": "0.50860", "2011-03-31": "0.48260", "2010-12-31": "0.58780", "2010-09-30": "0.50930", "2010-06-30": "0.53840", "2010-03-31": "0.51770", "2009-12-31": "0.64520", "2009-09-30": "0.52240", "2009-06-30": "0.49050", "2009-03-31": "0.46620", "2008-12-31": "0.53590", "2008-09-30": "0.52520", "2008-06-30": "0.53290", "2008-03-31": "0.53500", "2007-12-31": "0.70420", "2007-09-30": "0.55340", "2007-06-30": "0.56230", "2007-03-31": "0.55060", "2006-12-31": "0.62250", "2006-09-30": "0.56040", "2006-06-30": "0.54470", "2006-03-31": "0.58810", "2005-12-31": "0.68130", "2005-09-30": "0.56650", "2005-06-30": "0.61770", "2005-03-31": "0.63550"}, "Receiveable Turnover": {"2020-09-30": "1.60910", "2020-06-30": "1.45190", "2020-03-31": "1.50240", "2019-12-31": "1.59020", "2019-09-30": "1.57470", "2019-06-30": "1.51530", "2019-03-31": "1.41430", "2018-12-31": "1.57180", "2018-09-30": "1.42880", "2018-06-30": "1.42520", "2018-03-31": "1.28150", "2017-12-31": "1.33660", "2017-09-30": "1.27260", "2017-06-30": "1.28470", "2017-03-31": "1.33900", "2016-12-31": "1.53470", "2016-09-30": "1.38370", "2016-06-30": "1.41090", "2016-03-31": "1.23640", "2015-12-31": "1.45740", "2015-09-30": "1.37600", "2015-06-30": "1.42900", "2015-03-31": "1.38160", "2014-12-31": "1.58410", "2014-09-30": "1.49730", "2014-06-30": "1.41690", "2014-03-31": "1.32670", "2013-12-31": "1.42580", "2013-09-30": "1.31710", "2013-06-30": "1.32670", "2013-03-31": "1.32350", "2012-12-31": "1.43910", "2012-09-30": "1.32700", "2012-06-30": "1.36540", "2012-03-31": "1.25450", "2011-12-31": "1.38020", "2011-09-30": "1.37730", "2011-06-30": "1.32090", "2011-03-31": "1.24850", "2010-12-31": "1.37560", "2010-09-30": "1.27920", "2010-06-30": "1.39450", "2010-03-31": "1.31670", "2009-12-31": "1.43190", "2009-09-30": "1.31440", "2009-06-30": "1.27200", "2009-03-31": "1.22870", "2008-12-31": "1.31890", "2008-09-30": "1.26870", "2008-06-30": "1.19990", "2008-03-31": "1.15190", "2007-12-31": "1.28380", "2007-09-30": "1.12050", "2007-06-30": "1.11820", "2007-03-31": "1.11170", "2006-12-31": "1.17100", "2006-09-30": "1.11490", "2006-06-30": "1.16380", "2006-03-31": "1.18940", "2005-12-31": "1.24310", "2005-09-30": "1.15850", "2005-06-30": "1.19690", "2005-03-31": "1.19210"}, "Days Sales In Receivables": {"2020-09-30": "55.93040", "2020-06-30": "61.98600", "2020-03-31": "59.90240", "2019-12-31": "56.59660", "2019-09-30": "57.15370", "2019-06-30": "59.39610", "2019-03-31": "63.63580", "2018-12-31": "57.25870", "2018-09-30": "62.98840", "2018-06-30": "63.14900", "2018-03-31": "70.22880", "2017-12-31": "67.33710", "2017-09-30": "70.71860", "2017-06-30": "70.05780", "2017-03-31": "67.21290", "2016-12-31": "58.64230", "2016-09-30": "65.04160", "2016-06-30": "63.79020", "2016-03-31": "72.79120", "2015-12-31": "61.75310", "2015-09-30": "65.40820", "2015-06-30": "62.98040", "2015-03-31": "65.14110", "2014-12-31": "56.81420", "2014-09-30": "60.10830", "2014-06-30": "63.52120", "2014-03-31": "67.83930", "2013-12-31": "63.12180", "2013-09-30": "68.33240", "2013-06-30": "67.83980", "2013-03-31": "68.00330", "2012-12-31": "62.53760", "2012-09-30": "67.82070", "2012-06-30": "65.91320", "2012-03-31": "71.74040", "2011-12-31": "65.20930", "2011-09-30": "65.34730", "2011-06-30": "68.13340", "2011-03-31": "72.08480", "2010-12-31": "65.42690", "2010-09-30": "70.35870", "2010-06-30": "64.53780", "2010-03-31": "68.35470", "2009-12-31": "62.85150", "2009-09-30": "68.47030", "2009-06-30": "70.75310", "2009-03-31": "73.24820", "2008-12-31": "68.23920", "2008-09-30": "70.93660", "2008-06-30": "75.00350", "2008-03-31": "78.12900", "2007-12-31": "70.10590", "2007-09-30": "80.32000", "2007-06-30": "80.48600", "2007-03-31": "80.96060", "2006-12-31": "76.85450", "2006-09-30": "80.72810", "2006-06-30": "77.32960", "2006-03-31": "75.66630", "2005-12-31": "72.39900", "2005-09-30": "77.68360", "2005-06-30": "75.19630", "2005-03-31": "75.49900"}, "ROE - Return On Equity": {"2020-09-30": "14.89860", "2020-06-30": "13.14260", "2020-03-31": "10.89950", "2019-12-31": "9.61740", "2019-09-30": "-5.04400", "2019-06-30": "10.91360", "2019-03-31": "17.78830", "2018-12-31": "-20.60850", "2018-09-30": "5.49590", "2018-06-30": "5.77810", "2018-03-31": "14.63370", "2017-12-31": "2.82340", "2017-09-30": "0.77470", "2017-06-30": "0.17910", "2017-03-31": "0.45850", "2016-12-31": "-0.87990", "2016-09-30": "0.68100", "2016-06-30": "0.68900", "2016-03-31": "0.48250", "2015-12-31": "1.83210", "2015-09-30": "0.71490", "2015-06-30": "1.20490", "2015-03-31": "0.81050", "2014-12-31": "1.78650", "2014-09-30": "0.52870", "2014-06-30": "1.40590", "2014-03-31": "0.29870", "2013-12-31": "1.37810", "2013-09-30": "-0.33420", "2013-06-30": "1.67080", "2013-03-31": "0.99310", "2012-12-31": "2.15410", "2012-09-30": "2.20200", "2012-06-30": "2.62160", "2012-03-31": "1.68170", "2011-12-31": "3.43910", "2011-09-30": "2.70790", "2011-06-30": "2.31890", "2011-03-31": "2.04140", "2010-12-31": "4.41000", "2010-09-30": "3.15690", "2010-06-30": "2.95690", "2010-03-31": "2.72050", "2009-12-31": "3.01140", "2009-09-30": "3.20120", "2009-06-30": "3.48520", "2009-03-31": "3.02780", "2008-12-31": "-0.60790", "2008-09-30": "2.94120", "2008-06-30": "4.06650", "2008-03-31": "2.63880", "2007-12-31": "1.40540", "2007-09-30": "2.95570", "2007-06-30": "2.86250", "2007-03-31": "3.13680", "2006-12-31": "2.03150", "2006-09-30": "2.95000", "2006-06-30": "4.26730", "2006-03-31": "4.44000", "2005-12-31": "2.04450", "2005-09-30": "2.49920", "2005-06-30": "2.92500", "2005-03-31": "4.72860"}, "Return On Tangible Equity": {"2020-09-30": "15.78810", "2020-06-30": "14.10740", "2020-03-31": "11.64410", "2019-12-31": "10.35440", "2019-09-30": "-5.48320", "2019-06-30": "11.68650", "2019-03-31": "19.25250", "2018-12-31": "-22.59150", "2018-09-30": "6.34020", "2018-06-30": "6.73320", "2018-03-31": "17.24030", "2017-12-31": "3.67700", "2017-09-30": "1.02800", "2017-06-30": "0.24020", "2017-03-31": "0.62040", "2016-12-31": "-1.16960", "2016-09-30": "0.93180", "2016-06-30": "0.95890", "2016-03-31": "0.68480", "2015-12-31": "2.56260", "2015-09-30": "1.02110", "2015-06-30": "1.76860", "2015-03-31": "1.22700", "2014-12-31": "2.72890", "2014-09-30": "0.82810", "2014-06-30": "2.22410", "2014-03-31": "0.45810", "2013-12-31": "2.14830", "2013-09-30": "-0.53200", "2013-06-30": "2.67790", "2013-03-31": "1.62370", "2012-12-31": "3.44800", "2012-09-30": "3.62030", "2012-06-30": "4.24150", "2012-03-31": "2.80880", "2011-12-31": "5.90490", "2011-09-30": "4.01530", "2011-06-30": "3.53750", "2011-03-31": "3.14980", "2010-12-31": "6.98470", "2010-09-30": "5.18420", "2010-06-30": "4.98060", "2010-03-31": "4.70330", "2009-12-31": "5.15820", "2009-09-30": "5.75010", "2009-06-30": "6.60010", "2009-03-31": "5.94340", "2008-12-31": "-1.25100", "2008-09-30": "5.88560", "2008-06-30": "8.30970", "2008-03-31": "5.74650", "2007-12-31": "3.15420", "2007-09-30": "3.57540", "2007-06-30": "3.51160", "2007-03-31": "3.87360", "2006-12-31": "2.54010", "2006-09-30": "3.58060", "2006-06-30": "5.23290", "2006-03-31": "5.55020", "2005-12-31": "2.60570", "2005-09-30": "3.34430", "2005-06-30": "3.97920", "2005-03-31": "6.49480"}, "ROA - Return On Assets": {"2020-09-30": "10.93780", "2020-06-30": "9.57120", "2020-03-31": "7.89820", "2019-12-31": "6.91090", "2019-09-30": "-3.60610", "2019-06-30": "7.83070", "2019-03-31": "12.60680", "2018-12-31": "-14.76600", "2018-09-30": "4.00860", "2018-06-30": "4.19720", "2018-03-31": "10.56770", "2017-12-31": "1.93620", "2017-09-30": "0.52720", "2017-06-30": "0.12150", "2017-03-31": "0.31400", "2016-12-31": "-0.58940", "2016-09-30": "0.45790", "2016-06-30": "0.46490", "2016-03-31": "0.32710", "2015-12-31": "1.23000", "2015-09-30": "0.47380", "2015-06-30": "0.80620", "2015-03-31": "0.53570", "2014-12-31": "1.16830", "2014-09-30": "0.33990", "2014-06-30": "0.91210", "2014-03-31": "0.19380", "2013-12-31": "0.88930", "2013-09-30": "-0.21640", "2013-06-30": "0.99350", "2013-03-31": "0.58350", "2012-12-31": "1.26080", "2012-09-30": "1.29030", "2012-06-30": "1.53260", "2012-03-31": "0.97070", "2011-12-31": "1.93720", "2011-09-30": "1.54430", "2011-06-30": "1.31470", "2011-03-31": "1.13240", "2010-12-31": "2.21820", "2010-09-30": "1.68090", "2010-06-30": "1.52430", "2010-03-31": "1.38960", "2009-12-31": "1.51910", "2009-09-30": "1.58580", "2009-06-30": "1.67630", "2009-03-31": "1.63880", "2008-12-31": "-0.31940", "2008-09-30": "1.53300", "2008-06-30": "2.15940", "2008-03-31": "1.39090", "2007-12-31": "0.69260", "2007-09-30": "1.63340", "2007-06-30": "1.55140", "2007-03-31": "1.67990", "2006-12-31": "1.04310", "2006-09-30": "1.51940", "2006-06-30": "2.15970", "2006-03-31": "2.20510", "2005-12-31": "0.94300", "2005-09-30": "1.13740", "2005-06-30": "1.32040", "2005-03-31": "2.11020"}, "ROI - Return On Investment": {"2020-09-30": "14.87800", "2020-06-30": "13.12080", "2020-03-31": "10.87840", "2019-12-31": "9.59470", "2019-09-30": "-4.64740", "2019-06-30": "10.10740", "2019-03-31": "16.31990", "2018-12-31": "-18.57990", "2018-09-30": "5.04420", "2018-06-30": "5.27880", "2018-03-31": "13.34160", "2017-12-31": "2.45880", "2017-09-30": "0.67220", "2017-06-30": "0.15510", "2017-03-31": "0.39510", "2016-12-31": "-0.75310", "2016-09-30": "0.58670", "2016-06-30": "0.59090", "2016-03-31": "0.41220", "2015-12-31": "1.56030", "2015-09-30": "0.60620", "2015-06-30": "1.01710", "2015-03-31": "0.67640", "2014-12-31": "1.48950", "2014-09-30": "0.44050", "2014-06-30": "1.17780", "2014-03-31": "0.24990", "2013-12-31": "1.14920", "2013-09-30": "-0.27730", "2013-06-30": "1.23410", "2013-03-31": "0.72990", "2012-12-31": "1.58000", "2012-09-30": "1.59760", "2012-06-30": "1.87910", "2012-03-31": "1.20310", "2011-12-31": "2.42280", "2011-09-30": "1.89100", "2011-06-30": "1.62870", "2011-03-31": "1.40480", "2010-12-31": "2.99070", "2010-09-30": "2.08560", "2010-06-30": "1.89100", "2010-03-31": "1.73530", "2009-12-31": "1.90970", "2009-09-30": "1.99860", "2009-06-30": "2.10600", "2009-03-31": "2.13260", "2008-12-31": "-0.42910", "2008-09-30": "2.06390", "2008-06-30": "2.91430", "2008-03-31": "1.87310", "2007-12-31": "0.96610", "2007-09-30": "2.03800", "2007-06-30": "1.94040", "2007-03-31": "2.09900", "2006-12-31": "1.33710", "2006-09-30": "1.91240", "2006-06-30": "2.72980", "2006-03-31": "2.76420", "2005-12-31": "1.24130", "2005-09-30": "1.50910", "2005-06-30": "1.74380", "2005-03-31": "2.81120"}, "Book Value Per Share": {"2020-09-30": "295.83800", "2020-06-30": "247.77280", "2020-03-31": "212.26700", "2019-12-31": "192.30960", "2019-09-30": "171.41110", "2019-06-30": "184.11500", "2019-03-31": "163.10710", "2018-12-31": "134.90590", "2018-09-30": "163.55110", "2018-06-30": "155.48670", "2018-03-31": "150.58180", "2017-12-31": "98.37680", "2017-09-30": "95.70430", "2017-06-30": "94.90200", "2017-03-31": "91.45300", "2016-12-31": "87.20150", "2016-09-30": "91.48950", "2016-06-30": "88.86110", "2016-03-31": "86.55470", "2015-12-31": "84.82640", "2015-09-30": "82.91180", "2015-06-30": "80.88940", "2015-03-31": "75.46210", "2014-12-31": "75.16870", "2014-09-30": "75.16330", "2014-06-30": "77.93630", "2014-03-31": "77.46980", "2013-12-31": "75.98850", "2013-09-30": "74.10310", "2013-06-30": "72.43840", "2013-03-31": "71.20580", "2012-12-31": "70.76790", "2012-09-30": "68.23490", "2012-06-30": "65.46140", "2012-03-31": "65.15280", "2011-12-31": "61.89040", "2011-09-30": "60.22710", "2011-06-30": "61.50580", "2011-03-31": "57.63280", "2010-12-31": "55.31090", "2010-09-30": "51.37540", "2010-06-30": "47.08440", "2010-03-31": "47.14340", "2009-12-31": "46.47460", "2009-09-30": "44.67510", "2009-06-30": "41.14130", "2009-03-31": "38.68480", "2008-12-31": "39.19030", "2008-09-30": "38.57610", "2008-06-30": "41.07000", "2008-03-31": "40.08690", "2007-12-31": "36.14380", "2007-09-30": "35.26250", "2007-06-30": "33.59430", "2007-03-31": "32.29990", "2006-12-31": "30.92130", "2006-09-30": "29.64860", "2006-06-30": "28.66780", "2006-03-31": "26.71290", "2005-12-31": "25.08860", "2005-09-30": "24.80820", "2005-06-30": "24.13500", "2005-03-31": "24.03230"}, "Operating Cash Flow Per Share": {"2020-09-30": 4.4909, "2020-06-30": 3.0744, "2020-03-31": "2.08000", "2019-12-31": 5.1774, "2019-09-30": 3.4151, "2019-06-30": 5.1512, "2019-03-31": "1.42650", "2018-12-31": 3.4865, "2018-09-30": 2.0465, "2018-06-30": 2.5745, "2018-03-31": "1.33720", "2017-12-31": 2.3093, "2017-09-30": 0.948, "2017-06-30": 2.089, "2017-03-31": "-1.87900", "2016-12-31": 3.1996, "2016-09-30": 1.7328, "2016-06-30": 2.6082, "2016-03-31": "-0.25240", "2015-12-31": 1.2277, "2015-09-30": 2.7903, "2015-06-30": 1.3083, "2015-03-31": "1.00540", "2014-12-31": 1.3826, "2014-09-30": 3.1026, "2014-06-30": 2.6399, "2014-03-31": "2.25640", "2013-12-31": 2.4045, "2013-09-30": 1.931, "2013-06-30": 0.6823, "2013-03-31": "0.83340", "2012-12-31": 3.0115, "2012-09-30": 2.4859, "2012-06-30": 2.5715, "2012-03-31": "1.23490", "2011-12-31": 2.86, "2011-09-30": 1.8041, "2011-06-30": 3.8682, "2011-03-31": "0.69680", "2010-12-31": 3.5584, "2010-09-30": 2.381, "2010-06-30": 1.2922, "2010-03-31": "0.79330", "2009-12-31": 4.1711, "2009-09-30": 3.4781, "2009-06-30": 3.8016, "2009-03-31": "0.23070", "2008-12-31": 2.8506, "2008-09-30": 1.6466, "2008-06-30": 2.5061, "2008-03-31": "-0.07910", "2007-12-31": 3.7769, "2007-09-30": 2.012, "2007-06-30": 1.6962, "2007-03-31": "-0.46550", "2006-12-31": 2.0377, "2006-09-30": 1.9222, "2006-06-30": 1.9953, "2006-03-31": "-1.56810", "2005-12-31": 1.8553, "2005-09-30": 1.1607, "2005-06-30": 0.1084, "2005-03-31": "0.93700"}, "Free Cash Flow Per Share": {"2020-09-30": 3.8315, "2020-06-30": 2.4683, "2020-03-31": "1.36620", "2019-12-31": 4.4935, "2019-09-30": 2.3563, "2019-06-30": 4.4163, "2019-03-31": "0.64400", "2018-12-31": 1.7007, "2018-09-30": 1.3281, "2018-06-30": 1.827, "2018-03-31": "0.43680", "2017-12-31": 1.4405, "2017-09-30": 0.2767, "2017-06-30": 1.2396, "2017-03-31": "-3.19350", "2016-12-31": 1.6758, "2016-09-30": 0.4203, "2016-06-30": 1.5444, "2016-03-31": "-1.10970", "2015-12-31": 0.2745, "2015-09-30": 1.9542, "2015-06-30": 0.2165, "2015-03-31": "0.08090", "2014-12-31": -0.0011, "2014-09-30": 2.1685, "2014-06-30": 1.5852, "2014-03-31": "1.48330", "2013-12-31": 1.4727, "2013-09-30": 1.2072, "2013-06-30": -0.1274, "2013-03-31": "-0.34910", "2012-12-31": 2.1589, "2012-09-30": 1.2131, "2012-06-30": 1.1434, "2012-03-31": "0.02120", "2011-12-31": 1.6106, "2011-09-30": 0.937, "2011-06-30": 3.0053, "2011-03-31": "0.07030", "2010-12-31": 2.4427, "2010-09-30": 1.6611, "2010-06-30": 0.6024, "2010-03-31": "0.21890", "2009-12-31": 3.5263, "2009-09-30": 2.9265, "2009-06-30": 3.2737, "2009-03-31": "-0.44520", "2008-12-31": 2.0428, "2008-09-30": 0.8216, "2008-06-30": 1.7618, "2008-03-31": "-0.77060", "2007-12-31": 3.2412, "2007-09-30": 1.3314, "2007-06-30": 1.084, "2007-03-31": "-0.85720", "2006-12-31": 1.4833, "2006-09-30": 1.4342, "2006-06-30": 1.4934, "2006-03-31": "-1.99000", "2005-12-31": 1.4881, "2005-09-30": 0.8367, "2005-06-30": -0.1847, "2005-03-31": "0.56900"}}, "revenue": {"Bio-Rad Laboratories Annual Revenue (Millions of US $)": {"2019": "$2,312", "2018": "$2,289", "2017": "$2,160", "2016": "$2,068", "2015": "$2,019", "2014": "$2,175", "2013": "$2,133", "2012": "$2,069", "2011": "$2,074", "2010": "$1,927", "2009": "$1,784", "2008": "$1,764", "2007": "$1,461", "2006": "$1,274", "2005": "$1,181"}, "Bio-Rad Laboratories Quarterly Revenue (Millions of US $)": {"2020-09-30": "$647", "2020-06-30": "$537", "2020-03-31": "$572", "2019-12-31": "$624", "2019-09-30": "$561", "2019-06-30": "$573", "2019-03-31": "$554", "2018-12-31": "$617", "2018-09-30": "$545", "2018-06-30": "$576", "2018-03-31": "$552", "2017-12-31": "$621", "2017-09-30": "$534", "2017-06-30": "$505", "2017-03-31": "$500", "2016-12-31": "$571", "2016-09-30": "$509", "2016-06-30": "$517", "2016-03-31": "$471", "2015-12-31": "$571", "2015-09-30": "$470", "2015-06-30": "$506", "2015-03-31": "$473", "2014-12-31": "$598", "2014-09-30": "$531", "2014-06-30": "$537", "2014-03-31": "$509", "2013-12-31": "$603", "2013-09-30": "$505", "2013-06-30": "$525", "2013-03-31": "$500", "2012-12-31": "$574", "2012-09-30": "$499", "2012-06-30": "$510", "2012-03-31": "$486", "2011-12-31": "$550", "2011-09-30": "$517", "2011-06-30": "$522", "2011-03-31": "$485", "2010-12-31": "$534", "2010-09-30": "$472", "2010-06-30": "$468", "2010-03-31": "$454", "2009-12-31": "$495", "2009-09-30": "$461", "2009-06-30": "$427", "2009-03-31": "$401", "2008-12-31": "$448", "2008-09-30": "$442", "2008-06-30": "$452", "2008-03-31": "$422", "2007-12-31": "$460", "2007-09-30": "$340", "2007-06-30": "$339", "2007-03-31": "$323", "2006-12-31": "$343", "2006-09-30": "$305", "2006-06-30": "$318", "2006-03-31": "$308", "2005-12-31": "$307", "2005-09-30": "$283", "2005-06-30": "$291", "2005-03-31": "$299"}}, "gross-profit": {"Bio-Rad Laboratories Annual Gross Profit (Millions of US $)": {"2019": "$1,257", "2018": "$1,223", "2017": "$1,188", "2016": "$1,138", "2015": "$1,122", "2014": "$1,179", "2013": "$1,178", "2012": "$1,155", "2011": "$1,179", "2010": "$1,091", "2009": "$1,000", "2008": "$963", "2007": "$791", "2006": "$713", "2005": "$646"}, "Bio-Rad Laboratories Quarterly Gross Profit (Millions of US $)": {"2020-09-30": "$367", "2020-06-30": "$293", "2020-03-31": "$317", "2019-12-31": "$330", "2019-09-30": "$307", "2019-06-30": "$308", "2019-03-31": "$312", "2018-12-31": "$333", "2018-09-30": "$287", "2018-06-30": "$302", "2018-03-31": "$302", "2017-12-31": "$345", "2017-09-30": "$299", "2017-06-30": "$273", "2017-03-31": "$270", "2016-12-31": "$315", "2016-09-30": "$279", "2016-06-30": "$280", "2016-03-31": "$264", "2015-12-31": "$309", "2015-09-30": "$263", "2015-06-30": "$280", "2015-03-31": "$270", "2014-12-31": "$317", "2014-09-30": "$289", "2014-06-30": "$297", "2014-03-31": "$275", "2013-12-31": "$323", "2013-09-30": "$284", "2013-06-30": "$300", "2013-03-31": "$271", "2012-12-31": "$315", "2012-09-30": "$274", "2012-06-30": "$288", "2012-03-31": "$279", "2011-12-31": "$312", "2011-09-30": "$296", "2011-06-30": "$293", "2011-03-31": "$278", "2010-12-31": "$300", "2010-09-30": "$266", "2010-06-30": "$268", "2010-03-31": "$257", "2009-12-31": "$268", "2009-09-30": "$261", "2009-06-30": "$242", "2009-03-31": "$229", "2008-12-31": "$247", "2008-09-30": "$241", "2008-06-30": "$248", "2008-03-31": "$227", "2007-12-31": "$234", "2007-09-30": "$188", "2007-06-30": "$190", "2007-03-31": "$179", "2006-12-31": "$186", "2006-09-30": "$167", "2006-06-30": "$185", "2006-03-31": "$176", "2005-12-31": "$163", "2005-09-30": "$157", "2005-06-30": "$161", "2005-03-31": "$166"}}, "operating-income": {"Bio-Rad Laboratories Annual Operating Income (Millions of US $)": {"2019": "$230", "2018": "$-103", "2017": "$119", "2016": "$56", "2015": "$167", "2014": "$150", "2013": "$169", "2012": "$264", "2011": "$305", "2010": "$284", "2009": "$231", "2008": "$183", "2007": "$135", "2006": "$146", "2005": "$115"}, "Bio-Rad Laboratories Quarterly Operating Income (Millions of US $)": {"2020-09-30": "$110", "2020-06-30": "$52", "2020-03-31": "$74", "2019-12-31": "$59", "2019-09-30": "$57", "2019-06-30": "$56", "2019-03-31": "$57", "2018-12-31": "$-227", "2018-09-30": "$36", "2018-06-30": "$44", "2018-03-31": "$44", "2017-12-31": "$56", "2017-09-30": "$39", "2017-06-30": "$-2", "2017-03-31": "$26", "2016-12-31": "$-21", "2016-09-30": "$28", "2016-06-30": "$23", "2016-03-31": "$26", "2015-12-31": "$59", "2015-09-30": "$33", "2015-06-30": "$40", "2015-03-31": "$34", "2014-12-31": "$51", "2014-09-30": "$33", "2014-06-30": "$46", "2014-03-31": "$20", "2013-12-31": "$52", "2013-09-30": "$29", "2013-06-30": "$53", "2013-03-31": "$35", "2012-12-31": "$71", "2012-09-30": "$66", "2012-06-30": "$73", "2012-03-31": "$54", "2011-12-31": "$96", "2011-09-30": "$74", "2011-06-30": "$68", "2011-03-31": "$67", "2010-12-31": "$78", "2010-09-30": "$75", "2010-06-30": "$68", "2010-03-31": "$63", "2009-12-31": "$56", "2009-09-30": "$67", "2009-06-30": "$56", "2009-03-31": "$51", "2008-12-31": "$22", "2008-09-30": "$51", "2008-06-30": "$60", "2008-03-31": "$50", "2007-12-31": "$23", "2007-09-30": "$38", "2007-06-30": "$36", "2007-03-31": "$39", "2006-12-31": "$26", "2006-09-30": "$30", "2006-06-30": "$43", "2006-03-31": "$47", "2005-12-31": "$22", "2005-09-30": "$25", "2005-06-30": "$28", "2005-03-31": "$40"}}, "ebitda": {"Bio-Rad Laboratories Annual EBITDA (Millions of US $)": {"2019": "$230", "2018": "$-103", "2017": "$119", "2016": "$56", "2015": "$167", "2014": "$150", "2013": "$169", "2012": "$264", "2011": "$305", "2010": "$284", "2009": "$231", "2008": "$183", "2007": "$135", "2006": "$146", "2005": "$115"}, "Bio-Rad Laboratories Quarterly EBITDA (Millions of US $)": {"2020-09-30": "$110", "2020-06-30": "$52", "2020-03-31": "$74", "2019-12-31": "$59", "2019-09-30": "$57", "2019-06-30": "$56", "2019-03-31": "$57", "2018-12-31": "$-227", "2018-09-30": "$71", "2018-06-30": "$44", "2018-03-31": "$44", "2017-12-31": "$56", "2017-09-30": "$74", "2017-06-30": "$35", "2017-03-31": "$60", "2016-12-31": "$-21", "2016-09-30": "$67", "2016-06-30": "$60", "2016-03-31": "$60", "2015-12-31": "$59", "2015-09-30": "$33", "2015-06-30": "$40", "2015-03-31": "$34", "2014-12-31": "$51", "2014-09-30": "$33", "2014-06-30": "$46", "2014-03-31": "$20", "2013-12-31": "$52", "2013-09-30": "$29", "2013-06-30": "$53", "2013-03-31": "$35", "2012-12-31": "$71", "2012-09-30": "$66", "2012-06-30": "$73", "2012-03-31": "$54", "2011-12-31": "$96", "2011-09-30": "$74", "2011-06-30": "$68", "2011-03-31": "$67", "2010-12-31": "$78", "2010-09-30": "$75", "2010-06-30": "$68", "2010-03-31": "$63", "2009-12-31": "$56", "2009-09-30": "$67", "2009-06-30": "$56", "2009-03-31": "$51", "2008-12-31": "$22", "2008-09-30": "$51", "2008-06-30": "$60", "2008-03-31": "$50", "2007-12-31": "$23", "2007-09-30": "$38", "2007-06-30": "$36", "2007-03-31": "$39", "2006-12-31": "$26", "2006-09-30": "$30", "2006-06-30": "$43", "2006-03-31": "$47", "2005-12-31": "$22", "2005-09-30": "$25", "2005-06-30": "$28", "2005-03-31": "$40"}}, "net-income": {"Bio-Rad Laboratories Annual Net Income (Millions of US $)": {"2019": "$1,759", "2018": "$366", "2017": "$122", "2016": "$26", "2015": "$109", "2014": "$89", "2013": "$78", "2012": "$165", "2011": "$179", "2010": "$185", "2009": "$145", "2008": "$90", "2007": "$93", "2006": "$103", "2005": "$82"}, "Bio-Rad Laboratories Quarterly Net Income (Millions of US $)": {"2020-09-30": "$1,315", "2020-06-30": "$966", "2020-03-31": "$686", "2019-12-31": "$553", "2019-09-30": "$-259", "2019-06-30": "$599", "2019-03-31": "$865", "2018-12-31": "$-829", "2018-09-30": "$269", "2018-06-30": "$268", "2018-03-31": "$657", "2017-12-31": "$83", "2017-09-30": "$22", "2017-06-30": "$5", "2017-03-31": "$12", "2016-12-31": "$-23", "2016-09-30": "$18", "2016-06-30": "$18", "2016-03-31": "$12", "2015-12-31": "$46", "2015-09-30": "$17", "2015-06-30": "$28", "2015-03-31": "$18", "2014-12-31": "$39", "2014-09-30": "$12", "2014-06-30": "$32", "2014-03-31": "$7", "2013-12-31": "$30", "2013-09-30": "$-7", "2013-06-30": "$35", "2013-03-31": "$20", "2012-12-31": "$43", "2012-09-30": "$43", "2012-06-30": "$48", "2012-03-31": "$31", "2011-12-31": "$60", "2011-09-30": "$46", "2011-06-30": "$40", "2011-03-31": "$33", "2010-12-31": "$68", "2010-09-30": "$45", "2010-06-30": "$38", "2010-03-31": "$35", "2009-12-31": "$38", "2009-09-30": "$39", "2009-06-30": "$38", "2009-03-31": "$30", "2008-12-31": "$-8", "2008-09-30": "$28", "2008-06-30": "$43", "2008-03-31": "$26", "2007-12-31": "$12", "2007-09-30": "$28", "2007-06-30": "$26", "2007-03-31": "$27", "2006-12-31": "$17", "2006-09-30": "$23", "2006-06-30": "$32", "2006-03-31": "$31", "2005-12-31": "$13", "2005-09-30": "$16", "2005-06-30": "$18", "2005-03-31": "$33"}}, "eps-earnings-per-share-diluted": {"Bio-Rad Laboratories Annual EPS": {"2019": "$58.27", "2018": "$12.10", "2017": "$4.07", "2016": "$0.88", "2015": "$3.71", "2014": "$3.05", "2013": "$2.69", "2012": "$5.78", "2011": "$6.29", "2010": "$6.59", "2009": "$5.20", "2008": "$3.24", "2007": "$3.41", "2006": "$3.83", "2005": "$3.06"}, "Bio-Rad Laboratories Quarterly EPS": {"2020-09-30": "$43.64", "2020-06-30": "$32.15", "2020-03-31": "$22.72", "2019-12-31": "$18.35", "2019-09-30": "$-8.68", "2019-06-30": "$19.86", "2019-03-31": "$28.74", "2018-12-31": "$-27.43", "2018-09-30": "$8.89", "2018-06-30": "$8.87", "2018-03-31": "$21.77", "2017-12-31": "$2.76", "2017-09-30": "$0.73", "2017-06-30": "$0.17", "2017-03-31": "$0.41", "2016-12-31": "$-0.77", "2016-09-30": "$0.62", "2016-06-30": "$0.61", "2016-03-31": "$0.42", "2015-12-31": "$1.54", "2015-09-30": "$0.59", "2015-06-30": "$0.97", "2015-03-31": "$0.61", "2014-12-31": "$1.34", "2014-09-30": "$0.39", "2014-06-30": "$1.09", "2014-03-31": "$0.23", "2013-12-31": "$1.04", "2013-09-30": "$-0.25", "2013-06-30": "$1.20", "2013-03-31": "$0.70", "2012-12-31": "$1.51", "2012-09-30": "$1.49", "2012-06-30": "$1.69", "2012-03-31": "$1.09", "2011-12-31": "$2.11", "2011-09-30": "$1.61", "2011-06-30": "$1.41", "2011-03-31": "$1.16", "2010-12-31": "$2.41", "2010-09-30": "$1.59", "2010-06-30": "$1.35", "2010-03-31": "$1.24", "2009-12-31": "$1.35", "2009-09-30": "$1.38", "2009-06-30": "$1.37", "2009-03-31": "$1.10", "2008-12-31": "$-0.29", "2008-09-30": "$1.00", "2008-06-30": "$1.57", "2008-03-31": "$0.96", "2007-12-31": "$0.44", "2007-09-30": "$1.03", "2007-06-30": "$0.95", "2007-03-31": "$0.99", "2006-12-31": "$0.61", "2006-09-30": "$0.86", "2006-06-30": "$1.20", "2006-03-31": "$1.16", "2005-12-31": "$0.50", "2005-09-30": "$0.61", "2005-06-30": "$0.69", "2005-03-31": "$1.26"}}, "shares-outstanding": {"Bio-Rad Laboratories Annual Shares Outstanding (Millions of Shares)": {"2019": "30", "2018": "30", "2017": "30", "2016": "30", "2015": "29", "2014": "29", "2013": "29", "2012": "29", "2011": "28", "2010": "28", "2009": "28", "2008": "28", "2007": "27", "2006": "27", "2005": "27"}, "Bio-Rad Laboratories Quarterly Shares Outstanding (Millions of Shares)": {"2020-09-30": "30", "2020-06-30": "30", "2020-03-31": "30", "2019-12-31": "30", "2019-09-30": "30", "2019-06-30": "30", "2019-03-31": "30", "2018-12-31": "30", "2018-09-30": "30", "2018-06-30": "30", "2018-03-31": "30", "2017-12-31": "30", "2017-09-30": "30", "2017-06-30": "30", "2017-03-31": "30", "2016-12-31": "30", "2016-09-30": "30", "2016-06-30": "30", "2016-03-31": "30", "2015-12-31": "29", "2015-09-30": "29", "2015-06-30": "29", "2015-03-31": "29", "2014-12-31": "29", "2014-09-30": "29", "2014-06-30": "29", "2014-03-31": "29", "2013-12-31": "29", "2013-09-30": "29", "2013-06-30": "29", "2013-03-31": "29", "2012-12-31": "29", "2012-09-30": "29", "2012-06-30": "29", "2012-03-31": "29", "2011-12-31": "28", "2011-09-30": "28", "2011-06-30": "28", "2011-03-31": "28", "2010-12-31": "28", "2010-09-30": "28", "2010-06-30": "28", "2010-03-31": "28", "2009-12-31": "28", "2009-09-30": "28", "2009-06-30": "28", "2009-03-31": "28", "2008-12-31": "28", "2008-09-30": "28", "2008-06-30": "28", "2008-03-31": "28", "2007-12-31": "27", "2007-09-30": "27", "2007-06-30": "27", "2007-03-31": "27", "2006-12-31": "27", "2006-09-30": "27", "2006-06-30": "27", "2006-03-31": "27", "2005-12-31": "27", "2005-09-30": "27", "2005-06-30": "27", "2005-03-31": "27"}}, "total-assets": {"Bio-Rad Laboratories Annual Total Assets (Millions of US $)": {"2019": "$8,009", "2018": "$5,611", "2017": "$4,273", "2016": "$3,851", "2015": "$3,710", "2014": "$3,341", "2013": "$3,389", "2012": "$3,444", "2011": "$3,097", "2010": "$3,063", "2009": "$2,536", "2008": "$2,037", "2007": "$1,972", "2006": "$1,596", "2005": "$1,427"}, "Bio-Rad Laboratories Quarterly Total Assets (Millions of US $)": {"2020-09-30": "$12,021", "2020-06-30": "$10,097", "2020-03-31": "$8,684", "2019-12-31": "$8,009", "2019-09-30": "$7,177", "2019-06-30": "$7,647", "2019-03-31": "$6,863", "2018-12-31": "$5,611", "2018-09-30": "$6,719", "2018-06-30": "$6,386", "2018-03-31": "$6,215", "2017-12-31": "$4,273", "2017-09-30": "$4,186", "2017-06-30": "$4,143", "2017-03-31": "$3,953", "2016-12-31": "$3,851", "2016-09-30": "$4,020", "2016-06-30": "$3,875", "2016-03-31": "$3,753", "2015-12-31": "$3,710", "2015-09-30": "$3,666", "2015-06-30": "$3,525", "2015-03-31": "$3,326", "2014-12-31": "$3,341", "2014-09-30": "$3,386", "2014-06-30": "$3,468", "2014-03-31": "$3,441", "2013-12-31": "$3,389", "2013-09-30": "$3,280", "2013-06-30": "$3,483", "2013-03-31": "$3,457", "2012-12-31": "$3,444", "2012-09-30": "$3,303", "2012-06-30": "$3,169", "2012-03-31": "$3,188", "2011-12-31": "$3,097", "2011-09-30": "$2,970", "2011-06-30": "$3,044", "2011-03-31": "$2,909", "2010-12-31": "$3,063", "2010-09-30": "$2,682", "2010-06-30": "$2,527", "2010-03-31": "$2,547", "2009-12-31": "$2,536", "2009-09-30": "$2,478", "2009-06-30": "$2,344", "2009-03-31": "$1,955", "2008-12-31": "$2,037", "2008-09-30": "$2,015", "2008-06-30": "$2,099", "2008-03-31": "$2,053", "2007-12-31": "$1,972", "2007-09-30": "$1,712", "2007-06-30": "$1,655", "2007-03-31": "$1,607", "2006-12-31": "$1,596", "2006-09-30": "$1,524", "2006-06-30": "$1,494", "2006-03-31": "$1,415", "2005-12-31": "$1,427", "2005-09-30": "$1,426", "2005-06-30": "$1,393", "2005-03-31": "$1,399"}}, "cash-on-hand": {"Bio-Rad Laboratories Annual Cash on Hand (Millions of US $)": {"2019": "$1,120", "2018": "$850", "2017": "$761", "2016": "$844", "2015": "$790", "2014": "$698", "2013": "$609", "2012": "$921", "2011": "$813", "2010": "$1,032", "2009": "$745", "2008": "$243", "2007": "$224", "2006": "$488", "2005": "$449"}, "Bio-Rad Laboratories Quarterly Cash on Hand (Millions of US $)": {"2020-09-30": "$1,160", "2020-06-30": "$1,037", "2020-03-31": "$1,042", "2019-12-31": "$1,120", "2019-09-30": "$985", "2019-06-30": "$987", "2019-03-31": "$865", "2018-12-31": "$850", "2018-09-30": "$866", "2018-06-30": "$824", "2018-03-31": "$768", "2017-12-31": "$761", "2017-09-30": "$721", "2017-06-30": "$717", "2017-03-31": "$679", "2016-12-31": "$844", "2016-09-30": "$810", "2016-06-30": "$796", "2016-03-31": "$753", "2015-12-31": "$790", "2015-09-30": "$786", "2015-06-30": "$728", "2015-03-31": "$711", "2014-12-31": "$698", "2014-09-30": "$703", "2014-06-30": "$648", "2014-03-31": "$641", "2013-12-31": "$609", "2013-09-30": "$562", "2013-06-30": "$834", "2013-03-31": "$837", "2012-12-31": "$921", "2012-09-30": "$854", "2012-06-30": "$835", "2012-03-31": "$807", "2011-12-31": "$813", "2011-09-30": "$910", "2011-06-30": "$886", "2011-03-31": "$798", "2010-12-31": "$1,032", "2010-09-30": "$738", "2010-06-30": "$718", "2010-03-31": "$692", "2009-12-31": "$745", "2009-09-30": "$642", "2009-06-30": "$563", "2009-03-31": "$223", "2008-12-31": "$243", "2008-09-30": "$234", "2008-06-30": "$227", "2008-03-31": "$177", "2007-12-31": "$224", "2007-09-30": "$543", "2007-06-30": "$503", "2007-03-31": "$472", "2006-12-31": "$488", "2006-09-30": "$482", "2006-06-30": "$434", "2006-03-31": "$395", "2005-12-31": "$449", "2005-09-30": "$394", "2005-06-30": "$379", "2005-03-31": "$384"}}, "long-term-debt": {"Bio-Rad Laboratories Annual Long Term Debt (Millions of US $)": {"2019": "$14", "2018": "$439", "2017": "$435", "2016": "$434", "2015": "$434", "2014": "$436", "2013": "$436", "2012": "$732", "2011": "$732", "2010": "$731", "2009": "$738", "2008": "$446", "2007": "$442", "2006": "$426", "2005": "$426"}, "Bio-Rad Laboratories Quarterly Long Term Debt (Millions of US $)": {"2020-09-30": "$12", "2020-06-30": "$12", "2020-03-31": "$12", "2019-12-31": "$14", "2019-09-30": "$438", "2019-06-30": "$438", "2019-03-31": "$438", "2018-12-31": "$439", "2018-09-30": "$439", "2018-06-30": "$439", "2018-03-31": "$435", "2017-12-31": "$435", "2017-09-30": "$434", "2017-06-30": "$434", "2017-03-31": "$434", "2016-12-31": "$434", "2016-09-30": "$434", "2016-06-30": "$434", "2016-03-31": "$434", "2015-12-31": "$434", "2015-09-30": "$436", "2015-06-30": "$436", "2015-03-31": "$436", "2014-12-31": "$436", "2014-09-30": "$436", "2014-06-30": "$436", "2014-03-31": "$436", "2013-12-31": "$436", "2013-09-30": "$436", "2013-06-30": "$733", "2013-03-31": "$733", "2012-12-31": "$732", "2012-09-30": "$732", "2012-06-30": "$732", "2012-03-31": "$732", "2011-12-31": "$732", "2011-09-30": "$732", "2011-06-30": "$731", "2011-03-31": "$731", "2010-12-31": "$731", "2010-09-30": "$734", "2010-06-30": "$734", "2010-03-31": "$739", "2009-12-31": "$738", "2009-09-30": "$739", "2009-06-30": "$738", "2009-03-31": "$444", "2008-12-31": "$446", "2008-09-30": "$446", "2008-06-30": "$441", "2008-03-31": "$442", "2007-12-31": "$442", "2007-09-30": "$426", "2007-06-30": "$426", "2007-03-31": "$426", "2006-12-31": "$426", "2006-09-30": "$426", "2006-06-30": "$426", "2006-03-31": "$426", "2005-12-31": "$426", "2005-09-30": "$426", "2005-06-30": "$426", "2005-03-31": "$426"}}, "total-liabilities": {"Bio-Rad Laboratories Annual Total Liabilities (Millions of US $)": {"2019": "$2,254", "2018": "$1,591", "2017": "$1,343", "2016": "$1,271", "2015": "$1,219", "2014": "$1,156", "2013": "$1,202", "2012": "$1,428", "2011": "$1,352", "2010": "$1,522", "2009": "$1,257", "2008": "$967", "2007": "$1,000", "2006": "$777", "2005": "$769"}, "Bio-Rad Laboratories Quarterly Total Liabilities (Millions of US $)": {"2020-09-30": "$3,196", "2020-06-30": "$2,744", "2020-03-31": "$2,391", "2019-12-31": "$2,254", "2019-09-30": "$2,046", "2019-06-30": "$2,160", "2019-03-31": "$1,999", "2018-12-31": "$1,591", "2018-09-30": "$1,818", "2018-06-30": "$1,747", "2018-03-31": "$1,727", "2017-12-31": "$1,343", "2017-09-30": "$1,337", "2017-06-30": "$1,332", "2017-03-31": "$1,245", "2016-12-31": "$1,271", "2016-09-30": "$1,317", "2016-06-30": "$1,260", "2016-03-31": "$1,209", "2015-12-31": "$1,219", "2015-09-30": "$1,237", "2015-06-30": "$1,166", "2015-03-31": "$1,128", "2014-12-31": "$1,156", "2014-09-30": "$1,209", "2014-06-30": "$1,218", "2014-03-31": "$1,209", "2013-12-31": "$1,202", "2013-09-30": "$1,156", "2013-06-30": "$1,412", "2013-03-31": "$1,426", "2012-12-31": "$1,428", "2012-09-30": "$1,368", "2012-06-30": "$1,316", "2012-03-31": "$1,348", "2011-12-31": "$1,352", "2011-09-30": "$1,276", "2011-06-30": "$1,318", "2011-03-31": "$1,295", "2010-12-31": "$1,522", "2010-09-30": "$1,254", "2010-06-30": "$1,224", "2010-03-31": "$1,246", "2009-12-31": "$1,257", "2009-09-30": "$1,251", "2009-06-30": "$1,217", "2009-03-31": "$897", "2008-12-31": "$967", "2008-09-30": "$965", "2008-06-30": "$984", "2008-03-31": "$971", "2007-12-31": "$1,000", "2007-09-30": "$766", "2007-06-30": "$758", "2007-03-31": "$746", "2006-12-31": "$777", "2006-09-30": "$739", "2006-06-30": "$738", "2006-03-31": "$712", "2005-12-31": "$769", "2005-09-30": "$777", "2005-06-30": "$764", "2005-03-31": "$775"}}, "total-share-holder-equity": {"Bio-Rad Laboratories Annual Share Holder Equity (Millions of US $)": {"2019": "$5,755", "2018": "$4,020", "2017": "$2,930", "2016": "$2,579", "2015": "$2,491", "2014": "$2,185", "2013": "$2,187", "2012": "$2,016", "2011": "$1,744", "2010": "$1,541", "2009": "$1,279", "2008": "$1,071", "2007": "$972", "2006": "$820", "2005": "$658"}, "Bio-Rad Laboratories Quarterly Share Holder Equity (Millions of US $)": {"2020-09-30": "$8,825", "2020-06-30": "$7,353", "2020-03-31": "$6,293", "2019-12-31": "$5,755", "2019-09-30": "$5,131", "2019-06-30": "$5,487", "2019-03-31": "$4,864", "2018-12-31": "$4,020", "2018-09-30": "$4,900", "2018-06-30": "$4,639", "2018-03-31": "$4,488", "2017-12-31": "$2,930", "2017-09-30": "$2,848", "2017-06-30": "$2,811", "2017-03-31": "$2,707", "2016-12-31": "$2,579", "2016-09-30": "$2,703", "2016-06-30": "$2,615", "2016-03-31": "$2,544", "2015-12-31": "$2,491", "2015-09-30": "$2,430", "2015-06-30": "$2,359", "2015-03-31": "$2,199", "2014-12-31": "$2,185", "2014-09-30": "$2,177", "2014-06-30": "$2,250", "2014-03-31": "$2,233", "2013-12-31": "$2,187", "2013-09-30": "$2,124", "2013-06-30": "$2,071", "2013-03-31": "$2,031", "2012-12-31": "$2,016", "2012-09-30": "$1,935", "2012-06-30": "$1,852", "2012-03-31": "$1,840", "2011-12-31": "$1,744", "2011-09-30": "$1,694", "2011-06-30": "$1,726", "2011-03-31": "$1,613", "2010-12-31": "$1,541", "2010-09-30": "$1,428", "2010-06-30": "$1,303", "2010-03-31": "$1,301", "2009-12-31": "$1,279", "2009-09-30": "$1,228", "2009-06-30": "$1,128", "2009-03-31": "$1,058", "2008-12-31": "$1,071", "2008-09-30": "$1,050", "2008-06-30": "$1,115", "2008-03-31": "$1,082", "2007-12-31": "$972", "2007-09-30": "$946", "2007-06-30": "$897", "2007-03-31": "$861", "2006-12-31": "$820", "2006-09-30": "$785", "2006-06-30": "$756", "2006-03-31": "$703", "2005-12-31": "$658", "2005-09-30": "$649", "2005-06-30": "$629", "2005-03-31": "$624"}}, "profit-margins": {"current": "147.91%"}, "gross margin": {"2020-09-30": "54.92%", "2020-06-30": "54.36%", "2020-03-31": "54.16%", "2019-12-31": "54.37%", "2019-09-30": "54.66%", "2019-06-30": "54.17%", "2019-03-31": "53.84%", "2018-12-31": "53.45%", "2018-09-30": "53.88%", "2018-06-30": "54.66%", "2018-03-31": "55.11%", "2017-12-31": "54.95%", "2017-09-30": "54.83%", "2017-06-30": "54.53%", "2017-03-31": "54.55%", "2016-12-31": "55.03%", "2016-09-30": "54.74%", "2016-06-30": "55.00%", "2016-03-31": "55.30%", "2015-12-31": "55.54%", "2015-09-30": "55.20%", "2015-06-30": "54.84%", "2015-03-31": "54.84%", "2014-12-31": "54.16%", "2014-09-30": "54.31%", "2014-06-30": "54.74%", "2014-03-31": "55.18%", "2013-12-31": "55.23%", "2013-09-30": "55.61%", "2013-06-30": "55.29%", "2013-03-31": "55.11%", "2012-12-31": "55.87%", "2012-09-30": "56.38%", "2012-06-30": "56.96%", "2012-03-31": "56.87%", "2011-12-31": "56.85%", "2011-09-30": "56.71%", "2011-06-30": "56.48%", "2011-03-31": "56.76%", "2010-12-31": "56.59%", "2010-09-30": "56.06%", "2010-06-30": "56.12%", "2010-03-31": "55.96%", "2009-12-31": "56.05%", "2009-09-30": "56.36%", "2009-06-30": "55.82%", "2009-03-31": "55.36%", "2008-12-31": "54.59%", "2008-09-30": "53.49%", "2008-06-30": "53.58%", "2008-03-31": "53.75%", "2007-12-31": "54.10%", "2007-09-30": "55.24%", "2007-06-30": "55.11%", "2007-03-31": "55.62%", "2006-12-31": "56.04%", "2006-09-30": "55.82%", "2006-06-30": "56.00%", "2006-03-31": "55.26%", "2005-12-31": "54.83%"}, "operating margin": {"2020-09-30": "12.39%", "2020-06-30": "10.55%", "2020-03-31": "10.56%", "2019-12-31": "9.90%", "2019-09-30": "-2.47%", "2019-06-30": "-3.41%", "2019-03-31": "-3.93%", "2018-12-31": "-4.50%", "2018-09-30": "7.85%", "2018-06-30": "8.02%", "2018-03-31": "6.19%", "2017-12-31": "5.51%", "2017-09-30": "1.99%", "2017-06-30": "1.49%", "2017-03-31": "2.67%", "2016-12-31": "2.71%", "2016-09-30": "6.58%", "2016-06-30": "6.95%", "2016-03-31": "7.83%", "2015-12-31": "8.22%", "2015-09-30": "7.72%", "2015-06-30": "7.50%", "2015-03-31": "7.67%", "2014-12-31": "6.90%", "2014-09-30": "6.93%", "2014-06-30": "6.82%", "2014-03-31": "7.19%", "2013-12-31": "7.92%", "2013-09-30": "8.94%", "2013-06-30": "10.72%", "2013-03-31": "11.76%", "2012-12-31": "12.76%", "2012-09-30": "14.13%", "2012-06-30": "14.40%", "2012-03-31": "14.07%", "2011-12-31": "14.71%", "2011-09-30": "13.95%", "2011-06-30": "14.31%", "2011-03-31": "14.70%", "2010-12-31": "14.73%", "2010-09-30": "13.87%", "2010-06-30": "13.53%", "2010-03-31": "13.17%", "2009-12-31": "12.89%", "2009-09-30": "11.28%", "2009-06-30": "10.48%", "2009-03-31": "10.56%", "2008-12-31": "10.37%", "2008-09-30": "10.36%", "2008-06-30": "10.22%", "2008-03-31": "9.42%", "2007-12-31": "9.30%", "2007-09-30": "10.33%", "2007-06-30": "10.00%", "2007-03-31": "10.71%", "2006-12-31": "11.46%", "2006-09-30": "11.47%", "2006-06-30": "11.27%", "2006-03-31": "10.26%", "2005-12-31": "9.75%"}, "ebitda margin": {"2020-09-30": "12.39%", "2020-06-30": "10.55%", "2020-03-31": "10.56%", "2019-12-31": "9.90%", "2019-09-30": "-2.47%", "2019-06-30": "-1.88%", "2019-03-31": "-2.40%", "2018-12-31": "-2.97%", "2018-09-30": "9.37%", "2018-06-30": "9.55%", "2018-03-31": "9.45%", "2017-12-31": "10.42%", "2017-09-30": "7.01%", "2017-06-30": "6.76%", "2017-03-31": "7.92%", "2016-12-31": "8.03%", "2016-09-30": "11.90%", "2016-06-30": "10.45%", "2016-03-31": "9.51%", "2015-12-31": "8.22%", "2015-09-30": "7.72%", "2015-06-30": "7.50%", "2015-03-31": "7.67%", "2014-12-31": "6.90%", "2014-09-30": "6.93%", "2014-06-30": "6.82%", "2014-03-31": "7.19%", "2013-12-31": "7.92%", "2013-09-30": "8.94%", "2013-06-30": "10.72%", "2013-03-31": "11.76%", "2012-12-31": "12.76%", "2012-09-30": "14.13%", "2012-06-30": "14.40%", "2012-03-31": "14.07%", "2011-12-31": "14.71%", "2011-09-30": "13.95%", "2011-06-30": "14.31%", "2011-03-31": "14.70%", "2010-12-31": "14.73%", "2010-09-30": "13.87%", "2010-06-30": "13.53%", "2010-03-31": "13.17%", "2009-12-31": "12.89%", "2009-09-30": "11.28%", "2009-06-30": "10.48%", "2009-03-31": "10.56%", "2008-12-31": "10.37%", "2008-09-30": "10.36%", "2008-06-30": "10.22%", "2008-03-31": "9.42%", "2007-12-31": "9.30%", "2007-09-30": "10.33%", "2007-06-30": "10.00%", "2007-03-31": "10.71%", "2006-12-31": "11.46%", "2006-09-30": "11.47%", "2006-06-30": "11.27%", "2006-03-31": "10.26%", "2005-12-31": "9.75%"}, "pre tax profit margin": {"2020-09-30": "190.25%", "2020-06-30": "109.37%", "2020-03-31": "87.25%", "2019-12-31": "97.79%", "2019-09-30": "22.60%", "2019-06-30": "52.69%", "2019-03-31": "33.86%", "2018-12-31": "22.40%", "2018-09-30": "69.75%", "2018-06-30": "56.11%", "2018-03-31": "42.59%", "2017-12-31": "4.54%", "2017-09-30": "1.14%", "2017-06-30": "0.77%", "2017-03-31": "2.00%", "2016-12-31": "2.03%", "2016-09-30": "6.00%", "2016-06-30": "6.21%", "2016-03-31": "6.89%", "2015-12-31": "7.23%", "2015-09-30": "6.74%", "2015-06-30": "6.40%", "2015-03-31": "6.73%", "2014-12-31": "6.07%", "2014-09-30": "6.01%", "2014-06-30": "4.83%", "2014-03-31": "4.86%", "2013-12-31": "5.30%", "2013-09-30": "6.23%", "2013-06-30": "9.10%", "2013-03-31": "9.99%", "2012-12-31": "11.12%", "2012-09-30": "12.27%", "2012-06-30": "12.22%", "2012-03-31": "11.76%", "2011-12-31": "11.86%", "2011-09-30": "10.64%", "2011-06-30": "10.98%", "2011-03-31": "11.13%", "2010-12-31": "11.41%", "2010-09-30": "10.85%", "2010-06-30": "10.54%", "2010-03-31": "10.45%", "2009-12-31": "10.37%", "2009-09-30": "8.46%", "2009-06-30": "8.09%", "2009-03-31": "8.38%", "2008-12-31": "8.05%", "2008-09-30": "8.50%", "2008-06-30": "8.54%", "2008-03-31": "7.88%", "2007-12-31": "8.28%", "2007-09-30": "9.81%", "2007-06-30": "9.85%", "2007-03-31": "10.47%", "2006-12-31": "11.15%", "2006-09-30": "10.26%", "2006-06-30": "9.54%", "2006-03-31": "8.33%", "2005-12-31": "7.88%"}, "net profit margin": {"2020-09-30": "147.90%", "2020-06-30": "84.83%", "2020-03-31": "67.77%", "2019-12-31": "76.04%", "2019-09-30": "16.31%", "2019-06-30": "39.49%", "2019-03-31": "25.00%", "2018-12-31": "15.94%", "2018-09-30": "55.67%", "2018-06-30": "45.12%", "2018-03-31": "34.67%", "2017-12-31": "5.65%", "2017-09-30": "0.76%", "2017-06-30": "0.58%", "2017-03-31": "1.19%", "2016-12-31": "1.21%", "2016-09-30": "4.55%", "2016-06-30": "4.58%", "2016-03-31": "5.10%", "2015-12-31": "5.40%", "2015-09-30": "4.98%", "2015-06-30": "4.60%", "2015-03-31": "4.72%", "2014-12-31": "4.14%", "2014-09-30": "3.72%", "2014-06-30": "2.88%", "2014-03-31": "3.03%", "2013-12-31": "3.66%", "2013-09-30": "4.33%", "2013-06-30": "6.72%", "2013-03-31": "7.39%", "2012-12-31": "7.97%", "2012-09-30": "8.90%", "2012-06-30": "8.97%", "2012-03-31": "8.53%", "2011-12-31": "8.63%", "2011-09-30": "9.09%", "2011-06-30": "9.24%", "2011-03-31": "9.39%", "2010-12-31": "9.65%", "2010-09-30": "8.26%", "2010-06-30": "7.99%", "2010-03-31": "8.17%", "2009-12-31": "8.13%", "2009-09-30": "5.70%", "2009-06-30": "5.12%", "2009-03-31": "5.34%", "2008-12-31": "5.05%", "2008-09-30": "6.14%", "2008-06-30": "6.51%", "2008-03-31": "5.89%", "2007-12-31": "6.36%", "2007-09-30": "7.29%", "2007-06-30": "7.10%", "2007-03-31": "7.68%", "2006-12-31": "8.08%", "2006-09-30": "8.00%", "2006-06-30": "7.57%", "2006-03-31": "6.56%", "2005-12-31": "6.78%"}, "pe ratio": {"current": "72.00", "2021-02-11": "5.51", "2020-09-30": "4.41", "2020-06-30": "7.00", "2020-03-31": "6.71", "2019-12-31": "6.35", "2019-09-30": "27.64", "2019-06-30": "10.56", "2019-03-31": "16.42", "2018-12-31": "19.93", "2018-09-30": "7.48", "2018-06-30": "8.52", "2018-03-31": "9.94", "2017-12-31": "62.64", "2017-09-30": "281.29", "2017-06-30": "452.62", "2017-03-31": "212.06", "2016-12-31": "191.87", "2016-09-30": "49.19", "2016-06-30": "43.34", "2016-03-31": "37.36", "2015-12-31": "36.02", "2015-09-30": "38.26", "2015-06-30": "45.50", "2015-03-31": "39.41", "2014-12-31": "39.53", "2014-09-30": "41.24", "2014-06-30": "56.73", "2014-03-31": "57.71", "2013-12-31": "46.30", "2013-09-30": "35.84", "2013-06-30": "22.40", "2013-03-31": "22.91", "2012-12-31": "17.77", "2012-09-30": "16.83", "2012-06-30": "15.46", "2012-03-31": "16.75", "2011-12-31": "15.34", "2011-09-30": "13.77", "2011-06-30": "18.17", "2011-03-31": "18.45", "2010-12-31": "15.76", "2010-09-30": "16.37", "2010-06-30": "16.26", "2010-03-31": "19.39", "2009-12-31": "18.55", "2009-09-30": "25.88", "2009-06-30": "23.74", "2009-03-31": "19.44", "2008-12-31": "23.17", "2008-09-30": "24.78", "2008-06-30": "20.12", "2008-03-31": "26.24", "2007-12-31": "30.30", "2007-09-30": "25.28", "2007-06-30": "22.16", "2007-03-31": "19.08", "2006-12-31": "21.55"}, "price sales": {"2021-02-11": "8.15", "2020-09-30": "6.53", "2020-06-30": "5.92", "2020-03-31": "4.53", "2019-12-31": "4.81", "2019-09-30": "4.34", "2019-06-30": "4.12", "2019-03-31": "4.03", "2018-12-31": "3.07", "2018-09-30": "4.12", "2018-06-30": "3.81", "2018-03-31": "3.40", "2017-12-31": "3.31", "2017-09-30": "3.15", "2017-06-30": "3.23", "2017-03-31": "2.82", "2016-12-31": "2.61", "2016-09-30": "2.34", "2016-06-30": "2.08", "2016-03-31": "1.99", "2015-12-31": "2.02", "2015-09-30": "1.92", "2015-06-30": "2.09", "2015-03-31": "1.84", "2014-12-31": "1.61", "2014-09-30": "1.51", "2014-06-30": "1.61", "2014-03-31": "1.73", "2013-12-31": "1.67", "2013-09-30": "1.61", "2013-06-30": "1.54", "2013-03-31": "1.73", "2012-12-31": "1.45", "2012-09-30": "1.49", "2012-06-30": "1.38", "2012-03-31": "1.42", "2011-12-31": "1.32", "2011-09-30": "1.25", "2011-06-30": "1.68", "2011-03-31": "1.73", "2010-12-31": "1.52", "2010-09-30": "1.34", "2010-06-30": "1.29", "2010-03-31": "1.57", "2009-12-31": "1.50", "2009-09-30": "1.47", "2009-06-30": "1.22", "2009-03-31": "1.05", "2008-12-31": "1.18", "2008-09-30": "1.54", "2008-06-30": "1.33", "2008-03-31": "1.56", "2007-12-31": "1.93", "2007-09-30": "1.83", "2007-06-30": "1.56", "2007-03-31": "1.46", "2006-12-31": "1.74"}, "price book": {"current": "2.15", "2021-02-11": "2.18", "2020-09-30": "1.74", "2020-06-30": "1.82", "2020-03-31": "1.65", "2019-12-31": "1.92", "2019-09-30": "1.94", "2019-06-30": "1.70", "2019-03-31": "1.87", "2018-12-31": "1.72", "2018-09-30": "1.91", "2018-06-30": "1.86", "2018-03-31": "1.66", "2017-12-31": "2.43", "2017-09-30": "2.32", "2017-06-30": "2.38", "2017-03-31": "2.18", "2016-12-31": "2.09", "2016-09-30": "1.79", "2016-06-30": "1.61", "2016-03-31": "1.58", "2015-12-31": "1.63", "2015-09-30": "1.62", "2015-06-30": "1.86", "2015-03-31": "1.79", "2014-12-31": "1.60", "2014-09-30": "1.51", "2014-06-30": "1.54", "2014-03-31": "1.65", "2013-12-31": "1.63", "2013-09-30": "1.59", "2013-06-30": "1.55", "2013-03-31": "1.77", "2012-12-31": "1.48", "2012-09-30": "1.56", "2012-06-30": "1.53", "2012-03-31": "1.59", "2011-12-31": "1.55", "2011-09-30": "1.51", "2011-06-30": "1.94", "2011-03-31": "2.08", "2010-12-31": "1.88", "2010-09-30": "1.76", "2010-06-30": "1.84", "2010-03-31": "2.20", "2009-12-31": "2.08", "2009-09-30": "2.06", "2009-06-30": "1.83", "2009-03-31": "1.70", "2008-12-31": "1.92", "2008-09-30": "2.57", "2008-06-30": "1.97", "2008-03-31": "2.22", "2007-12-31": "2.87", "2007-09-30": "2.57", "2007-06-30": "2.25", "2007-03-31": "2.16", "2006-12-31": "2.67", "2006-09-30": "2.39", "2006-06-30": "2.27", "2006-03-31": "2.33"}, "price fcf": {"2021-02-11": "", "2020-09-30": "$12.16", "2020-06-30": "$10.68", "2020-03-31": "$12.63", "2019-12-31": "$11.91", "2019-09-30": "$9.12", "2019-06-30": "$8.09", "2019-03-31": "$5.50", "2018-12-31": "$5.29", "2018-09-30": "$5.03", "2018-06-30": "$3.98", "2018-03-31": "$3.39", "2017-12-31": "$-0.24", "2017-09-30": "$-0.00", "2017-06-30": "$0.14", "2017-03-31": "$0.45", "2016-12-31": "$2.53", "2016-09-30": "$1.13", "2016-06-30": "$2.66", "2016-03-31": "$1.34", "2015-12-31": "$2.53", "2015-09-30": "$2.25", "2015-06-30": "$2.46", "2015-03-31": "$3.83", "2014-12-31": "$5.24", "2014-09-30": "$6.71", "2014-06-30": "$5.75", "2014-03-31": "$4.04", "2013-12-31": "$2.20", "2013-09-30": "$2.89", "2013-06-30": "$2.90", "2013-03-31": "$4.17", "2012-12-31": "$4.54", "2012-09-30": "$3.99", "2012-06-30": "$3.71", "2012-03-31": "$5.57", "2011-12-31": "$5.62", "2011-09-30": "$6.46", "2011-06-30": "$7.18", "2011-03-31": "$4.78", "2010-12-31": "$4.93", "2010-09-30": "$6.01", "2010-06-30": "$7.27", "2010-03-31": "$9.95", "2009-12-31": "$9.28", "2009-09-30": "$7.80", "2009-06-30": "$5.69", "2009-03-31": "$4.18", "2008-12-31": "$3.86", "2008-09-30": "$5.05", "2008-06-30": "$5.56", "2008-03-31": "$4.89", "2007-12-31": "$4.80", "2007-09-30": "$3.04", "2007-06-30": "$3.14", "2007-03-31": "$3.55", "2006-12-31": "$2.42"}, "net worth": {"value": "$18.99B"}, "current ratio": {"current": "2.36", "2020-09-30": "2.36", "2020-06-30": "2.30", "2020-03-31": "2.40", "2019-12-31": "2.41", "2019-09-30": "4.72", "2019-06-30": "4.68", "2019-03-31": "4.57", "2018-12-31": "4.49", "2018-09-30": "4.49", "2018-06-30": "4.50", "2018-03-31": "4.33", "2017-12-31": "3.93", "2017-09-30": "4.06", "2017-06-30": "4.01", "2017-03-31": "4.25", "2016-12-31": "3.91", "2016-09-30": "4.18", "2016-06-30": "4.40", "2016-03-31": "4.43", "2015-12-31": "4.03", "2015-09-30": "4.12", "2015-06-30": "4.31", "2015-03-31": "4.08", "2014-12-31": "3.84", "2014-09-30": "3.50", "2014-06-30": "3.68", "2014-03-31": "3.67", "2013-12-31": "3.61", "2013-09-30": "3.62", "2013-06-30": "4.41", "2013-03-31": "4.18", "2012-12-31": "4.10", "2012-09-30": "4.26", "2012-06-30": "4.34", "2012-03-31": "4.09", "2011-12-31": "3.92", "2011-09-30": "4.52", "2011-06-30": "4.27", "2011-03-31": "4.20", "2010-12-31": "2.96", "2010-09-30": "4.02", "2010-06-30": "3.99", "2010-03-31": "3.88", "2009-12-31": "3.72", "2009-09-30": "3.62", "2009-06-30": "3.64", "2009-03-31": "2.95", "2008-12-31": "2.62", "2008-09-30": "2.81", "2008-06-30": "2.74", "2008-03-31": "2.71", "2007-12-31": "2.48", "2007-09-30": "4.26", "2007-06-30": "4.14", "2007-03-31": "4.15", "2006-12-31": "3.54", "2006-09-30": "3.88", "2006-06-30": "3.77", "2006-03-31": "3.83", "2005-12-31": "3.16", "2005-09-30": "3.18", "2005-06-30": "3.15", "2005-03-31": "3.09"}, "quick ratio": {"2020-09-30": "1.71", "2020-06-30": "1.62", "2020-03-31": "1.76", "2019-12-31": "1.80", "2019-09-30": "3.36", "2019-06-30": "3.36", "2019-03-31": "3.24", "2018-12-31": "3.19", "2018-09-30": "3.16", "2018-06-30": "3.17", "2018-03-31": "2.99", "2017-12-31": "2.75", "2017-09-30": "2.77", "2017-06-30": "2.74", "2017-03-31": "2.88", "2016-12-31": "2.80", "2016-09-30": "2.92", "2016-06-30": "3.08", "2016-03-31": "3.10", "2015-12-31": "2.92", "2015-09-30": "2.95", "2015-06-30": "3.07", "2015-03-31": "2.94", "2014-12-31": "2.79", "2014-09-30": "2.48", "2014-06-30": "2.60", "2014-03-31": "2.60", "2013-12-31": "2.55", "2013-09-30": "2.49", "2013-06-30": "3.29", "2013-03-31": "3.13", "2012-12-31": "3.14", "2012-09-30": "3.20", "2012-06-30": "3.26", "2012-03-31": "3.05", "2011-12-31": "2.97", "2011-09-30": "3.45", "2011-06-30": "3.25", "2011-03-31": "3.20", "2010-12-31": "2.37", "2010-09-30": "3.04", "2010-06-30": "3.04", "2010-03-31": "2.92", "2009-12-31": "2.89", "2009-09-30": "2.69", "2009-06-30": "2.66", "2009-03-31": "1.91", "2008-12-31": "1.72", "2008-09-30": "1.82", "2008-06-30": "1.81", "2008-03-31": "1.77", "2007-12-31": "1.71", "2007-09-30": "3.30", "2007-06-30": "3.20", "2007-03-31": "3.20", "2006-12-31": "2.74", "2006-09-30": "3.01", "2006-06-30": "2.90", "2006-03-31": "2.96", "2005-12-31": "2.49", "2005-09-30": "2.44", "2005-06-30": "2.43", "2005-03-31": "2.39"}, "debt equity ratio": {"current": "0.00", "2020-09-30": "0.36", "2020-06-30": "0.37", "2020-03-31": "0.38", "2019-12-31": "0.39", "2019-09-30": "0.40", "2019-06-30": "0.39", "2019-03-31": "0.41", "2018-12-31": "0.40", "2018-09-30": "0.37", "2018-06-30": "0.38", "2018-03-31": "0.39", "2017-12-31": "0.46", "2017-09-30": "0.47", "2017-06-30": "0.47", "2017-03-31": "0.46", "2016-12-31": "0.49", "2016-09-30": "0.49", "2016-06-30": "0.48", "2016-03-31": "0.48", "2015-12-31": "0.49", "2015-09-30": "0.51", "2015-06-30": "0.49", "2015-03-31": "0.51", "2014-12-31": "0.53", "2014-09-30": "0.56", "2014-06-30": "0.54", "2014-03-31": "0.54", "2013-12-31": "0.55", "2013-09-30": "0.54", "2013-06-30": "0.68", "2013-03-31": "0.70", "2012-12-31": "0.71", "2012-09-30": "0.71", "2012-06-30": "0.71", "2012-03-31": "0.73", "2011-12-31": "0.78", "2011-09-30": "0.75", "2011-06-30": "0.76", "2011-03-31": "0.80", "2010-12-31": "0.99", "2010-09-30": "0.88", "2010-06-30": "0.94", "2010-03-31": "0.96", "2009-12-31": "0.98", "2009-09-30": "1.02", "2009-06-30": "1.08", "2009-03-31": "0.85", "2008-12-31": "0.90", "2008-09-30": "0.92", "2008-06-30": "0.88", "2008-03-31": "0.90", "2007-12-31": "1.03", "2007-09-30": "0.81", "2007-06-30": "0.85", "2007-03-31": "0.87", "2006-12-31": "0.95", "2006-09-30": "0.94", "2006-06-30": "0.98", "2006-03-31": "1.01", "2005-12-31": "1.17", "2005-09-30": "1.20", "2005-06-30": "1.22", "2005-03-31": "1.24"}, "return on equity": {"2020-09-30": "49.88%", "2020-06-30": "31.73%", "2020-03-31": "27.87%", "2019-12-31": "33.11%", "2019-09-30": "7.71%", "2019-06-30": "18.76%", "2019-03-31": "12.44%", "2018-12-31": "8.09%", "2018-09-30": "30.12%", "2018-06-30": "27.64%", "2018-03-31": "23.46%", "2017-12-31": "4.32%", "2017-09-30": "0.58%", "2017-06-30": "0.44%", "2017-03-31": "0.94%", "2016-12-31": "0.96%", "2016-09-30": "3.63%", "2016-06-30": "3.69%", "2016-03-31": "4.19%", "2015-12-31": "4.60%", "2015-09-30": "4.45%", "2015-06-30": "4.35%", "2015-03-31": "4.59%", "2014-12-31": "4.07%", "2014-09-30": "3.66%", "2014-06-30": "2.82%", "2014-03-31": "3.02%", "2013-12-31": "3.71%", "2013-09-30": "4.42%", "2013-06-30": "7.00%", "2013-03-31": "7.86%", "2012-12-31": "8.64%", "2012-09-30": "9.88%", "2012-06-30": "10.38%", "2012-03-31": "10.11%", "2011-12-31": "10.57%", "2011-09-30": "11.38%", "2011-06-30": "11.79%", "2011-03-31": "12.51%", "2010-12-31": "13.35%", "2010-09-30": "11.75%", "2010-06-30": "11.74%", "2010-03-31": "12.16%", "2009-12-31": "12.36%", "2009-09-30": "8.83%", "2009-06-30": "8.17%", "2009-03-31": "8.66%", "2008-12-31": "8.24%", "2008-09-30": "10.33%", "2008-06-30": "10.60%", "2008-03-31": "9.44%", "2007-12-31": "10.12%", "2007-09-30": "11.12%", "2007-06-30": "11.06%", "2007-03-31": "12.29%", "2006-12-31": "13.45%", "2006-09-30": "13.65%", "2006-06-30": "13.30%", "2006-03-31": "11.82%", "2005-12-31": "12.50%"}, "return on assets": {"2020-09-30": "36.28%", "2020-06-30": "22.92%", "2020-03-31": "20.04%", "2019-12-31": "23.68%", "2019-09-30": "5.51%", "2019-06-30": "13.47%", "2019-03-31": "8.96%", "2018-12-31": "5.86%", "2018-09-30": "21.65%", "2018-06-30": "19.56%", "2018-03-31": "16.30%", "2017-12-31": "2.95%", "2017-09-30": "0.40%", "2017-06-30": "0.30%", "2017-03-31": "0.64%", "2016-12-31": "0.65%", "2016-09-30": "2.45%", "2016-06-30": "2.48%", "2016-03-31": "2.81%", "2015-12-31": "3.06%", "2015-09-30": "2.94%", "2015-06-30": "2.86%", "2015-03-31": "2.99%", "2014-12-31": "2.64%", "2014-09-30": "2.37%", "2014-06-30": "1.83%", "2014-03-31": "1.91%", "2013-12-31": "2.29%", "2013-09-30": "2.66%", "2013-06-30": "4.12%", "2013-03-31": "4.61%", "2012-12-31": "5.04%", "2012-09-30": "5.71%", "2012-06-30": "5.96%", "2012-03-31": "5.76%", "2011-12-31": "5.96%", "2011-09-30": "6.24%", "2011-06-30": "6.36%", "2011-03-31": "6.58%", "2010-12-31": "6.88%", "2010-09-30": "6.06%", "2010-06-30": "5.95%", "2010-03-31": "6.06%", "2009-12-31": "6.23%", "2009-09-30": "4.49%", "2009-06-30": "4.22%", "2009-03-31": "4.59%", "2008-12-31": "4.34%", "2008-09-30": "5.36%", "2008-06-30": "5.56%", "2008-03-31": "4.98%", "2007-12-31": "5.36%", "2007-09-30": "5.97%", "2007-06-30": "5.83%", "2007-03-31": "6.37%", "2006-12-31": "6.83%", "2006-09-30": "6.76%", "2006-06-30": "6.39%", "2006-03-31": "5.51%", "2005-12-31": "5.67%"}, "return on investments": {"2020-09-30": "4.17%", "2020-06-30": "3.87%", "2020-03-31": "4.18%", "2019-12-31": "4.06%", "2019-09-30": "-1.07%", "2019-06-30": "-1.48%", "2019-03-31": "-1.78%", "2018-12-31": "-2.08%", "2018-09-30": "3.85%", "2018-06-30": "4.40%", "2018-03-31": "3.70%", "2017-12-31": "3.65%", "2017-09-30": "1.32%", "2017-06-30": "0.99%", "2017-03-31": "1.82%", "2016-12-31": "1.84%", "2016-09-30": "4.50%", "2016-06-30": "4.77%", "2016-03-31": "5.47%", "2015-12-31": "5.92%", "2015-09-30": "5.79%", "2015-06-30": "5.93%", "2015-03-31": "6.22%", "2014-12-31": "5.67%", "2014-09-30": "5.70%", "2014-06-30": "5.58%", "2014-03-31": "5.78%", "2013-12-31": "6.29%", "2013-09-30": "6.91%", "2013-06-30": "8.19%", "2013-03-31": "9.10%", "2012-12-31": "9.99%", "2012-09-30": "11.22%", "2012-06-30": "11.81%", "2012-03-31": "11.76%", "2011-12-31": "12.57%", "2011-09-30": "12.09%", "2011-06-30": "12.47%", "2011-03-31": "13.07%", "2010-12-31": "13.35%", "2010-09-30": "12.69%", "2010-06-30": "12.61%", "2010-03-31": "12.27%", "2009-12-31": "12.51%", "2009-09-30": "11.44%", "2009-06-30": "11.28%", "2009-03-31": "12.12%", "2008-12-31": "12.01%", "2008-09-30": "12.29%", "2008-06-30": "11.66%", "2008-03-31": "10.44%", "2007-12-31": "10.09%", "2007-09-30": "10.64%", "2007-06-30": "10.35%", "2007-03-31": "11.21%", "2006-12-31": "12.25%", "2006-09-30": "12.33%", "2006-06-30": "12.26%", "2006-03-31": "11.24%", "2005-12-31": "10.79%"}, "return on tangible equity": {"2020-09-30": "53.30%", "2020-06-30": "34.13%", "2020-03-31": "29.96%", "2019-12-31": "35.73%", "2019-09-30": "8.35%", "2019-06-30": "20.62%", "2019-03-31": "13.98%", "2018-12-31": "9.30%", "2018-09-30": "35.75%", "2018-06-30": "33.80%", "2018-03-31": "29.78%", "2017-12-31": "5.75%", "2017-09-30": "0.78%", "2017-06-30": "0.60%", "2017-03-31": "1.28%", "2016-12-31": "1.32%", "2016-09-30": "5.06%", "2016-06-30": "5.20%", "2016-03-31": "5.99%", "2015-12-31": "6.67%", "2015-09-30": "6.59%", "2015-06-30": "6.60%", "2015-03-31": "7.10%", "2014-12-31": "6.32%", "2014-09-30": "5.71%", "2014-06-30": "4.42%", "2014-03-31": "4.74%", "2013-12-31": "5.92%", "2013-09-30": "7.10%", "2013-06-30": "11.35%", "2013-03-31": "12.77%", "2012-12-31": "14.09%", "2012-09-30": "16.40%", "2012-06-30": "16.80%", "2012-03-31": "16.12%", "2011-12-31": "16.52%", "2011-09-30": "17.43%", "2011-06-30": "18.51%", "2011-03-31": "20.10%", "2010-12-31": "22.09%", "2010-09-30": "19.86%", "2010-06-30": "20.30%", "2010-03-31": "21.61%", "2009-12-31": "22.62%", "2009-09-30": "16.94%", "2009-06-30": "16.15%", "2009-03-31": "17.47%", "2008-12-31": "17.06%", "2008-09-30": "21.80%", "2008-06-30": "19.32%", "2008-03-31": "15.06%", "2007-12-31": "14.07%", "2007-09-30": "13.68%", "2007-06-30": "13.63%", "2007-03-31": "15.14%", "2006-12-31": "16.61%", "2006-09-30": "16.91%", "2006-06-30": "16.88%", "2006-03-31": "15.41%", "2005-12-31": "16.68%"}, "dividend yield history": {"last payout": "$0.00", "last yield": "0.00%"}}