{"ticker": "BIIB", "price": {"title": "Biogen Historical Annual Stock Price Data", "value": 265.09, "historical": {"2021": {"Average Stock Price": "266.5088", "Year Open": "242.9500", "Year High": "282.6100", "Year Low": "242.9500", "Year Close": "265.0900", "Annual % Change": "8.26%"}, "2020": {"Average Stock Price": "285.3138", "Year Open": "294.2400", "Year High": "355.6300", "Year Low": "236.2600", "Year Close": "244.8600", "Annual % Change": "-17.48%"}, "2019": {"Average Stock Price": "263.5519", "Year Open": "304.6900", "Year High": "338.9600", "Year Low": "216.7100", "Year Close": "296.7300", "Annual % Change": "-1.39%"}, "2018": {"Average Stock Price": "313.6443", "Year Open": "334.1700", "Year High": "383.8300", "Year Low": "257.5200", "Year Close": "300.9200", "Annual % Change": "-5.54%"}, "2017": {"Average Stock Price": "291.0549", "Year Open": "291.7100", "Year High": "344.5800", "Year Low": "246.5400", "Year Close": "318.5700", "Annual % Change": "12.34%"}, "2016": {"Average Stock Price": "280.1990", "Year Open": "294.6200", "Year High": "330.1100", "Year Low": "224.6000", "Year Close": "283.5800", "Annual % Change": "-7.43%"}, "2015": {"Average Stock Price": "352.5829", "Year Open": "342.0100", "Year High": "475.9800", "Year Low": "256.0400", "Year Close": "306.3500", "Annual % Change": "-9.75%"}, "2014": {"Average Stock Price": "317.9830", "Year Open": "280.3300", "Year High": "360.6700", "Year Low": "273.5175", "Year Close": "339.4500", "Annual % Change": "21.42%"}, "2013": {"Average Stock Price": "215.2810", "Year Open": "150.0000", "Year High": "295.8800", "Year Low": "142.8200", "Year Close": "279.5720", "Annual % Change": "91.00%"}, "2012": {"Average Stock Price": "136.5151", "Year Open": "113.5000", "Year High": "156.0600", "Year Low": "113.5000", "Year Close": "146.3700", "Annual % Change": "33.00%"}, "2011": {"Average Stock Price": "91.9759", "Year Open": "67.2000", "Year High": "118.7200", "Year Low": "65.0800", "Year Close": "110.0500", "Annual % Change": "64.13%"}, "2010": {"Average Stock Price": "56.3579", "Year Open": "53.6400", "Year High": "68.2200", "Year Low": "46.2200", "Year Close": "67.0500", "Annual % Change": "25.33%"}, "2009": {"Average Stock Price": "48.9437", "Year Open": "48.4900", "Year High": "53.7000", "Year Low": "42.1300", "Year Close": "53.5000", "Annual % Change": "12.32%"}, "2008": {"Average Stock Price": "55.4272", "Year Open": "55.8700", "Year High": "71.3800", "Year Low": "39.0200", "Year Close": "47.6300", "Annual % Change": "-16.32%"}, "2007": {"Average Stock Price": "56.5874", "Year Open": "49.3300", "Year High": "82.5100", "Year Low": "43.1300", "Year Close": "56.9200", "Annual % Change": "15.71%"}, "2006": {"Average Stock Price": "45.9898", "Year Open": "46.7400", "Year High": "52.2600", "Year Low": "40.7300", "Year Close": "49.1900", "Annual % Change": "8.64%"}, "2005": {"Average Stock Price": "43.2715", "Year Open": "66.2900", "Year High": "67.8000", "Year Low": "33.3500", "Year Close": "45.2800", "Annual % Change": "-32.02%"}, "2004": {"Average Stock Price": "57.2480", "Year Open": "36.9400", "Year High": "67.9200", "Year Low": "36.9400", "Year Close": "66.6100", "Annual % Change": "81.50%"}, "2003": {"Average Stock Price": "34.4312", "Year Open": "34.3400", "Year High": "41.5700", "Year Low": "28.0900", "Year Close": "36.7000", "Annual % Change": "10.64%"}, "2002": {"Average Stock Price": "47.4686", "Year Open": "68.1500", "Year High": "70.9600", "Year Low": "30.1500", "Year Close": "33.1700", "Annual % Change": "-51.88%"}, "2001": {"Average Stock Price": "56.9957", "Year Open": "59.2500", "Year High": "74.5700", "Year Low": "35.6900", "Year Close": "68.9300", "Annual % Change": "9.09%"}, "2000": {"Average Stock Price": "44.2699", "Year Open": "31.0833", "Year High": "75.0833", "Year Low": "19.1267", "Year Close": "63.1867", "Annual % Change": "92.94%"}, "1999": {"Average Stock Price": "14.0875", "Year Open": "7.7917", "Year High": "32.7500", "Year Low": "6.8550", "Year Close": "32.7500", "Annual % Change": "318.09%"}, "1998": {"Average Stock Price": "5.4740", "Year Open": "5.6450", "Year High": "8.0200", "Year Low": "2.9167", "Year Close": "7.8333", "Annual % Change": "36.71%"}, "1997": {"Average Stock Price": "4.6884", "Year Open": "3.7500", "Year High": "7.6667", "Year Low": "2.7083", "Year Close": "5.7300", "Annual % Change": "44.76%"}, "1996": {"Average Stock Price": "3.7283", "Year Open": "3.1867", "Year High": "5.0200", "Year Low": "2.4367", "Year Close": "3.9583", "Annual % Change": "21.79%"}, "1995": {"Average Stock Price": "1.1416", "Year Open": "0.3950", "Year High": "3.8550", "Year Low": "0.3750", "Year Close": "3.2500", "Annual % Change": "815.49%"}, "1994": {"Average Stock Price": "0.5854", "Year Open": "0.9367", "Year High": "1.0833", "Year Low": "0.3550", "Year Close": "0.3550", "Annual % Change": "-62.96%"}, "1993": {"Average Stock Price": "0.9571", "Year Open": "1.5000", "Year High": "1.5000", "Year Low": "0.6250", "Year Close": "0.9583", "Annual % Change": "-34.29%"}, "1992": {"Average Stock Price": "1.6281", "Year Open": "2.1250", "Year High": "3.3333", "Year Low": "1.0417", "Year Close": "1.4583", "Annual % Change": "-32.69%"}}}, "market cap": {"value": "$40.38B"}, "income statement": {"Revenue": {"2020-12-31": "13444.60000", "2019-12-31": "14377.90000", "2018-12-31": "13452.90000", "2017-12-31": "12273.90000", "2016-12-31": "11448.80000", "2015-12-31": "10763.80000", "2014-12-31": "9703.30000", "2013-12-31": "6932.20000", "2012-12-31": "5516.46100", "2011-12-31": "5048.63400", "2010-12-31": "4716.42300", "2009-12-31": "4377.34800", "2008-12-31": "4097.50700", "2007-12-31": "3171.61700", "2006-12-31": "2683.04900", "2005-12-31": "2422.50000"}, "Cost Of Goods Sold": {"2020-12-31": "1805.20000", "2019-12-31": "1955.40000", "2018-12-31": "1816.30000", "2017-12-31": "1630.00000", "2016-12-31": "1478.70000", "2015-12-31": "1240.40000", "2014-12-31": "1171.00000", "2013-12-31": "857.70000", "2012-12-31": "545.49400", "2011-12-31": "466.78000", "2010-12-31": "400.26200", "2009-12-31": "382.10400", "2008-12-31": "401.98900", "2007-12-31": "335.19200", "2006-12-31": "274.38300", "2005-12-31": "373.61400"}, "Gross Profit": {"2020-12-31": "11639.40000", "2019-12-31": "12422.50000", "2018-12-31": "11636.60000", "2017-12-31": "10643.90000", "2016-12-31": "9970.10000", "2015-12-31": "9523.39900", "2014-12-31": "8532.30000", "2013-12-31": "6074.50000", "2012-12-31": "4970.96700", "2011-12-31": "4581.85400", "2010-12-31": "4316.16100", "2009-12-31": "3995.24400", "2008-12-31": "3695.51800", "2007-12-31": "2836.42500", "2006-12-31": "2408.66600", "2005-12-31": "2048.88600"}, "Research And Development Expenses": {"2020-12-31": "3990.90000", "2019-12-31": "2280.60000", "2018-12-31": "2597.20000", "2017-12-31": "2253.60000", "2016-12-31": "1973.30000", "2015-12-31": "2012.80000", "2014-12-31": "1893.40000", "2013-12-31": "1444.10000", "2012-12-31": "1334.91900", "2011-12-31": "1219.60200", "2010-12-31": "1248.60400", "2009-12-31": "1283.06800", "2008-12-31": "1072.05800", "2007-12-31": "925.16400", "2006-12-31": "718.39000", "2005-12-31": "747.67100"}, "SG&A Expenses": {"2020-12-31": "2504.50000", "2019-12-31": "2374.70000", "2018-12-31": "2106.30000", "2017-12-31": "1933.90000", "2016-12-31": "1946.60000", "2015-12-31": "2113.10000", "2014-12-31": "2232.30000", "2013-12-31": "1712.10000", "2012-12-31": "1277.46500", "2011-12-31": "1056.13300", "2010-12-31": "1031.54000", "2009-12-31": "911.03400", "2008-12-31": "925.30500", "2007-12-31": "776.10300", "2006-12-31": "685.06700", "2005-12-31": "644.75800"}, "Other Operating Income Or Expenses": {"2020-12-31": "-54.10000", "2019-12-31": "-233.20000", "2018-12-31": "-172.70000", "2017-12-31": "-175.00000", "2016-12-31": "-479.80000", "2015-12-31": "-30.50000", "2014-12-31": "55.70000", "2013-12-31": "-60.00000", "2012-12-31": "-298.30500", "2011-12-31": "-353.83600", "2010-12-31": "-258.07100", "2009-12-31": "-215.90400", "2008-12-31": "-126.79900", "2007-12-31": "-13.71900", "2006-12-31": "32.32900", "2005-12-31": "-118.11200"}, "Operating Expenses": {"2020-12-31": "8894.50000", "2019-12-31": "7335.30100", "2018-12-31": "7564.30000", "2017-12-31": "6928.10000", "2016-12-31": "6297.10000", "2015-12-31": "5872.80000", "2014-12-31": "5730.80000", "2013-12-31": "4416.80000", "2012-12-31": "3660.61200", "2011-12-31": "3323.94300", "2010-12-31": "3467.53400", "2009-12-31": "3081.92100", "2008-12-31": "2883.89600", "2007-12-31": "2391.84500", "2006-12-31": "2243.02900", "2005-12-31": "2186.46000"}, "Operating Income": {"2020-12-31": "4550.10000", "2019-12-31": "7042.60000", "2018-12-31": "5888.60100", "2017-12-31": "5345.80100", "2016-12-31": "5151.70000", "2015-12-31": "4891.00000", "2014-12-31": "3972.50000", "2013-12-31": "2515.40000", "2012-12-31": "1855.84900", "2011-12-31": "1724.69100", "2010-12-31": "1248.88900", "2009-12-31": "1295.42700", "2008-12-31": "1213.61100", "2007-12-31": "779.77200", "2006-12-31": "440.02030", "2005-12-31": "236.03980"}, "Total Non-Operating Income/Expense": {"2020-12-31": "497.40000", "2019-12-31": "83.30000", "2018-12-31": "11.00000", "2017-12-31": "-217.00000", "2016-12-31": "-218.70000", "2015-12-31": "-123.70000", "2014-12-31": "-25.80000", "2013-12-31": "-34.90000", "2012-12-31": "-0.74400", "2011-12-31": "-13.47700", "2010-12-31": "-18.98300", "2009-12-31": "37.25200", "2008-12-31": "-57.72800", "2007-12-31": "72.39600", "2006-12-31": "52.14300", "2005-12-31": "20.15500"}, "Pre-Tax Income": {"2020-12-31": "5047.50000", "2019-12-31": "7125.90000", "2018-12-31": "5899.60000", "2017-12-31": "5128.80000", "2016-12-31": "4933.00000", "2015-12-31": "4767.30000", "2014-12-31": "3946.60000", "2013-12-31": "2480.60000", "2012-12-31": "1855.10500", "2011-12-31": "1711.21400", "2010-12-31": "1229.90600", "2009-12-31": "1332.67900", "2008-12-31": "1155.88300", "2007-12-31": "852.16800", "2006-12-31": "492.16300", "2005-12-31": "256.19500"}, "Income Taxes": {"2020-12-31": "992.30000", "2019-12-31": "1158.00000", "2018-12-31": "1425.60000", "2017-12-31": "2458.70000", "2016-12-31": "1237.30000", "2015-12-31": "1161.60000", "2014-12-31": "989.90000", "2013-12-31": "601.00000", "2012-12-31": "470.55400", "2011-12-31": "444.52800", "2010-12-31": "331.33300", "2009-12-31": "355.61700", "2008-12-31": "365.77600", "2007-12-31": "272.42300", "2006-12-31": "278.43100", "2005-12-31": "95.48400"}, "Income After Taxes": {"2020-12-31": "4055.20000", "2019-12-31": "5967.90000", "2018-12-31": "4474.00000", "2017-12-31": "2670.10000", "2016-12-31": "3695.70000", "2015-12-31": "3605.70000", "2014-12-31": "2956.70000", "2013-12-31": "1879.60000", "2012-12-31": "1384.55100", "2011-12-31": "1266.68600", "2010-12-31": "898.57300", "2009-12-31": "977.06200", "2008-12-31": "790.10710", "2007-12-31": "579.74500", "2006-12-31": "213.73200", "2005-12-31": "160.71100"}, "Other Income": {"2020-12-31": "", "2019-12-31": "", "2018-12-31": "", "2017-12-31": "", "2016-12-31": "", "2015-12-31": "", "2014-12-31": "", "2013-12-31": "", "2012-12-31": "", "2011-12-31": "", "2010-12-31": "", "2009-12-31": "", "2008-12-31": "", "2007-12-31": "", "2006-12-31": "", "2005-12-31": ""}, "Income From Continuous Operations": {"2020-12-31": "4060.50000", "2019-12-31": "5888.50000", "2018-12-31": "4474.00000", "2017-12-31": "2670.10000", "2016-12-31": "3695.70000", "2015-12-31": "3593.20000", "2014-12-31": "2941.60000", "2013-12-31": "1862.40000", "2012-12-31": "1380.03300", "2011-12-31": "1266.68600", "2010-12-31": "898.57300", "2009-12-31": "977.06200", "2008-12-31": "790.10710", "2007-12-31": "579.74500", "2006-12-31": "213.73200", "2005-12-31": "160.71100"}, "Income From Discontinued Operations": {"2020-12-31": "", "2019-12-31": "", "2018-12-31": "", "2017-12-31": "", "2016-12-31": "", "2015-12-31": "", "2014-12-31": "", "2013-12-31": "", "2012-12-31": "", "2011-12-31": "", "2010-12-31": "", "2009-12-31": "", "2008-12-31": "", "2007-12-31": "", "2006-12-31": "", "2005-12-31": ""}, "Net Income": {"2020-12-31": "4000.60000", "2019-12-31": "5888.50000", "2018-12-31": "4430.70000", "2017-12-31": "2539.10000", "2016-12-31": "3702.80000", "2015-12-31": "3547.00000", "2014-12-31": "2934.80000", "2013-12-31": "1862.30000", "2012-12-31": "1380.03300", "2011-12-31": "1234.42800", "2010-12-31": "1005.27300", "2009-12-31": "970.13200", "2008-12-31": "783.16700", "2007-12-31": "638.17200", "2006-12-31": "217.51100", "2005-12-31": "160.71100"}, "EBITDA": {"2020-12-31": "5007.30000", "2019-12-31": "7507.30000", "2018-12-31": "6539.10100", "2017-12-31": "6426.80100", "2016-12-31": "5834.40000", "2015-12-31": "5491.39900", "2014-12-31": "4660.60000", "2013-12-31": "3047.10000", "2012-12-31": "2221.49700", "2011-12-31": "2083.62400", "2010-12-31": "1604.63300", "2009-12-31": "1723.38800", "2008-12-31": "1675.67000", "2007-12-31": "1160.06500", "2006-12-31": "815.89030", "2005-12-31": "638.24780"}, "EBIT": {"2020-12-31": "4550.10000", "2019-12-31": "7042.60000", "2018-12-31": "5888.60100", "2017-12-31": "5345.80100", "2016-12-31": "5151.70000", "2015-12-31": "4891.00000", "2014-12-31": "3972.50000", "2013-12-31": "2515.40000", "2012-12-31": "1855.84900", "2011-12-31": "1724.69100", "2010-12-31": "1248.88900", "2009-12-31": "1295.42700", "2008-12-31": "1213.61100", "2007-12-31": "779.77200", "2006-12-31": "440.02030", "2005-12-31": "236.03980"}, "Basic Shares Outstanding": {"2020-12-31": "160.90000", "2019-12-31": "187.10000", "2018-12-31": "204.90000", "2017-12-31": "212.60000", "2016-12-31": "218.40000", "2015-12-31": "230.70000", "2014-12-31": "236.40000", "2013-12-31": "236.90000", "2012-12-31": "237.93800", "2011-12-31": "242.39500", "2010-12-31": "252.30700", "2009-12-31": "287.35600", "2008-12-31": "292.33200", "2007-12-31": "315.83600", "2006-12-31": "338.58500", "2005-12-31": "335.58600"}, "Shares Outstanding": {"2020-12-31": "161.30000", "2019-12-31": "187.40000", "2018-12-31": "205.30000", "2017-12-31": "213.00000", "2016-12-31": "218.80000", "2015-12-31": "231.20000", "2014-12-31": "237.20000", "2013-12-31": "238.30000", "2012-12-31": "239.74000", "2011-12-31": "245.03300", "2010-12-31": "254.86700", "2009-12-31": "289.47600", "2008-12-31": "294.98400", "2007-12-31": "320.17100", "2006-12-31": "345.28100", "2005-12-31": "346.16300"}, "Basic EPS": {"2020-12-31": "24.86000", "2019-12-31": "31.47000", "2018-12-31": "21.63000", "2017-12-31": "11.94000", "2016-12-31": "16.96000", "2015-12-31": "15.38000", "2014-12-31": "12.42000", "2013-12-31": "7.86000", "2012-12-31": "5.80000", "2011-12-31": "5.09000", "2010-12-31": "3.98000", "2009-12-31": "3.37000", "2008-12-31": "2.67000", "2007-12-31": "2.02000", "2006-12-31": "0.64000", "2005-12-31": "0.48000"}, "EPS - Earnings Per Share": {"2020-12-31": "24.80000", "2019-12-31": "31.42000", "2018-12-31": "21.58000", "2017-12-31": "11.92000", "2016-12-31": "16.93000", "2015-12-31": "15.34000", "2014-12-31": "12.37000", "2013-12-31": "7.81000", "2012-12-31": "5.76000", "2011-12-31": "5.04000", "2010-12-31": "3.94000", "2009-12-31": "3.35000", "2008-12-31": "2.65000", "2007-12-31": "1.99000", "2006-12-31": "0.63000", "2005-12-31": "0.47000"}}, "income statement, quarterly": {"Revenue": {"2020-12-31": "2852.60000", "2020-09-30": "3376.10000", "2020-06-30": "3681.60000", "2020-03-31": "3534.30000", "2019-12-31": "3671.30100", "2019-09-30": "3600.10000", "2019-06-30": "3616.70000", "2019-03-31": "3489.80000", "2018-12-31": "3526.30000", "2018-09-30": "3439.00000", "2018-06-30": "3356.50000", "2018-03-31": "3131.10000", "2017-12-31": "3307.00100", "2017-09-30": "3077.80000", "2017-06-30": "3078.40000", "2017-03-31": "2810.70000", "2016-12-31": "2872.00000", "2016-09-30": "2955.80000", "2016-06-30": "2894.20000", "2016-03-31": "2726.80000", "2015-12-31": "2839.30000", "2015-09-30": "2777.90000", "2015-06-30": "2591.60000", "2015-03-31": "2555.00000", "2014-12-31": "2640.65000", "2014-09-30": "2511.44600", "2014-06-30": "2421.45200", "2014-03-31": "2129.75100", "2013-12-31": "1965.85100", "2013-09-30": "1827.78000", "2013-06-30": "1723.47300", "2013-03-31": "1415.09600", "2012-12-31": "1417.94200", "2012-09-30": "1385.55400", "2012-06-30": "1420.95100", "2012-03-31": "1292.01400", "2011-12-31": "1326.71100", "2011-09-30": "1309.93400", "2011-06-30": "1208.64700", "2011-03-31": "1203.34200", "2010-12-31": "1219.07200", "2010-09-30": "1175.78900", "2010-06-30": "1212.70200", "2010-03-31": "1108.86000", "2009-12-31": "1127.05700", "2009-09-30": "1120.51800", "2009-06-30": "1093.28900", "2009-03-31": "1036.48400", "2008-12-31": "1068.91300", "2008-09-30": "1092.96400", "2008-06-30": "993.44400", "2008-03-31": "942.18600", "2007-12-31": "893.30000", "2007-09-30": "789.23100", "2007-06-30": "773.17600", "2007-03-31": "715.91000", "2006-12-31": "708.34110", "2006-09-30": "703.49200", "2006-06-30": "660.04100", "2006-03-31": "611.17500", "2005-12-31": "632.85300", "2005-09-30": "596.21100", "2005-06-30": "605.63400", "2005-03-31": "587.80200"}, "Cost Of Goods Sold": {"2020-12-31": "490.70000", "2020-09-30": "449.10000", "2020-06-30": "411.10000", "2020-03-31": "454.30000", "2019-12-31": "447.10010", "2019-09-30": "430.00000", "2019-06-30": "476.30000", "2019-03-31": "602.00000", "2018-12-31": "488.50000", "2018-09-30": "460.80000", "2018-06-30": "421.00000", "2018-03-31": "446.00000", "2017-12-31": "509.20000", "2017-09-30": "370.00000", "2017-06-30": "366.20000", "2017-03-31": "384.60000", "2016-12-31": "378.49990", "2016-09-30": "416.90000", "2016-06-30": "370.30000", "2016-03-31": "313.00000", "2015-12-31": "331.90010", "2015-09-30": "310.00000", "2015-06-30": "286.10000", "2015-03-31": "312.40000", "2014-12-31": "297.22900", "2014-09-30": "302.63900", "2014-06-30": "291.88700", "2014-03-31": "279.24500", "2013-12-31": "258.52700", "2013-09-30": "234.69600", "2013-06-30": "230.72800", "2013-03-31": "133.74900", "2012-12-31": "133.82700", "2012-09-30": "139.35800", "2012-06-30": "139.11200", "2012-03-31": "133.19700", "2011-12-31": "139.63700", "2011-09-30": "123.52700", "2011-06-30": "100.50300", "2011-03-31": "103.11300", "2010-12-31": "100.30400", "2010-09-30": "95.91800", "2010-06-30": "106.98500", "2010-03-31": "97.05500", "2009-12-31": "99.70000", "2009-09-30": "93.48600", "2009-06-30": "90.72100", "2009-03-31": "98.19700", "2008-12-31": "101.16100", "2008-09-30": "107.49300", "2008-06-30": "92.40100", "2008-03-31": "100.93400", "2007-12-31": "87.56600", "2007-09-30": "81.61300", "2007-06-30": "84.06300", "2007-03-31": "81.95000", "2006-12-31": "62.10400", "2006-09-30": "66.79200", "2006-06-30": "77.99300", "2006-03-31": "67.49400", "2005-12-31": "113.35100", "2005-09-30": "89.56100", "2005-06-30": "71.09300", "2005-03-31": "99.60900"}, "Gross Profit": {"2020-12-31": "2361.90000", "2020-09-30": "2927.00000", "2020-06-30": "3270.50000", "2020-03-31": "3080.00000", "2019-12-31": "3224.20000", "2019-09-30": "3170.10000", "2019-06-30": "3140.40000", "2019-03-31": "2887.80000", "2018-12-31": "3037.80000", "2018-09-30": "2978.20000", "2018-06-30": "2935.50000", "2018-03-31": "2685.10000", "2017-12-31": "2797.80100", "2017-09-30": "2707.80000", "2017-06-30": "2712.20000", "2017-03-31": "2426.10000", "2016-12-31": "2493.50000", "2016-09-30": "2538.90000", "2016-06-30": "2523.90000", "2016-03-31": "2413.80000", "2015-12-31": "2507.40000", "2015-09-30": "2467.90000", "2015-06-30": "2305.50000", "2015-03-31": "2242.60000", "2014-12-31": "2343.42100", "2014-09-30": "2208.80700", "2014-06-30": "2129.56500", "2014-03-31": "1850.50600", "2013-12-31": "1707.32400", "2013-09-30": "1593.08400", "2013-06-30": "1492.74500", "2013-03-31": "1281.34700", "2012-12-31": "1284.11500", "2012-09-30": "1246.19600", "2012-06-30": "1281.83900", "2012-03-31": "1158.81700", "2011-12-31": "1187.07400", "2011-09-30": "1186.40700", "2011-06-30": "1108.14400", "2011-03-31": "1100.22900", "2010-12-31": "1118.76800", "2010-09-30": "1079.87100", "2010-06-30": "1105.71700", "2010-03-31": "1011.80500", "2009-12-31": "1027.35700", "2009-09-30": "1027.03200", "2009-06-30": "1002.56800", "2009-03-31": "938.28700", "2008-12-31": "967.75210", "2008-09-30": "985.47100", "2008-06-30": "901.04300", "2008-03-31": "841.25200", "2007-12-31": "805.73400", "2007-09-30": "707.61800", "2007-06-30": "689.11300", "2007-03-31": "633.96000", "2006-12-31": "646.23710", "2006-09-30": "636.70000", "2006-06-30": "582.04800", "2006-03-31": "543.68100", "2005-12-31": "519.50200", "2005-09-30": "506.65000", "2005-06-30": "534.54100", "2005-03-31": "488.19300"}, "Research And Development Expenses": {"2020-12-31": "1726.10000", "2020-09-30": "1140.90000", "2020-06-30": "647.60000", "2020-03-31": "476.30000", "2019-12-31": "691.70010", "2019-09-30": "540.40000", "2019-06-30": "484.80000", "2019-03-31": "563.70000", "2018-12-31": "611.60000", "2018-09-30": "507.90000", "2018-06-30": "981.00000", "2018-03-31": "496.70000", "2017-12-31": "587.60010", "2017-09-30": "446.40000", "2017-06-30": "796.20000", "2017-03-31": "423.40000", "2016-12-31": "533.90010", "2016-09-30": "529.00000", "2016-06-30": "473.10000", "2016-03-31": "437.30000", "2015-12-31": "541.70000", "2015-09-30": "519.90000", "2015-06-30": "490.70000", "2015-03-31": "460.50000", "2014-12-31": "500.06920", "2014-09-30": "417.17400", "2014-06-30": "447.27300", "2014-03-31": "528.88400", "2013-12-31": "422.28000", "2013-09-30": "410.01700", "2013-06-30": "327.46300", "2013-03-31": "284.34000", "2012-12-31": "345.18090", "2012-09-30": "304.21700", "2012-06-30": "329.55900", "2012-03-31": "355.96200", "2011-12-31": "338.93400", "2011-09-30": "301.39100", "2011-06-30": "285.64400", "2011-03-31": "293.63300", "2010-12-31": "290.84510", "2010-09-30": "319.05400", "2010-06-30": "331.67500", "2010-03-31": "307.03000", "2009-12-31": "283.08200", "2009-09-30": "304.05500", "2009-06-30": "416.45300", "2009-03-31": "279.47800", "2008-12-31": "292.76700", "2008-09-30": "268.80000", "2008-06-30": "252.25900", "2008-03-31": "258.23200", "2007-12-31": "229.29200", "2007-09-30": "286.27400", "2007-06-30": "218.14900", "2007-03-31": "191.44900", "2006-12-31": "199.48000", "2006-09-30": "211.03300", "2006-06-30": "161.98500", "2006-03-31": "145.89200", "2005-12-31": "168.31200", "2005-09-30": "227.03900", "2005-06-30": "179.84300", "2005-03-31": "172.47700"}, "SG&A Expenses": {"2020-12-31": "806.20010", "2020-09-30": "573.10000", "2020-06-30": "555.10000", "2020-03-31": "570.10000", "2019-12-31": "664.90000", "2019-09-30": "554.50000", "2019-06-30": "587.60000", "2019-03-31": "567.70000", "2018-12-31": "591.10020", "2018-09-30": "497.70000", "2018-06-30": "516.20000", "2018-03-31": "501.30000", "2017-12-31": "571.99990", "2017-09-30": "433.40000", "2017-06-30": "429.80000", "2017-03-31": "498.70000", "2016-12-31": "494.19990", "2016-09-30": "462.70000", "2016-06-30": "492.40000", "2016-03-31": "497.30000", "2015-12-31": "583.00000", "2015-09-30": "477.80000", "2015-06-30": "491.90000", "2015-03-31": "560.40000", "2014-12-31": "573.56790", "2014-09-30": "570.43600", "2014-06-30": "576.62200", "2014-03-31": "511.67400", "2013-12-31": "522.90600", "2013-09-30": "405.58400", "2013-06-30": "431.01200", "2013-03-31": "352.59800", "2012-12-31": "375.97800", "2012-09-30": "299.63100", "2012-06-30": "301.76700", "2012-03-31": "300.08900", "2011-12-31": "283.91810", "2011-09-30": "261.39800", "2011-06-30": "266.30100", "2011-03-31": "244.51600", "2010-12-31": "276.39400", "2010-09-30": "244.16000", "2010-06-30": "262.32200", "2010-03-31": "248.66400", "2009-12-31": "241.62000", "2009-09-30": "226.75500", "2009-06-30": "220.82900", "2009-03-31": "221.83000", "2008-12-31": "230.96300", "2008-09-30": "232.82400", "2008-06-30": "245.68900", "2008-03-31": "215.82900", "2007-12-31": "193.73000", "2007-09-30": "190.64400", "2007-06-30": "203.66800", "2007-03-31": "188.06100", "2006-12-31": "186.94500", "2006-09-30": "173.44200", "2006-06-30": "170.28900", "2006-03-31": "154.39100", "2005-12-31": "169.12200", "2005-09-30": "161.41000", "2005-06-30": "155.75400", "2005-03-31": "158.47200"}, "Other Operating Income Or Expenses": {"2020-12-31": "88.90000", "2020-09-30": "-44.00000", "2020-06-30": "-31.80000", "2020-03-31": "-67.20000", "2019-12-31": "-22.20000", "2019-09-30": "15.30000", "2019-06-30": "-41.20000", "2019-03-31": "-185.10000", "2018-12-31": "-135.10000", "2018-09-30": "40.40000", "2018-06-30": "-41.10000", "2018-03-31": "-36.90000", "2017-12-31": "-31.30000", "2017-09-30": "-65.20000", "2017-06-30": "-47.70000", "2017-03-31": "-30.80000", "2016-12-31": "-461.90000", "2016-09-30": "-10.60000", "2016-06-30": "-5.00000", "2016-03-31": "-2.30000", "2015-12-31": "-24.70000", "2015-09-30": "-0.20000", "2015-06-30": "2.20000", "2015-03-31": "-7.80000", "2014-12-31": "-2.65100", "2014-09-30": "53.81200", "2014-06-30": "-0.11900", "2014-03-31": "4.65800", "2013-12-31": "5.05500", "2013-09-30": "7.04600", "2013-06-30": "10.48200", "2013-03-31": "-82.58300", "2012-12-31": "-66.50200", "2012-09-30": "-53.28200", "2012-06-30": "-91.36900", "2012-03-31": "-87.15200", "2011-12-31": "-103.61700", "2011-09-30": "-83.97500", "2011-06-30": "-90.25000", "2011-03-31": "-75.99400", "2010-12-31": "-67.83100", "2010-09-30": "-63.99100", "2010-06-30": "-62.69200", "2010-03-31": "-63.55700", "2009-12-31": "-63.29600", "2009-09-30": "-60.69700", "2009-06-30": "-49.13800", "2009-03-31": "-42.77300", "2008-12-31": "-28.43100", "2008-09-30": "-43.53300", "2008-06-30": "-33.42900", "2008-03-31": "-21.40600", "2007-12-31": "-13.54900", "2007-09-30": "-5.84200", "2007-06-30": "0.10500", "2007-03-31": "5.56700", "2006-12-31": "-8.07400", "2006-09-30": "5.11400", "2006-06-30": "34.99100", "2006-03-31": "0.29800", "2005-12-31": "-15.20800", "2005-09-30": "-21.04600", "2005-06-30": "-75.56500", "2005-03-31": "-6.29300"}, "Operating Expenses": {"2020-12-31": "3183.30000", "2020-09-30": "2289.70000", "2020-06-30": "1707.10000", "2020-03-31": "1714.40000", "2019-12-31": "1893.60100", "2019-09-30": "1793.80000", "2019-06-30": "1660.80000", "2019-03-31": "1987.10000", "2018-12-31": "2083.19900", "2018-09-30": "1741.40000", "2018-06-30": "2143.30000", "2018-03-31": "1596.40000", "2017-12-31": "1840.80000", "2017-09-30": "1423.90000", "2017-06-30": "1877.40000", "2017-03-31": "1786.00000", "2016-12-31": "1984.50000", "2016-09-30": "1530.50000", "2016-06-30": "1433.70000", "2016-03-31": "1348.40000", "2015-12-31": "1671.30000", "2015-09-30": "1406.00000", "2015-06-30": "1358.50000", "2015-03-31": "1437.00000", "2014-12-31": "1480.80200", "2014-09-30": "1358.86800", "2014-06-30": "1432.72700", "2014-03-31": "1458.40300", "2013-12-31": "1308.03400", "2013-09-30": "1143.24900", "2013-06-30": "1060.94600", "2013-03-31": "904.57100", "2012-12-31": "972.43610", "2012-09-30": "850.30400", "2012-06-30": "915.22800", "2012-03-31": "922.64400", "2011-12-31": "917.60900", "2011-09-30": "821.44090", "2011-06-30": "797.83400", "2011-03-31": "787.05900", "2010-12-31": "863.88710", "2010-09-30": "981.65400", "2010-06-30": "816.82200", "2010-03-31": "805.17100", "2009-12-31": "743.68010", "2009-09-30": "736.34000", "2009-06-30": "870.37500", "2009-03-31": "731.52600", "2008-12-31": "743.95300", "2008-09-30": "747.11400", "2008-06-30": "696.64700", "2008-03-31": "696.18200", "2007-12-31": "630.86990", "2007-09-30": "660.02090", "2007-06-30": "566.73600", "2007-03-31": "534.21800", "2006-12-31": "516.62280", "2006-09-30": "506.16400", "2006-06-30": "782.05590", "2006-03-31": "438.18600", "2005-12-31": "539.55320", "2005-09-30": "575.04600", "2005-06-30": "559.33300", "2005-03-31": "512.52800"}, "Operating Income": {"2020-12-31": "-330.70000", "2020-09-30": "1086.40000", "2020-06-30": "1974.50000", "2020-03-31": "1819.90000", "2019-12-31": "1777.69900", "2019-09-30": "1806.30000", "2019-06-30": "1955.90000", "2019-03-31": "1502.70000", "2018-12-31": "1443.10100", "2018-09-30": "1697.60000", "2018-06-30": "1213.20000", "2018-03-31": "1534.70000", "2017-12-31": "1466.20100", "2017-09-30": "1653.90000", "2017-06-30": "1201.00000", "2017-03-31": "1024.70000", "2016-12-31": "887.49950", "2016-09-30": "1425.30000", "2016-06-30": "1460.50000", "2016-03-31": "1378.40000", "2015-12-31": "1168.00000", "2015-09-30": "1371.90000", "2015-06-30": "1233.10000", "2015-03-31": "1118.00000", "2014-12-31": "1159.84900", "2014-09-30": "1152.57800", "2014-06-30": "988.72500", "2014-03-31": "671.34790", "2013-12-31": "657.81690", "2013-09-30": "684.53100", "2013-06-30": "662.52710", "2013-03-31": "510.52500", "2012-12-31": "445.50590", "2012-09-30": "535.25000", "2012-06-30": "505.72310", "2012-03-31": "369.37010", "2011-12-31": "409.10170", "2011-09-30": "488.49300", "2011-06-30": "410.81300", "2011-03-31": "416.28310", "2010-12-31": "355.18460", "2010-09-30": "194.13490", "2010-06-30": "395.88000", "2010-03-31": "303.68900", "2009-12-31": "383.37700", "2009-09-30": "384.17790", "2009-06-30": "222.91390", "2009-03-31": "304.95800", "2008-12-31": "324.96010", "2008-09-30": "345.85000", "2008-06-30": "296.79690", "2008-03-31": "246.00400", "2007-12-31": "262.43010", "2007-09-30": "129.21010", "2007-06-30": "206.44000", "2007-03-31": "181.69200", "2006-12-31": "191.71830", "2006-09-30": "197.32800", "2006-06-30": "-122.01490", "2006-03-31": "172.98900", "2005-12-31": "93.29990", "2005-09-30": "21.16500", "2005-06-30": "46.30100", "2005-03-31": "75.27400"}, "Total Non-Operating Income/Expense": {"2020-12-31": "683.50000", "2020-09-30": "-128.60000", "2020-06-30": "63.00000", "2020-03-31": "-120.50000", "2019-12-31": "-49.30000", "2019-09-30": "-27.30000", "2019-06-30": "-197.40000", "2019-03-31": "357.30000", "2018-12-31": "-28.60000", "2018-09-30": "115.10000", "2018-06-30": "-34.50000", "2018-03-31": "-41.00000", "2017-12-31": "-66.40000", "2017-09-30": "-44.00000", "2017-06-30": "-68.60000", "2017-03-31": "-38.00000", "2016-12-31": "-49.30000", "2016-09-30": "-58.10000", "2016-06-30": "-58.50000", "2016-03-31": "-52.80000", "2015-12-31": "-82.40000", "2015-09-30": "-15.40000", "2015-06-30": "-10.90000", "2015-03-31": "-15.00000", "2014-12-31": "-8.77000", "2014-09-30": "-16.29000", "2014-06-30": "4.86100", "2014-03-31": "-5.60100", "2013-12-31": "-5.37500", "2013-09-30": "-4.64000", "2013-06-30": "-10.42800", "2013-03-31": "-14.45700", "2012-12-31": "-14.29000", "2012-09-30": "-4.54800", "2012-06-30": "2.95000", "2012-03-31": "15.14400", "2011-12-31": "-3.97300", "2011-09-30": "-7.72700", "2011-06-30": "-11.72800", "2011-03-31": "9.95100", "2010-12-31": "-4.66400", "2010-09-30": "-6.94500", "2010-06-30": "1.01200", "2010-03-31": "-8.38600", "2009-12-31": "6.36600", "2009-09-30": "9.36000", "2009-06-30": "14.68000", "2009-03-31": "6.84600", "2008-12-31": "-33.07700", "2008-09-30": "-23.71300", "2008-06-30": "-4.01800", "2008-03-31": "3.08000", "2007-12-31": "-25.79600", "2007-09-30": "44.90400", "2007-06-30": "31.58600", "2007-03-31": "21.70200", "2006-12-31": "-10.64700", "2006-09-30": "22.31900", "2006-06-30": "21.80600", "2006-03-31": "18.66500", "2005-12-31": "11.83800", "2005-09-30": "11.19200", "2005-06-30": "6.05100", "2005-03-31": "-8.92600"}, "Pre-Tax Income": {"2020-12-31": "352.79990", "2020-09-30": "957.80000", "2020-06-30": "2037.50000", "2020-03-31": "1699.40000", "2019-12-31": "1728.40000", "2019-09-30": "1779.00000", "2019-06-30": "1758.50000", "2019-03-31": "1860.00000", "2018-12-31": "1414.50000", "2018-09-30": "1812.70000", "2018-06-30": "1178.70000", "2018-03-31": "1493.70000", "2017-12-31": "1399.80000", "2017-09-30": "1609.90000", "2017-06-30": "1132.40000", "2017-03-31": "986.70000", "2016-12-31": "838.20010", "2016-09-30": "1367.20000", "2016-06-30": "1402.00000", "2016-03-31": "1325.60000", "2015-12-31": "1085.80000", "2015-09-30": "1356.40000", "2015-06-30": "1222.20000", "2015-03-31": "1102.90000", "2014-12-31": "1150.97900", "2014-09-30": "1136.28800", "2014-06-30": "993.58600", "2014-03-31": "665.74700", "2013-12-31": "652.54210", "2013-09-30": "679.89100", "2013-06-30": "652.09900", "2013-03-31": "496.06800", "2012-12-31": "431.21600", "2012-09-30": "530.70200", "2012-06-30": "508.67300", "2012-03-31": "384.51400", "2011-12-31": "405.12900", "2011-09-30": "480.76600", "2011-06-30": "399.08500", "2011-03-31": "426.23400", "2010-12-31": "350.52110", "2010-09-30": "187.19000", "2010-06-30": "396.89200", "2010-03-31": "295.30300", "2009-12-31": "389.74300", "2009-09-30": "393.53800", "2009-06-30": "237.59400", "2009-03-31": "311.80400", "2008-12-31": "291.88310", "2008-09-30": "322.13700", "2008-06-30": "292.77900", "2008-03-31": "249.08400", "2007-12-31": "236.63400", "2007-09-30": "174.11400", "2007-06-30": "238.02600", "2007-03-31": "203.39400", "2006-12-31": "181.07100", "2006-09-30": "219.64700", "2006-06-30": "-100.20900", "2006-03-31": "191.65400", "2005-12-31": "105.13800", "2005-09-30": "32.35700", "2005-06-30": "52.35200", "2005-03-31": "66.34800"}, "Income Taxes": {"2020-12-31": "13.40000", "2020-09-30": "240.80000", "2020-06-30": "446.10000", "2020-03-31": "292.00000", "2019-12-31": "276.10000", "2019-09-30": "211.30000", "2019-06-30": "248.10000", "2019-03-31": "422.50000", "2018-12-31": "469.60000", "2018-09-30": "369.80000", "2018-06-30": "263.70000", "2018-03-31": "322.50000", "2017-12-31": "1566.10000", "2017-09-30": "383.80000", "2017-06-30": "269.60000", "2017-03-31": "239.20000", "2016-12-31": "190.30010", "2016-09-30": "337.00000", "2016-06-30": "353.60000", "2016-03-31": "356.40000", "2015-12-31": "257.10000", "2015-09-30": "330.10000", "2015-06-30": "292.50000", "2015-03-31": "281.90000", "2014-12-31": "268.19100", "2014-09-30": "274.77400", "2014-06-30": "268.52100", "2014-03-31": "178.41400", "2013-12-31": "190.24700", "2013-09-30": "186.10500", "2013-06-30": "159.14000", "2013-03-31": "65.50800", "2012-12-31": "136.34100", "2012-09-30": "131.04400", "2012-06-30": "121.02100", "2012-03-31": "82.14800", "2011-12-31": "104.92000", "2011-09-30": "127.10400", "2011-06-30": "95.03600", "2011-03-31": "117.46800", "2010-12-31": "78.76900", "2010-09-30": "75.01100", "2010-06-30": "102.24300", "2010-03-31": "75.31000", "2009-12-31": "83.74700", "2009-09-30": "113.93600", "2009-06-30": "92.70900", "2009-03-31": "65.22500", "2008-12-31": "83.45600", "2008-09-30": "114.33700", "2008-06-30": "84.70600", "2008-03-31": "83.27700", "2007-12-31": "93.91100", "2007-09-30": "54.73300", "2007-06-30": "51.88600", "2007-03-31": "71.89300", "2006-12-31": "72.51500", "2006-09-30": "63.04800", "2006-06-30": "70.40400", "2006-03-31": "72.46400", "2005-12-31": "49.57400", "2005-09-30": "5.17200", "2005-06-30": "17.84800", "2005-03-31": "22.89000"}, "Income After Taxes": {"2020-12-31": "339.39990", "2020-09-30": "717.00000", "2020-06-30": "1591.40000", "2020-03-31": "1407.40000", "2019-12-31": "1452.30000", "2019-09-30": "1567.70000", "2019-06-30": "1510.40000", "2019-03-31": "1437.50000", "2018-12-31": "944.90010", "2018-09-30": "1442.90000", "2018-06-30": "914.99990", "2018-03-31": "1171.20000", "2017-12-31": "-166.30030", "2017-09-30": "1226.10000", "2017-06-30": "862.80000", "2017-03-31": "747.50000", "2016-12-31": "647.90000", "2016-09-30": "1030.20000", "2016-06-30": "1048.40000", "2016-03-31": "969.20000", "2015-12-31": "828.69970", "2015-09-30": "1026.30000", "2015-06-30": "929.70000", "2015-03-31": "821.00000", "2014-12-31": "882.78830", "2014-09-30": "861.51400", "2014-06-30": "725.06500", "2014-03-31": "487.33300", "2013-12-31": "462.29510", "2013-09-30": "493.78600", "2013-06-30": "492.95900", "2013-03-31": "430.56000", "2012-12-31": "294.87500", "2012-09-30": "399.65800", "2012-06-30": "387.65200", "2012-03-31": "302.36600", "2011-12-31": "300.20910", "2011-09-30": "353.66200", "2011-06-30": "304.04900", "2011-03-31": "308.76600", "2010-12-31": "271.75200", "2010-09-30": "112.17900", "2010-06-30": "294.64900", "2010-03-31": "219.99300", "2009-12-31": "305.99600", "2009-09-30": "279.60200", "2009-06-30": "144.88500", "2009-03-31": "246.57900", "2008-12-31": "208.42710", "2008-09-30": "207.80000", "2008-06-30": "208.07300", "2008-03-31": "165.80700", "2007-12-31": "142.72300", "2007-09-30": "119.38100", "2007-06-30": "186.14000", "2007-03-31": "131.50100", "2006-12-31": "108.55600", "2006-09-30": "156.59900", "2006-06-30": "-170.61300", "2006-03-31": "119.19000", "2005-12-31": "55.56400", "2005-09-30": "27.18500", "2005-06-30": "34.50400", "2005-03-31": "43.45800"}, "Other Income": {"2020-12-31": "", "2020-09-30": "", "2020-06-30": "", "2020-03-31": "", "2019-12-31": "", "2019-09-30": "", "2019-06-30": "", "2019-03-31": "", "2018-12-31": "", "2018-09-30": "", "2018-06-30": "", "2018-03-31": "", "2017-12-31": "", "2017-09-30": "", "2017-06-30": "", "2017-03-31": "", "2016-12-31": "", "2016-09-30": "", "2016-06-30": "", "2016-03-31": "", "2015-12-31": "", "2015-09-30": "", "2015-06-30": "", "2015-03-31": "", "2014-12-31": "", "2014-09-30": "", "2014-06-30": "", "2014-03-31": "", "2013-12-31": "", "2013-09-30": "", "2013-06-30": "", "2013-03-31": "", "2012-12-31": "", "2012-09-30": "", "2012-06-30": "", "2012-03-31": "", "2011-12-31": "", "2011-09-30": "", "2011-06-30": "", "2011-03-31": "", "2010-12-31": "", "2010-09-30": "", "2010-06-30": "", "2010-03-31": "", "2009-12-31": "", "2009-09-30": "", "2009-06-30": "", "2009-03-31": "", "2008-12-31": "", "2008-09-30": "", "2008-06-30": "", "2008-03-31": "", "2007-12-31": "", "2007-09-30": "", "2007-06-30": "", "2007-03-31": "", "2006-12-31": "", "2006-09-30": "", "2006-06-30": "", "2006-03-31": "", "2005-12-31": "", "2005-09-30": "", "2005-06-30": "", "2005-03-31": ""}, "Income From Continuous Operations": {"2020-12-31": "357.50010", "2020-09-30": "703.90000", "2020-06-30": "1606.50000", "2020-03-31": "1392.60000", "2019-12-31": "1439.70000", "2019-09-30": "1545.90000", "2019-06-30": "1494.10000", "2019-03-31": "1408.80000", "2018-12-31": "944.90010", "2018-09-30": "1442.90000", "2018-06-30": "914.99990", "2018-03-31": "1171.20000", "2017-12-31": "-166.30030", "2017-09-30": "1226.10000", "2017-06-30": "862.80000", "2017-03-31": "747.50000", "2016-12-31": "647.90000", "2016-09-30": "1030.20000", "2016-06-30": "1048.40000", "2016-03-31": "969.20000", "2015-12-31": "828.69980", "2015-09-30": "1019.50000", "2015-06-30": "924.79990", "2015-03-31": "820.20000", "2014-12-31": "882.61990", "2014-09-30": "856.12000", "2014-06-30": "723.13200", "2014-03-31": "479.72800", "2013-12-31": "457.36520", "2013-09-30": "487.61600", "2013-06-30": "490.67000", "2013-03-31": "426.74900", "2012-12-31": "292.12610", "2012-09-30": "398.40000", "2012-06-30": "387.14100", "2012-03-31": "302.36600", "2011-12-31": "300.20910", "2011-09-30": "353.66200", "2011-06-30": "304.04900", "2011-03-31": "308.76600", "2010-12-31": "271.75200", "2010-09-30": "112.17900", "2010-06-30": "294.64900", "2010-03-31": "219.99300", "2009-12-31": "305.99600", "2009-09-30": "279.60200", "2009-06-30": "144.88500", "2009-03-31": "246.57900", "2008-12-31": "208.42710", "2008-09-30": "207.80000", "2008-06-30": "208.07300", "2008-03-31": "165.80700", "2007-12-31": "142.72300", "2007-09-30": "119.38100", "2007-06-30": "186.14000", "2007-03-31": "131.50100", "2006-12-31": "108.55600", "2006-09-30": "156.59900", "2006-06-30": "-170.61300", "2006-03-31": "119.19000", "2005-12-31": "55.56400", "2005-09-30": "27.18500", "2005-06-30": "34.50400", "2005-03-31": "43.45800"}, "Income From Discontinued Operations": {"2020-12-31": "", "2020-09-30": "", "2020-06-30": "", "2020-03-31": "", "2019-12-31": "", "2019-09-30": "", "2019-06-30": "", "2019-03-31": "", "2018-12-31": "", "2018-09-30": "", "2018-06-30": "", "2018-03-31": "", "2017-12-31": "", "2017-09-30": "", "2017-06-30": "", "2017-03-31": "", "2016-12-31": "", "2016-09-30": "", "2016-06-30": "", "2016-03-31": "", "2015-12-31": "", "2015-09-30": "", "2015-06-30": "", "2015-03-31": "", "2014-12-31": "", "2014-09-30": "", "2014-06-30": "", "2014-03-31": "", "2013-12-31": "", "2013-09-30": "", "2013-06-30": "", "2013-03-31": "", "2012-12-31": "", "2012-09-30": "", "2012-06-30": "", "2012-03-31": "", "2011-12-31": "", "2011-09-30": "", "2011-06-30": "", "2011-03-31": "", "2010-12-31": "", "2010-09-30": "", "2010-06-30": "", "2010-03-31": "", "2009-12-31": "", "2009-09-30": "", "2009-06-30": "", "2009-03-31": "", "2008-12-31": "", "2008-09-30": "", "2008-06-30": "", "2008-03-31": "", "2007-12-31": "", "2007-09-30": "", "2007-06-30": "", "2007-03-31": "", "2006-12-31": "", "2006-09-30": "", "2006-06-30": "", "2006-03-31": "", "2005-12-31": "", "2005-09-30": "", "2005-06-30": "", "2005-03-31": ""}, "Net Income": {"2020-12-31": "357.90010", "2020-09-30": "701.50000", "2020-06-30": "1542.10000", "2020-03-31": "1399.10000", "2019-12-31": "1439.70000", "2019-09-30": "1545.90000", "2019-06-30": "1494.10000", "2019-03-31": "1408.80000", "2018-12-31": "946.80020", "2018-09-30": "1444.40000", "2018-06-30": "866.60000", "2018-03-31": "1172.90000", "2017-12-31": "-297.39980", "2017-09-30": "1226.10000", "2017-06-30": "862.80000", "2017-03-31": "747.60000", "2016-12-31": "649.19980", "2016-09-30": "1032.90000", "2016-06-30": "1049.80000", "2016-03-31": "970.90000", "2015-12-31": "831.59990", "2015-09-30": "965.60000", "2015-06-30": "927.30000", "2015-03-31": "822.50000", "2014-12-31": "883.48020", "2014-09-30": "856.85800", "2014-06-30": "714.50600", "2014-03-31": "479.95600", "2013-12-31": "457.26500", "2013-09-30": "487.61600", "2013-06-30": "490.67000", "2013-03-31": "426.74900", "2012-12-31": "292.12590", "2012-09-30": "398.40000", "2012-06-30": "386.84600", "2012-03-31": "302.66100", "2011-12-31": "300.23700", "2011-09-30": "351.82600", "2011-06-30": "288.03400", "2011-03-31": "294.33100", "2010-12-31": "240.27800", "2010-09-30": "254.11500", "2010-06-30": "293.43800", "2010-03-31": "217.44200", "2009-12-31": "305.63700", "2009-09-30": "277.66300", "2009-06-30": "142.84500", "2009-03-31": "243.98700", "2008-12-31": "206.65400", "2008-09-30": "206.78800", "2008-06-30": "206.62800", "2008-03-31": "163.09700", "2007-12-31": "201.15000", "2007-09-30": "119.38100", "2007-06-30": "186.14000", "2007-03-31": "131.50100", "2006-12-31": "108.55600", "2006-09-30": "156.59900", "2006-06-30": "-170.61300", "2006-03-31": "122.96900", "2005-12-31": "55.56400", "2005-09-30": "27.18500", "2005-06-30": "34.50400", "2005-03-31": "43.45800"}, "EBITDA": {"2020-12-31": "-240.29990", "2020-09-30": "1220.40000", "2020-06-30": "2087.40000", "2020-03-31": "1939.80000", "2019-12-31": "1674.80000", "2019-09-30": "2135.80000", "2019-06-30": "2072.90000", "2019-03-31": "1623.80000", "2018-12-31": "1406.70100", "2018-09-30": "2044.10000", "2018-06-30": "1384.70000", "2018-03-31": "1703.60000", "2017-12-31": "1675.20100", "2017-09-30": "1831.30000", "2017-06-30": "1383.60000", "2017-03-31": "1536.70000", "2016-12-31": "1064.90000", "2016-09-30": "1605.50000", "2016-06-30": "1635.90000", "2016-03-31": "1528.10000", "2015-12-31": "1324.30000", "2015-09-30": "1523.50000", "2015-06-30": "1377.70000", "2015-03-31": "1265.90000", "2014-12-31": "1317.44100", "2014-09-30": "1327.98400", "2014-06-30": "1152.86400", "2014-03-31": "862.31090", "2013-12-31": "816.15990", "2013-09-30": "832.00800", "2013-06-30": "790.95410", "2013-03-31": "607.97800", "2012-12-31": "542.38200", "2012-09-30": "629.45300", "2012-06-30": "596.34710", "2012-03-31": "453.31510", "2011-12-31": "497.82270", "2011-09-30": "575.86000", "2011-06-30": "501.11300", "2011-03-31": "508.82810", "2010-12-31": "450.83960", "2010-09-30": "284.26290", "2010-06-30": "483.33100", "2010-03-31": "386.19900", "2009-12-31": "476.57700", "2009-09-30": "470.06190", "2009-06-30": "349.64490", "2009-03-31": "427.10400", "2008-12-31": "446.97710", "2008-09-30": "473.42100", "2008-06-30": "402.33590", "2008-03-31": "352.93600", "2007-12-31": "364.69310", "2007-09-30": "225.96510", "2007-06-30": "298.90000", "2007-03-31": "270.50700", "2006-12-31": "278.93530", "2006-09-30": "287.05900", "2006-06-30": "-46.32290", "2006-03-31": "296.21900", "2005-12-31": "190.82390", "2005-09-30": "130.91600", "2005-06-30": "145.12300", "2005-03-31": "171.38500"}, "EBIT": {"2020-12-31": "-330.70060", "2020-09-30": "1086.40000", "2020-06-30": "1974.50000", "2020-03-31": "1819.90000", "2019-12-31": "1777.70000", "2019-09-30": "1806.30000", "2019-06-30": "1955.90000", "2019-03-31": "1502.70000", "2018-12-31": "1443.10100", "2018-09-30": "1697.60000", "2018-06-30": "1213.20000", "2018-03-31": "1534.70000", "2017-12-31": "1466.20100", "2017-09-30": "1653.90000", "2017-06-30": "1201.00000", "2017-03-31": "1024.70000", "2016-12-31": "887.49950", "2016-09-30": "1425.30000", "2016-06-30": "1460.50000", "2016-03-31": "1378.40000", "2015-12-31": "1168.00000", "2015-09-30": "1371.90000", "2015-06-30": "1233.10000", "2015-03-31": "1118.00000", "2014-12-31": "1159.84900", "2014-09-30": "1152.57800", "2014-06-30": "988.72500", "2014-03-31": "671.34790", "2013-12-31": "657.81730", "2013-09-30": "684.53100", "2013-06-30": "662.52710", "2013-03-31": "510.52500", "2012-12-31": "445.50570", "2012-09-30": "535.25000", "2012-06-30": "505.72310", "2012-03-31": "369.37010", "2011-12-31": "409.10180", "2011-09-30": "488.49300", "2011-06-30": "410.81300", "2011-03-31": "416.28310", "2010-12-31": "355.18470", "2010-09-30": "194.13490", "2010-06-30": "395.88000", "2010-03-31": "303.68900", "2009-12-31": "383.37710", "2009-09-30": "384.17790", "2009-06-30": "222.91390", "2009-03-31": "304.95800", "2008-12-31": "324.96000", "2008-09-30": "345.85000", "2008-06-30": "296.79690", "2008-03-31": "246.00400", "2007-12-31": "262.42990", "2007-09-30": "129.21010", "2007-06-30": "206.44000", "2007-03-31": "181.69200", "2006-12-31": "191.71820", "2006-09-30": "197.32800", "2006-06-30": "-122.01490", "2006-03-31": "172.98900", "2005-12-31": "93.29990", "2005-09-30": "21.16500", "2005-06-30": "46.30100", "2005-03-31": "75.27400"}, "Basic Shares Outstanding": {"2020-12-31": "160.90000", "2020-09-30": "156.90000", "2020-06-30": "160.60000", "2020-03-31": "172.80000", "2019-12-31": "187.10000", "2019-09-30": "184.00000", "2019-06-30": "190.30000", "2019-03-31": "196.60000", "2018-12-31": "204.90000", "2018-09-30": "201.40000", "2018-06-30": "207.10000", "2018-03-31": "211.40000", "2017-12-31": "212.60000", "2017-09-30": "211.40000", "2017-06-30": "211.90000", "2017-03-31": "215.60000", "2016-12-31": "218.40000", "2016-09-30": "218.90000", "2016-06-30": "219.10000", "2016-03-31": "218.90000", "2015-12-31": "230.70000", "2015-09-30": "232.20000", "2015-06-30": "235.30000", "2015-03-31": "235.00000", "2014-12-31": "236.40000", "2014-09-30": "236.21700", "2014-06-30": "236.66100", "2014-03-31": "236.78600", "2013-12-31": "236.90000", "2013-09-30": "237.07000", "2013-06-30": "237.48400", "2013-03-31": "236.83700", "2012-12-31": "237.93800", "2012-09-30": "236.47400", "2012-06-30": "238.98800", "2012-03-31": "239.75400", "2011-12-31": "242.39500", "2011-09-30": "242.88300", "2011-06-30": "242.37500", "2011-03-31": "241.53600", "2010-12-31": "252.30700", "2010-09-30": "239.86400", "2010-06-30": "259.93800", "2010-03-31": "269.92200", "2009-12-31": "287.35600", "2009-09-30": "288.91700", "2009-06-30": "288.61500", "2009-03-31": "287.70300", "2008-12-31": "292.33200", "2008-09-30": "291.40800", "2008-06-30": "290.35600", "2008-03-31": "296.17100", "2007-12-31": "315.83600", "2007-09-30": "288.95800", "2007-06-30": "340.31500", "2007-03-31": "340.31000", "2006-12-31": "338.58500", "2006-09-30": "338.02100", "2006-06-30": "342.37500", "2006-03-31": "339.65300", "2005-12-31": "335.58600", "2005-09-30": "336.53600", "2005-06-30": "332.62900", "2005-03-31": "335.27900"}, "Shares Outstanding": {"2020-12-31": "161.30000", "2020-09-30": "157.20000", "2020-06-30": "160.90000", "2020-03-31": "173.10000", "2019-12-31": "187.40000", "2019-09-30": "184.20000", "2019-06-30": "190.40000", "2019-03-31": "197.00000", "2018-12-31": "205.30000", "2018-09-30": "201.90000", "2018-06-30": "207.30000", "2018-03-31": "211.70000", "2017-12-31": "213.00000", "2017-09-30": "211.80000", "2017-06-30": "212.20000", "2017-03-31": "215.90000", "2016-12-31": "218.80000", "2016-09-30": "219.40000", "2016-06-30": "219.40000", "2016-03-31": "219.30000", "2015-12-31": "231.20000", "2015-09-30": "232.60000", "2015-06-30": "235.70000", "2015-03-31": "235.60000", "2014-12-31": "237.20000", "2014-09-30": "236.97200", "2014-06-30": "237.40100", "2014-03-31": "237.84900", "2013-12-31": "238.30000", "2013-09-30": "238.34900", "2013-06-30": "238.74300", "2013-03-31": "238.30400", "2012-12-31": "239.74000", "2012-09-30": "238.12500", "2012-06-30": "240.62200", "2012-03-31": "241.82800", "2011-12-31": "245.03300", "2011-09-30": "245.36600", "2011-06-30": "244.96600", "2011-03-31": "244.55100", "2010-12-31": "254.86700", "2010-09-30": "242.31300", "2010-06-30": "261.65800", "2010-03-31": "272.70300", "2009-12-31": "289.47600", "2009-09-30": "291.03700", "2009-06-30": "290.35900", "2009-03-31": "289.74400", "2008-12-31": "294.98400", "2008-09-30": "293.92100", "2008-06-30": "293.47600", "2008-03-31": "299.50000", "2007-12-31": "320.17100", "2007-09-30": "293.39600", "2007-06-30": "343.38900", "2007-03-31": "344.05800", "2006-12-31": "345.28100", "2006-09-30": "344.75400", "2006-06-30": "342.37500", "2006-03-31": "345.81500", "2005-12-31": "346.16300", "2005-09-30": "340.85900", "2005-06-30": "344.73500", "2005-03-31": "352.17300"}, "Basic EPS": {"2020-12-31": "2.69000", "2020-09-30": "4.47000", "2020-06-30": "9.60000", "2020-03-31": "8.10000", "2019-12-31": "8.05000", "2019-09-30": "8.40000", "2019-06-30": "7.85000", "2019-03-31": "7.17000", "2018-12-31": "4.73000", "2018-09-30": "7.17000", "2018-06-30": "4.18000", "2018-03-31": "5.55000", "2017-12-31": "-1.40000", "2017-09-30": "5.80000", "2017-06-30": "4.07000", "2017-03-31": "3.47000", "2016-12-31": "3.01000", "2016-09-30": "4.72000", "2016-06-30": "4.79000", "2016-03-31": "4.44000", "2015-12-31": "3.78000", "2015-09-30": "4.16000", "2015-06-30": "3.94000", "2015-03-31": "3.50000", "2014-12-31": "3.74000", "2014-09-30": "3.63000", "2014-06-30": "3.02000", "2014-03-31": "2.03000", "2013-12-31": "1.93000", "2013-09-30": "2.06000", "2013-06-30": "2.07000", "2013-03-31": "1.80000", "2012-12-31": "1.24000", "2012-09-30": "1.68000", "2012-06-30": "1.62000", "2012-03-31": "1.26000", "2011-12-31": "1.23000", "2011-09-30": "1.45000", "2011-06-30": "1.19000", "2011-03-31": "1.22000", "2010-12-31": "0.99000", "2010-09-30": "1.06000", "2010-06-30": "1.13000", "2010-03-31": "0.80000", "2009-12-31": "1.07000", "2009-09-30": "0.96000", "2009-06-30": "0.49000", "2009-03-31": "0.85000", "2008-12-31": "0.70000", "2008-09-30": "0.71000", "2008-06-30": "0.71000", "2008-03-31": "0.55000", "2007-12-31": "0.67000", "2007-09-30": "0.41000", "2007-06-30": "0.55000", "2007-03-31": "0.39000", "2006-12-31": "0.32000", "2006-09-30": "0.46000", "2006-06-30": "-0.50000", "2006-03-31": "0.36000", "2005-12-31": "0.17000", "2005-09-30": "0.08000", "2005-06-30": "0.10000", "2005-03-31": "0.13000"}, "EPS - Earnings Per Share": {"2020-12-31": "2.67000", "2020-09-30": "4.46000", "2020-06-30": "9.59000", "2020-03-31": "8.08000", "2019-12-31": "8.03000", "2019-09-30": "8.39000", "2019-06-30": "7.85000", "2019-03-31": "7.15000", "2018-12-31": "4.71000", "2018-09-30": "7.15000", "2018-06-30": "4.18000", "2018-03-31": "5.54000", "2017-12-31": "-1.40000", "2017-09-30": "5.79000", "2017-06-30": "4.07000", "2017-03-31": "3.46000", "2016-12-31": "3.00000", "2016-09-30": "4.71000", "2016-06-30": "4.79000", "2016-03-31": "4.43000", "2015-12-31": "3.77000", "2015-09-30": "4.15000", "2015-06-30": "3.93000", "2015-03-31": "3.49000", "2014-12-31": "3.72000", "2014-09-30": "3.62000", "2014-06-30": "3.01000", "2014-03-31": "2.02000", "2013-12-31": "1.91000", "2013-09-30": "2.05000", "2013-06-30": "2.06000", "2013-03-31": "1.79000", "2012-12-31": "1.23000", "2012-09-30": "1.67000", "2012-06-30": "1.61000", "2012-03-31": "1.25000", "2011-12-31": "1.23000", "2011-09-30": "1.43000", "2011-06-30": "1.18000", "2011-03-31": "1.20000", "2010-12-31": "0.97000", "2010-09-30": "1.05000", "2010-06-30": "1.12000", "2010-03-31": "0.80000", "2009-12-31": "1.07000", "2009-09-30": "0.95000", "2009-06-30": "0.49000", "2009-03-31": "0.84000", "2008-12-31": "0.71000", "2008-09-30": "0.70000", "2008-06-30": "0.70000", "2008-03-31": "0.54000", "2007-12-31": "0.66000", "2007-09-30": "0.41000", "2007-06-30": "0.54000", "2007-03-31": "0.38000", "2006-12-31": "0.32000", "2006-09-30": "0.45000", "2006-06-30": "-0.50000", "2006-03-31": "0.36000", "2005-12-31": "0.17000", "2005-09-30": "0.08000", "2005-06-30": "0.10000", "2005-03-31": "0.12000"}}, "balance sheet": {"Cash On Hand": {"2020-12-31": "2610.10000", "2019-12-31": "4475.90000", "2018-12-31": "3538.00000", "2017-12-31": "3689.00000", "2016-12-31": "4895.10000", "2015-12-31": "3428.50000", "2014-12-31": "1845.40000", "2013-12-31": "1222.72900", "2012-12-31": "1705.71000", "2011-12-31": "1690.65700", "2010-12-31": "1207.74400", "2009-12-31": "1263.72400", "2008-12-31": "1401.40800", "2007-12-31": "1391.71200", "2006-12-31": "902.69100", "2005-12-31": "850.75310"}, "Receivables": {"2020-12-31": "1913.80000", "2019-12-31": "1880.50000", "2018-12-31": "1958.50000", "2017-12-31": "1787.00000", "2016-12-31": "1441.60000", "2015-12-31": "1227.00000", "2014-12-31": "1292.40000", "2013-12-31": "824.40600", "2012-12-31": "686.84800", "2011-12-31": "584.60300", "2010-12-31": "605.32900", "2009-12-31": "551.20800", "2008-12-31": "446.66500", "2007-12-31": "559.33200", "2006-12-31": "317.35300", "2005-12-31": "280.51200"}, "Inventory": {"2020-12-31": "1068.60000", "2019-12-31": "804.20000", "2018-12-31": "929.90000", "2017-12-31": "902.70000", "2016-12-31": "1001.60000", "2015-12-31": "893.40000", "2014-12-31": "804.00000", "2013-12-31": "659.00300", "2012-12-31": "447.37300", "2011-12-31": "326.84300", "2010-12-31": "289.06600", "2009-12-31": "293.95000", "2008-12-31": "263.60200", "2007-12-31": "233.98700", "2006-12-31": "169.10200", "2005-12-31": "182.81500"}, "Pre-Paid Expenses": {"2020-12-31": "", "2019-12-31": "", "2018-12-31": "", "2017-12-31": "", "2016-12-31": "", "2015-12-31": "", "2014-12-31": "", "2013-12-31": "", "2012-12-31": "", "2011-12-31": "", "2010-12-31": "", "2009-12-31": "", "2008-12-31": "", "2007-12-31": "", "2006-12-31": "", "2005-12-31": ""}, "Other Current Assets": {"2020-12-31": "1294.60000", "2019-12-31": "1221.20000", "2018-12-31": "1214.50000", "2017-12-31": "1494.60000", "2016-12-31": "1393.90000", "2015-12-31": "1151.40000", "2014-12-31": "593.20000", "2013-12-31": "478.79600", "2012-12-31": "404.40600", "2011-12-31": "373.32400", "2010-12-31": "438.28100", "2009-12-31": "371.71300", "2008-12-31": "346.32500", "2007-12-31": "183.37600", "2006-12-31": "323.42100", "2005-12-31": "318.77100"}, "Total Current Assets": {"2020-12-31": "6887.10000", "2019-12-31": "8381.80000", "2018-12-31": "7640.90000", "2017-12-31": "7873.30000", "2016-12-31": "8732.20000", "2015-12-31": "6700.30000", "2014-12-31": "4535.00000", "2013-12-31": "3184.93400", "2012-12-31": "3244.33700", "2011-12-31": "2975.42700", "2010-12-31": "2540.42000", "2009-12-31": "2480.59500", "2008-12-31": "2458.00000", "2007-12-31": "2368.40700", "2006-12-31": "1712.56700", "2005-12-31": "1632.85100"}, "Property, Plant, And Equipment": {"2020-12-31": "3411.50000", "2019-12-31": "3247.30000", "2018-12-31": "3601.20000", "2017-12-31": "3182.40000", "2016-12-31": "2501.80000", "2015-12-31": "2187.60000", "2014-12-31": "1765.70000", "2013-12-31": "1750.71000", "2012-12-31": "1742.20000", "2011-12-31": "1571.38700", "2010-12-31": "1641.63400", "2009-12-31": "1637.08300", "2008-12-31": "1594.75400", "2007-12-31": "1497.38300", "2006-12-31": "1280.38500", "2005-12-31": "1174.39600"}, "Long-Term Investments": {"2020-12-31": "3671.10000", "2019-12-31": "2660.90000", "2018-12-31": "3066.50000", "2017-12-31": "3488.90000", "2016-12-31": "4165.20000", "2015-12-31": "3868.00000", "2014-12-31": "2225.30000", "2013-12-31": "1220.12200", "2012-12-31": "2310.71200", "2011-12-31": "1748.28500", "2010-12-31": "991.29900", "2009-12-31": "1424.47700", "2008-12-31": "1126.55800", "2007-12-31": "1133.29900", "2006-12-31": "1657.85800", "2005-12-31": "1468.43900"}, "Goodwill And Intangible Assets": {"2020-12-31": "8846.40000", "2019-12-31": "9285.19900", "2018-12-31": "8826.40000", "2017-12-31": "8512.10000", "2016-12-31": "7477.60000", "2015-12-31": "6748.90000", "2014-12-31": "5788.70000", "2013-12-31": "5707.56900", "2012-12-31": "2832.84300", "2011-12-31": "2754.50500", "2010-12-31": "2919.14000", "2009-12-31": "3009.69900", "2008-12-31": "3299.67900", "2007-12-31": "3629.72600", "2006-12-31": "3901.99800", "2005-12-31": "4106.03100"}, "Other Long-Term Assets": {"2020-12-31": "", "2019-12-31": "", "2018-12-31": "", "2017-12-31": "", "2016-12-31": "", "2015-12-31": "", "2014-12-31": "", "2013-12-31": "", "2012-12-31": "", "2011-12-31": "", "2010-12-31": "", "2009-12-31": "", "2008-12-31": "", "2007-12-31": "", "2006-12-31": "", "2005-12-31": ""}, "Total Long-Term Assets": {"2020-12-31": "17731.80000", "2019-12-31": "18852.50000", "2018-12-31": "17648.00000", "2017-12-31": "15779.30000", "2016-12-31": "14144.60000", "2015-12-31": "12804.50000", "2014-12-31": "9779.70000", "2013-12-31": "8678.40000", "2012-12-31": "6885.75500", "2011-12-31": "6074.17700", "2010-12-31": "5552.07300", "2009-12-31": "6071.25900", "2008-12-31": "6020.99100", "2007-12-31": "6260.40800", "2006-12-31": "6840.24100", "2005-12-31": "6748.86600"}, "Total Assets": {"2020-12-31": "24618.90000", "2019-12-31": "27234.30000", "2018-12-31": "25288.90000", "2017-12-31": "23652.60000", "2016-12-31": "22876.80000", "2015-12-31": "19504.80000", "2014-12-31": "14314.70000", "2013-12-31": "11863.33000", "2012-12-31": "10130.12000", "2011-12-31": "9049.60400", "2010-12-31": "8092.49300", "2009-12-31": "8551.85400", "2008-12-31": "8478.99100", "2007-12-31": "8628.81500", "2006-12-31": "8552.80800", "2005-12-31": "8381.71700"}, "Total Current Liabilities": {"2020-12-31": "3742.20000", "2019-12-31": "4863.80000", "2018-12-31": "3295.20000", "2017-12-31": "3368.20000", "2016-12-31": "3419.90000", "2015-12-31": "2577.70000", "2014-12-31": "2218.10000", "2013-12-31": "1758.27900", "2012-12-31": "1657.38900", "2011-12-31": "912.88900", "2010-12-31": "1050.12200", "2009-12-31": "714.94200", "2008-12-31": "923.22200", "2007-12-31": "2189.17500", "2006-12-31": "582.85500", "2005-12-31": "597.80600"}, "Long Term Debt": {"2020-12-31": "7426.20000", "2019-12-31": "4459.00000", "2018-12-31": "5936.50000", "2017-12-31": "5935.00000", "2016-12-31": "6512.70000", "2015-12-31": "6521.50000", "2014-12-31": "580.30000", "2013-12-31": "592.43300", "2012-12-31": "687.39600", "2011-12-31": "1060.80800", "2010-12-31": "1066.37900", "2009-12-31": "1080.20700", "2008-12-31": "1085.43100", "2007-12-31": "51.84300", "2006-12-31": "96.69400", "2005-12-31": "43.44400"}, "Other Non-Current Liabilities": {"2020-12-31": "1329.60000", "2019-12-31": "1348.90000", "2018-12-31": "1389.40000", "2017-12-31": "1628.70000", "2016-12-31": "722.50000", "2015-12-31": "905.80000", "2014-12-31": "650.10000", "2013-12-31": "659.23100", "2012-12-31": "604.26600", "2011-12-31": "400.27600", "2010-12-31": "325.59900", "2009-12-31": "254.20500", "2008-12-31": "280.36900", "2007-12-31": "331.97700", "2006-12-31": "79.83600", "2005-12-31": "72.30900"}, "Total Long Term Liabilities": {"2020-12-31": "10190.60000", "2019-12-31": "9031.40000", "2018-12-31": "8962.10100", "2017-12-31": "7686.30000", "2016-12-31": "7328.30000", "2015-12-31": "7552.20000", "2014-12-31": "1282.60000", "2013-12-31": "1484.21800", "2012-12-31": "1508.93400", "2011-12-31": "1709.72800", "2010-12-31": "1592.92800", "2009-12-31": "1575.03000", "2008-12-31": "1721.81700", "2007-12-31": "905.34500", "2006-12-31": "820.17500", "2005-12-31": "878.03500"}, "Total Liabilities": {"2020-12-31": "13932.80000", "2019-12-31": "13895.20000", "2018-12-31": "12257.30000", "2017-12-31": "11054.50000", "2016-12-31": "10748.20000", "2015-12-31": "10129.90000", "2014-12-31": "3500.70000", "2013-12-31": "3242.49700", "2012-12-31": "3166.32300", "2011-12-31": "2622.61700", "2010-12-31": "2643.05000", "2009-12-31": "2289.97200", "2008-12-31": "2645.03900", "2007-12-31": "3094.52000", "2006-12-31": "1403.03000", "2005-12-31": "1475.84100"}, "Common Stock Net": {"2020-12-31": "0.10000", "2019-12-31": "0.10000", "2018-12-31": "0.10000", "2017-12-31": "0.10000", "2016-12-31": "0.10000", "2015-12-31": "0.10000", "2014-12-31": "0.10000", "2013-12-31": "0.12800", "2012-12-31": "0.12700", "2011-12-31": "0.12800", "2010-12-31": "0.12400", "2009-12-31": "0.14400", "2008-12-31": "0.14900", "2007-12-31": "0.14700", "2006-12-31": "0.17300", "2005-12-31": "0.17300"}, "Retained Earnings (Accumulated Deficit)": {"2020-12-31": "13976.30000", "2019-12-31": "16455.40000", "2018-12-31": "16257.00000", "2017-12-31": "15810.40000", "2016-12-31": "15071.60000", "2015-12-31": "12208.40000", "2014-12-31": "9283.90000", "2013-12-31": "6349.13500", "2012-12-31": "4486.79400", "2011-12-31": "3106.76100", "2010-12-31": "1872.48100", "2009-12-31": "1068.89000", "2008-12-31": "270.18000", "2007-12-31": "-352.16900", "2006-12-31": "-860.82700", "2005-12-31": "-1021.64400"}, "Comprehensive Income": {"2020-12-31": "-299.00000", "2019-12-31": "-135.20000", "2018-12-31": "-240.40000", "2017-12-31": "-318.40000", "2016-12-31": "-319.90000", "2015-12-31": "-224.00000", "2014-12-31": "-59.50000", "2013-12-31": "-27.74500", "2012-12-31": "-55.30500", "2011-12-31": "-26.53500", "2010-12-31": "-21.61000", "2009-12-31": "50.49600", "2008-12-31": "-11.10600", "2007-12-31": "79.24600", "2006-12-31": "21.85500", "2005-12-31": "-13.91000"}, "Other Share Holders Equity": {"2020-12-31": "", "2019-12-31": "", "2018-12-31": "", "2017-12-31": "", "2016-12-31": "", "2015-12-31": "", "2014-12-31": "", "2013-12-31": "", "2012-12-31": "", "2011-12-31": "", "2010-12-31": "", "2009-12-31": "", "2008-12-31": "", "2007-12-31": "", "2006-12-31": "", "2005-12-31": ""}, "Share Holder Equity": {"2020-12-31": "10686.10000", "2019-12-31": "13339.10000", "2018-12-31": "13031.60000", "2017-12-31": "12598.10000", "2016-12-31": "12128.60000", "2015-12-31": "9374.90000", "2014-12-31": "10814.00000", "2013-12-31": "8620.83800", "2012-12-31": "6963.79500", "2011-12-31": "6426.98700", "2010-12-31": "5449.44300", "2009-12-31": "6261.88200", "2008-12-31": "5833.95200", "2007-12-31": "5534.29500", "2006-12-31": "7149.77800", "2005-12-31": "6905.87600"}, "Total Liabilities And Share Holders Equity": {"2020-12-31": "24618.90000", "2019-12-31": "27234.30000", "2018-12-31": "25288.90000", "2017-12-31": "23652.60000", "2016-12-31": "22876.80000", "2015-12-31": "19504.80000", "2014-12-31": "14314.70000", "2013-12-31": "11863.33000", "2012-12-31": "10130.12000", "2011-12-31": "9049.60400", "2010-12-31": "8092.49300", "2009-12-31": "8551.85400", "2008-12-31": "8478.99100", "2007-12-31": "8628.81500", "2006-12-31": "8552.80800", "2005-12-31": "8381.71700"}}, "balance sheet, quarterly": {"Cash On Hand": {"2020-12-31": "2610.10000", "2020-09-30": "3579.80000", "2020-06-30": "4327.60000", "2020-03-31": "3860.40000", "2019-12-31": "4475.90000", "2019-09-30": "4437.40000", "2019-06-30": "2952.20000", "2019-03-31": "3909.00000", "2018-12-31": "3538.00000", "2018-09-30": "4428.40000", "2018-06-30": "3224.20000", "2018-03-31": "5916.00000", "2017-12-31": "3689.00000", "2017-09-30": "3508.30000", "2017-06-30": "2893.00000", "2017-03-31": "2880.20000", "2016-12-31": "4895.10000", "2016-09-30": "4316.00000", "2016-06-30": "3796.80000", "2016-03-31": "3585.40000", "2015-12-31": "3428.50000", "2015-09-30": "5842.50200", "2015-06-30": "2368.67300", "2015-03-31": "2151.99700", "2014-12-31": "1845.40000", "2014-09-30": "1861.34600", "2014-06-30": "1573.06600", "2014-03-31": "1260.21100", "2013-12-31": "1222.72900", "2013-09-30": "668.69300", "2013-06-30": "667.67000", "2013-03-31": "663.30200", "2012-12-31": "1705.71000", "2012-09-30": "1605.79400", "2012-06-30": "1406.05000", "2012-03-31": "1276.61200", "2011-12-31": "1690.65700", "2011-09-30": "1519.52100", "2011-06-30": "1326.74400", "2011-03-31": "1228.54500", "2010-12-31": "1207.74400", "2010-09-30": "824.59200", "2010-06-30": "969.67200", "2010-03-31": "1152.67400", "2009-12-31": "1263.72400", "2009-09-30": "1407.67600", "2009-06-30": "1623.07400", "2009-03-31": "1401.32300", "2008-12-31": "1401.40800", "2008-09-30": "1564.92800", "2008-06-30": "1039.20800", "2008-03-31": "1111.09300", "2007-12-31": "1391.71200", "2007-09-30": "671.34700", "2007-06-30": "1802.71700", "2007-03-31": "1127.57900", "2006-12-31": "902.69100", "2006-09-30": "661.01900", "2006-06-30": "713.77400", "2006-03-31": "849.35500", "2005-12-31": "850.75310", "2005-09-30": "611.39800", "2005-06-30": "927.45300", "2005-03-31": "1151.88100"}, "Receivables": {"2020-12-31": "1913.80000", "2020-09-30": "2024.90000", "2020-06-30": "2133.60000", "2020-03-31": "2092.60000", "2019-12-31": "1880.50000", "2019-09-30": "1933.50000", "2019-06-30": "1959.60000", "2019-03-31": "2088.90000", "2018-12-31": "1958.50000", "2018-09-30": "2017.30000", "2018-06-30": "1951.00000", "2018-03-31": "1939.20000", "2017-12-31": "1787.00000", "2017-09-30": "1567.50000", "2017-06-30": "1630.20000", "2017-03-31": "1501.50000", "2016-12-31": "1441.60000", "2016-09-30": "1467.80000", "2016-06-30": "1293.00000", "2016-03-31": "1395.10000", "2015-12-31": "1227.00000", "2015-09-30": "1327.78000", "2015-06-30": "1310.82100", "2015-03-31": "1389.99500", "2014-12-31": "1292.40000", "2014-09-30": "1091.23200", "2014-06-30": "1002.32800", "2014-03-31": "1018.48700", "2013-12-31": "824.40600", "2013-09-30": "891.39600", "2013-06-30": "861.45700", "2013-03-31": "753.61100", "2012-12-31": "686.84800", "2012-09-30": "661.51900", "2012-06-30": "683.84100", "2012-03-31": "684.24200", "2011-12-31": "584.60300", "2011-09-30": "581.05200", "2011-06-30": "666.96000", "2011-03-31": "687.60900", "2010-12-31": "605.32900", "2010-09-30": "616.69700", "2010-06-30": "548.89300", "2010-03-31": "560.77700", "2009-12-31": "551.20800", "2009-09-30": "550.99500", "2009-06-30": "511.28600", "2009-03-31": "481.21400", "2008-12-31": "446.66500", "2008-09-30": "484.63600", "2008-06-30": "482.79700", "2008-03-31": "451.48000", "2007-12-31": "559.33200", "2007-09-30": "378.80700", "2007-06-30": "359.51800", "2007-03-31": "324.56900", "2006-12-31": "317.35300", "2006-09-30": "282.51900", "2006-06-30": "284.91200", "2006-03-31": "276.44100", "2005-12-31": "280.51200", "2005-09-30": "261.53500", "2005-06-30": "254.01400", "2005-03-31": "275.01400"}, "Inventory": {"2020-12-31": "1068.60000", "2020-09-30": "1027.70000", "2020-06-30": "952.70000", "2020-03-31": "858.80000", "2019-12-31": "804.20000", "2019-09-30": "751.80000", "2019-06-30": "776.70000", "2019-03-31": "770.20000", "2018-12-31": "929.90000", "2018-09-30": "916.60000", "2018-06-30": "931.70000", "2018-03-31": "906.60000", "2017-12-31": "902.70000", "2017-09-30": "1007.20000", "2017-06-30": "936.50000", "2017-03-31": "921.60000", "2016-12-31": "1001.60000", "2016-09-30": "1009.70000", "2016-06-30": "996.40000", "2016-03-31": "964.60000", "2015-12-31": "893.40000", "2015-09-30": "918.92100", "2015-06-30": "865.73800", "2015-03-31": "825.34900", "2014-12-31": "804.00000", "2014-09-30": "753.06300", "2014-06-30": "715.93500", "2014-03-31": "672.75000", "2013-12-31": "659.00300", "2013-09-30": "614.48300", "2013-06-30": "570.39000", "2013-03-31": "506.55700", "2012-12-31": "447.37300", "2012-09-30": "392.93600", "2012-06-30": "362.94000", "2012-03-31": "337.61900", "2011-12-31": "326.84300", "2011-09-30": "310.93400", "2011-06-30": "308.25400", "2011-03-31": "295.26000", "2010-12-31": "289.06600", "2010-09-30": "269.31300", "2010-06-30": "267.87800", "2010-03-31": "280.03800", "2009-12-31": "293.95000", "2009-09-30": "278.68600", "2009-06-30": "268.52900", "2009-03-31": "268.07600", "2008-12-31": "263.60200", "2008-09-30": "249.85800", "2008-06-30": "255.02800", "2008-03-31": "237.17200", "2007-12-31": "233.98700", "2007-09-30": "222.85700", "2007-06-30": "207.89700", "2007-03-31": "186.22000", "2006-12-31": "169.10200", "2006-09-30": "155.11900", "2006-06-30": "147.02400", "2006-03-31": "191.02200", "2005-12-31": "182.81500", "2005-09-30": "227.46900", "2005-06-30": "243.53800", "2005-03-31": "236.62400"}, "Pre-Paid Expenses": {"2020-12-31": "", "2020-09-30": "", "2020-06-30": "", "2020-03-31": "", "2019-12-31": "", "2019-09-30": "", "2019-06-30": "", "2019-03-31": "", "2018-12-31": "", "2018-09-30": "", "2018-06-30": "", "2018-03-31": "", "2017-12-31": "", "2017-09-30": "", "2017-06-30": "", "2017-03-31": "", "2016-12-31": "", "2016-09-30": "", "2016-06-30": "", "2016-03-31": "", "2015-12-31": "", "2015-09-30": "", "2015-06-30": "", "2015-03-31": "", "2014-12-31": "", "2014-09-30": "", "2014-06-30": "", "2014-03-31": "", "2013-12-31": "", "2013-09-30": "", "2013-06-30": "", "2013-03-31": "", "2012-12-31": "", "2012-09-30": "", "2012-06-30": "", "2012-03-31": "", "2011-12-31": "", "2011-09-30": "", "2011-06-30": "", "2011-03-31": "", "2010-12-31": "", "2010-09-30": "", "2010-06-30": "", "2010-03-31": "", "2009-12-31": "", "2009-09-30": "", "2009-06-30": "", "2009-03-31": "", "2008-12-31": "", "2008-09-30": "", "2008-06-30": "", "2008-03-31": "", "2007-12-31": "", "2007-09-30": "", "2007-06-30": "", "2007-03-31": "", "2006-12-31": "", "2006-09-30": "", "2006-06-30": "", "2006-03-31": "", "2005-12-31": "", "2005-09-30": "", "2005-06-30": "", "2005-03-31": ""}, "Other Current Assets": {"2020-12-31": "1294.60000", "2020-09-30": "1210.70000", "2020-06-30": "1079.90000", "2020-03-31": "1195.40000", "2019-12-31": "1221.20000", "2019-09-30": "1325.50000", "2019-06-30": "2221.30000", "2019-03-31": "2174.50000", "2018-12-31": "1214.50000", "2018-09-30": "1356.70000", "2018-06-30": "1325.20000", "2018-03-31": "1449.40000", "2017-12-31": "1494.60000", "2017-09-30": "1485.00000", "2017-06-30": "1649.00000", "2017-03-31": "1556.40000", "2016-12-31": "1393.90000", "2016-09-30": "1298.30000", "2016-06-30": "1361.50000", "2016-03-31": "1256.20000", "2015-12-31": "1151.40000", "2015-09-30": "1181.67000", "2015-06-30": "1073.75300", "2015-03-31": "891.55500", "2014-12-31": "593.20000", "2014-09-30": "666.47000", "2014-06-30": "633.68400", "2014-03-31": "573.57600", "2013-12-31": "478.79600", "2013-09-30": "469.10000", "2013-06-30": "423.70400", "2013-03-31": "3405.36800", "2012-12-31": "404.40600", "2012-09-30": "395.13900", "2012-06-30": "416.08800", "2012-03-31": "379.47700", "2011-12-31": "373.32400", "2011-09-30": "425.78100", "2011-06-30": "386.66500", "2011-03-31": "416.90100", "2010-12-31": "438.28100", "2010-09-30": "420.52900", "2010-06-30": "468.78800", "2010-03-31": "415.52300", "2009-12-31": "371.71300", "2009-09-30": "334.90200", "2009-06-30": "341.38900", "2009-03-31": "330.04000", "2008-12-31": "346.32500", "2008-09-30": "339.65800", "2008-06-30": "383.99500", "2008-03-31": "340.73000", "2007-12-31": "183.37600", "2007-09-30": "347.45900", "2007-06-30": "323.87400", "2007-03-31": "302.97300", "2006-12-31": "323.42100", "2006-09-30": "241.53400", "2006-06-30": "248.29800", "2006-03-31": "245.13300", "2005-12-31": "318.77100", "2005-09-30": "285.62300", "2005-06-30": "226.29100", "2005-03-31": "229.64000"}, "Total Current Assets": {"2020-12-31": "6887.10000", "2020-09-30": "7843.10000", "2020-06-30": "8493.80000", "2020-03-31": "8007.20000", "2019-12-31": "8381.80000", "2019-09-30": "8448.20000", "2019-06-30": "7909.80000", "2019-03-31": "8942.60000", "2018-12-31": "7640.90000", "2018-09-30": "8719.00000", "2018-06-30": "7432.10000", "2018-03-31": "10195.40000", "2017-12-31": "7873.30000", "2017-09-30": "7568.00000", "2017-06-30": "7108.70000", "2017-03-31": "6859.70000", "2016-12-31": "8732.20000", "2016-09-30": "8091.80000", "2016-06-30": "7447.70000", "2016-03-31": "7201.30000", "2015-12-31": "6700.30000", "2015-09-30": "9270.87300", "2015-06-30": "5618.98500", "2015-03-31": "5258.89600", "2014-12-31": "4535.00000", "2014-09-30": "4372.11100", "2014-06-30": "3925.01300", "2014-03-31": "3525.02400", "2013-12-31": "3184.93400", "2013-09-30": "2643.67200", "2013-06-30": "2523.22100", "2013-03-31": "5328.83800", "2012-12-31": "3244.33700", "2012-09-30": "3055.38800", "2012-06-30": "2868.91900", "2012-03-31": "2677.95000", "2011-12-31": "2975.42700", "2011-09-30": "2837.28800", "2011-06-30": "2688.62300", "2011-03-31": "2628.31500", "2010-12-31": "2540.42000", "2010-09-30": "2131.13100", "2010-06-30": "2255.23100", "2010-03-31": "2409.01200", "2009-12-31": "2480.59500", "2009-09-30": "2572.25900", "2009-06-30": "2744.27800", "2009-03-31": "2480.65300", "2008-12-31": "2458.00000", "2008-09-30": "2639.08000", "2008-06-30": "2161.02800", "2008-03-31": "2140.47500", "2007-12-31": "2368.40700", "2007-09-30": "1620.47000", "2007-06-30": "2694.00600", "2007-03-31": "1941.34100", "2006-12-31": "1712.56700", "2006-09-30": "1385.15700", "2006-06-30": "1449.74000", "2006-03-31": "1595.68100", "2005-12-31": "1632.85100", "2005-09-30": "1535.21200", "2005-06-30": "1796.30200", "2005-03-31": "1983.72700"}, "Property, Plant, And Equipment": {"2020-12-31": "3411.50000", "2020-09-30": "3359.90000", "2020-06-30": "3330.70000", "2020-03-31": "3281.60000", "2019-12-31": "3247.30000", "2019-09-30": "3138.10000", "2019-06-30": "3077.50000", "2019-03-31": "3013.80000", "2018-12-31": "3601.20000", "2018-09-30": "3538.90000", "2018-06-30": "3409.00000", "2018-03-31": "3334.70000", "2017-12-31": "3182.40000", "2017-09-30": "2995.90000", "2017-06-30": "2827.60000", "2017-03-31": "2610.90000", "2016-12-31": "2501.80000", "2016-09-30": "2387.00000", "2016-06-30": "2301.80000", "2016-03-31": "2258.90000", "2015-12-31": "2187.60000", "2015-09-30": "2027.82100", "2015-06-30": "1837.67000", "2015-03-31": "1739.62800", "2014-12-31": "1765.70000", "2014-09-30": "1724.12900", "2014-06-30": "1756.16400", "2014-03-31": "1744.26600", "2013-12-31": "1750.71000", "2013-09-30": "1806.07400", "2013-06-30": "1787.77600", "2013-03-31": "1736.81100", "2012-12-31": "1742.20000", "2012-09-30": "1676.58300", "2012-06-30": "1622.81200", "2012-03-31": "1617.45900", "2011-12-31": "1571.38700", "2011-09-30": "1572.25900", "2011-06-30": "1712.86900", "2011-03-31": "1673.50200", "2010-12-31": "1641.63400", "2010-09-30": "1641.79100", "2010-06-30": "1571.52100", "2010-03-31": "1604.57300", "2009-12-31": "1637.08300", "2009-09-30": "1634.69600", "2009-06-30": "1608.66000", "2009-03-31": "1562.17400", "2008-12-31": "1594.75400", "2008-09-30": "1579.93800", "2008-06-30": "1629.39800", "2008-03-31": "1581.66400", "2007-12-31": "1497.38300", "2007-09-30": "1392.57700", "2007-06-30": "1330.89900", "2007-03-31": "1291.04100", "2006-12-31": "1280.38500", "2006-09-30": "1246.11600", "2006-06-30": "1227.29600", "2006-03-31": "1191.96800", "2005-12-31": "1174.39600", "2005-09-30": "1093.68000", "2005-06-30": "1150.42000", "2005-03-31": "1561.91800"}, "Long-Term Investments": {"2020-12-31": "3671.10000", "2020-09-30": "2844.70000", "2020-06-30": "2406.10000", "2020-03-31": "2100.10000", "2019-12-31": "2660.90000", "2019-09-30": "3052.70000", "2019-06-30": "2615.30000", "2019-03-31": "3271.00000", "2018-12-31": "3066.50000", "2018-09-30": "2254.30000", "2018-06-30": "2062.30000", "2018-03-31": "1580.30000", "2017-12-31": "3488.90000", "2017-09-30": "4362.40000", "2017-06-30": "3901.00000", "2017-03-31": "4009.70000", "2016-12-31": "4165.20000", "2016-09-30": "4336.50000", "2016-06-30": "4630.60000", "2016-03-31": "4284.40000", "2015-12-31": "3868.00000", "2015-09-30": "2839.57500", "2015-06-30": "2853.38400", "2015-03-31": "2017.95500", "2014-12-31": "2225.30000", "2014-09-30": "1936.94400", "2014-06-30": "1622.62800", "2014-03-31": "1363.54100", "2013-12-31": "1220.12200", "2013-09-30": "1009.58600", "2013-06-30": "640.99100", "2013-03-31": "306.83900", "2012-12-31": "2310.71200", "2012-09-30": "2012.67800", "2012-06-30": "1739.77300", "2012-03-31": "1840.88000", "2011-12-31": "1748.28500", "2011-09-30": "1587.22900", "2011-06-30": "1395.30600", "2011-03-31": "1113.54900", "2010-12-31": "991.29900", "2010-09-30": "767.26200", "2010-06-30": "767.84800", "2010-03-31": "1242.98400", "2009-12-31": "1424.47700", "2009-09-30": "1753.74600", "2009-06-30": "1307.11800", "2009-03-31": "1321.94900", "2008-12-31": "1126.55800", "2008-09-30": "927.87700", "2008-06-30": "691.04400", "2008-03-31": "887.06900", "2007-12-31": "1133.29900", "2007-09-30": "1103.90400", "2007-06-30": "1148.03300", "2007-03-31": "1653.36300", "2006-12-31": "1657.85800", "2006-09-30": "1605.68500", "2006-06-30": "1650.48600", "2006-03-31": "1701.30900", "2005-12-31": "1468.43900", "2005-09-30": "1477.40300", "2005-06-30": "1031.01000", "2005-03-31": "1149.17200"}, "Goodwill And Intangible Assets": {"2020-12-31": "8846.40000", "2020-09-30": "9079.30100", "2020-06-30": "9134.80000", "2020-03-31": "9198.90000", "2019-12-31": "9285.19900", "2019-09-30": "9138.50000", "2019-06-30": "9430.50000", "2019-03-31": "8695.90000", "2018-12-31": "8826.40000", "2018-09-30": "8819.10000", "2018-06-30": "8831.60000", "2018-03-31": "8702.30000", "2017-12-31": "8512.10000", "2017-09-30": "8146.90000", "2017-06-30": "7921.70000", "2017-03-31": "7715.60000", "2016-12-31": "7477.60000", "2016-09-30": "7289.60000", "2016-06-30": "7134.70000", "2016-03-31": "6930.10000", "2015-12-31": "6748.90000", "2015-09-30": "6590.09900", "2015-06-30": "6449.13200", "2015-03-31": "6202.97500", "2014-12-31": "5788.70000", "2014-09-30": "5670.95800", "2014-06-30": "5614.19300", "2014-03-31": "5597.30000", "2013-12-31": "5707.56900", "2013-09-30": "5790.91700", "2013-06-30": "5889.60200", "2013-03-31": "2792.22900", "2012-12-31": "2832.84300", "2012-09-30": "2885.97200", "2012-06-30": "2930.87600", "2012-03-31": "2977.26000", "2011-12-31": "2754.50500", "2011-09-30": "2805.42800", "2011-06-30": "2825.18100", "2011-03-31": "2878.15800", "2010-12-31": "2919.14000", "2010-09-30": "2853.96300", "2010-06-30": "2907.55000", "2010-03-31": "2960.75400", "2009-12-31": "3009.69900", "2009-09-30": "3065.73600", "2009-06-30": "3117.14000", "2009-03-31": "3210.43000", "2008-12-31": "3299.67900", "2008-09-30": "3388.31300", "2008-06-30": "3487.15800", "2008-03-31": "3561.44500", "2007-12-31": "3629.72600", "2007-09-30": "3699.42400", "2007-06-30": "3762.77700", "2007-03-31": "3823.83500", "2006-12-31": "3901.99800", "2006-09-30": "3949.60000", "2006-06-30": "4012.64000", "2006-03-31": "4035.26800", "2005-12-31": "4106.03100", "2005-09-30": "4208.31400", "2005-06-30": "4290.42000", "2005-03-31": "4367.87700"}, "Other Long-Term Assets": {"2020-12-31": "", "2020-09-30": "", "2020-06-30": "", "2020-03-31": "", "2019-12-31": "", "2019-09-30": "", "2019-06-30": "", "2019-03-31": "", "2018-12-31": "", "2018-09-30": "", "2018-06-30": "", "2018-03-31": "", "2017-12-31": "", "2017-09-30": "", "2017-06-30": "", "2017-03-31": "", "2016-12-31": "", "2016-09-30": "", "2016-06-30": "", "2016-03-31": "", "2015-12-31": "", "2015-09-30": "", "2015-06-30": "", "2015-03-31": "", "2014-12-31": "", "2014-09-30": "", "2014-06-30": "", "2014-03-31": "", "2013-12-31": "", "2013-09-30": "", "2013-06-30": "", "2013-03-31": "", "2012-12-31": "", "2012-09-30": "", "2012-06-30": "", "2012-03-31": "", "2011-12-31": "", "2011-09-30": "", "2011-06-30": "", "2011-03-31": "", "2010-12-31": "", "2010-09-30": "", "2010-06-30": "", "2010-03-31": "", "2009-12-31": "", "2009-09-30": "", "2009-06-30": "", "2009-03-31": "", "2008-12-31": "", "2008-09-30": "", "2008-06-30": "204.19800", "2008-03-31": "", "2007-12-31": "", "2007-09-30": "", "2007-06-30": "", "2007-03-31": "", "2006-12-31": "", "2006-09-30": "", "2006-06-30": "", "2006-03-31": "", "2005-12-31": "", "2005-09-30": "", "2005-06-30": "", "2005-03-31": ""}, "Total Long-Term Assets": {"2020-12-31": "17731.80000", "2020-09-30": "17091.00000", "2020-06-30": "17018.00000", "2020-03-31": "18112.00000", "2019-12-31": "18852.50000", "2019-09-30": "19035.80000", "2019-06-30": "18377.80000", "2019-03-31": "17502.90000", "2018-12-31": "17648.00000", "2018-09-30": "16773.20000", "2018-06-30": "16520.80000", "2018-03-31": "15894.70000", "2017-12-31": "15779.30000", "2017-09-30": "15505.20000", "2017-06-30": "14650.30000", "2017-03-31": "14336.20000", "2016-12-31": "14144.60000", "2016-09-30": "14013.10000", "2016-06-30": "14067.10000", "2016-03-31": "13473.40000", "2015-12-31": "12804.50000", "2015-09-30": "11457.50000", "2015-06-30": "11140.19000", "2015-03-31": "9960.55900", "2014-12-31": "9779.70000", "2014-09-30": "9332.03100", "2014-06-30": "8992.98400", "2014-03-31": "8705.10700", "2013-12-31": "8678.40000", "2013-09-30": "8606.57700", "2013-06-30": "8318.36900", "2013-03-31": "4835.87900", "2012-12-31": "6885.75500", "2012-09-30": "6575.23300", "2012-06-30": "6293.46100", "2012-03-31": "6435.59900", "2011-12-31": "6074.17700", "2011-09-30": "5964.91600", "2011-06-30": "5933.35500", "2011-03-31": "5665.20900", "2010-12-31": "5552.07300", "2010-09-30": "5263.01600", "2010-06-30": "5246.91900", "2010-03-31": "5808.31100", "2009-12-31": "6071.25900", "2009-09-30": "6454.17800", "2009-06-30": "6032.91800", "2009-03-31": "6094.55300", "2008-12-31": "6020.99100", "2008-09-30": "5896.12800", "2008-06-30": "6011.79800", "2008-03-31": "6030.17800", "2007-12-31": "6260.40800", "2007-09-30": "6195.90500", "2007-06-30": "6241.70900", "2007-03-31": "6768.23900", "2006-12-31": "6840.24100", "2006-09-30": "6801.40100", "2006-06-30": "6890.42200", "2006-03-31": "6928.54500", "2005-12-31": "6748.86600", "2005-09-30": "6779.39700", "2005-06-30": "6471.85000", "2005-03-31": "7078.96700"}, "Total Assets": {"2020-12-31": "24618.90000", "2020-09-30": "24934.10000", "2020-06-30": "25511.80000", "2020-03-31": "26119.20000", "2019-12-31": "27234.30000", "2019-09-30": "27484.00000", "2019-06-30": "26287.60000", "2019-03-31": "26445.50000", "2018-12-31": "25288.90000", "2018-09-30": "25492.20000", "2018-06-30": "23952.90000", "2018-03-31": "26090.10000", "2017-12-31": "23652.60000", "2017-09-30": "23073.20000", "2017-06-30": "21759.00000", "2017-03-31": "21195.90000", "2016-12-31": "22876.80000", "2016-09-30": "22104.90000", "2016-06-30": "21514.80000", "2016-03-31": "20674.70000", "2015-12-31": "19504.80000", "2015-09-30": "20728.37000", "2015-06-30": "16759.17000", "2015-03-31": "15219.45000", "2014-12-31": "14314.70000", "2014-09-30": "13704.14000", "2014-06-30": "12918.00000", "2014-03-31": "12230.13000", "2013-12-31": "11863.33000", "2013-09-30": "11250.25000", "2013-06-30": "10841.59000", "2013-03-31": "10164.72000", "2012-12-31": "10130.12000", "2012-09-30": "9630.62100", "2012-06-30": "9162.38000", "2012-03-31": "9113.54900", "2011-12-31": "9049.60400", "2011-09-30": "8802.20400", "2011-06-30": "8621.97900", "2011-03-31": "8293.52400", "2010-12-31": "8092.49300", "2010-09-30": "7394.14700", "2010-06-30": "7502.15000", "2010-03-31": "8217.32300", "2009-12-31": "8551.85400", "2009-09-30": "9026.43700", "2009-06-30": "8777.19600", "2009-03-31": "8575.20600", "2008-12-31": "8478.99100", "2008-09-30": "8535.20800", "2008-06-30": "8172.82600", "2008-03-31": "8170.65300", "2007-12-31": "8628.81500", "2007-09-30": "7816.37500", "2007-06-30": "8935.71500", "2007-03-31": "8709.58000", "2006-12-31": "8552.80800", "2006-09-30": "8186.55800", "2006-06-30": "8340.16200", "2006-03-31": "8524.22600", "2005-12-31": "8381.71700", "2005-09-30": "8314.60900", "2005-06-30": "8268.15200", "2005-03-31": "9062.69400"}, "Total Current Liabilities": {"2020-12-31": "3742.20000", "2020-09-30": "3804.00000", "2020-06-30": "3447.10000", "2020-03-31": "4638.60000", "2019-12-31": "4863.80000", "2019-09-30": "4432.20000", "2019-06-30": "3210.90000", "2019-03-31": "3148.70000", "2018-12-31": "3295.20000", "2018-09-30": "3174.90000", "2018-06-30": "3152.40000", "2018-03-31": "3152.10000", "2017-12-31": "3368.20000", "2017-09-30": "3448.40000", "2017-06-30": "3379.70000", "2017-03-31": "2992.50000", "2016-12-31": "3419.90000", "2016-09-30": "2499.70000", "2016-06-30": "2516.20000", "2016-03-31": "2776.60000", "2015-12-31": "2577.70000", "2015-09-30": "2633.96800", "2015-06-30": "2555.83200", "2015-03-31": "1946.23100", "2014-12-31": "2218.10000", "2014-09-30": "1940.64700", "2014-06-30": "1916.62400", "2014-03-31": "1594.24700", "2013-12-31": "1758.27900", "2013-09-30": "1518.71100", "2013-06-30": "1304.07400", "2013-03-31": "1281.66200", "2012-12-31": "1657.38900", "2012-09-30": "1521.09300", "2012-06-30": "1432.86500", "2012-03-31": "1337.31900", "2011-12-31": "912.88900", "2011-09-30": "885.34600", "2011-06-30": "954.33000", "2011-03-31": "978.84600", "2010-12-31": "1050.12200", "2010-09-30": "824.48000", "2010-06-30": "755.65800", "2010-03-31": "682.33000", "2009-12-31": "714.94200", "2009-09-30": "721.36800", "2009-06-30": "803.92600", "2009-03-31": "807.76700", "2008-12-31": "923.22200", "2008-09-30": "985.87200", "2008-06-30": "885.44100", "2008-03-31": "707.17200", "2007-12-31": "2189.17500", "2007-09-30": "1988.74400", "2007-06-30": "3464.92900", "2007-03-31": "500.44800", "2006-12-31": "582.85500", "2006-09-30": "495.01000", "2006-06-30": "499.98200", "2006-03-31": "520.79700", "2005-12-31": "597.80600", "2005-09-30": "558.94500", "2005-06-30": "540.65300", "2005-03-31": "1228.52900"}, "Long Term Debt": {"2020-12-31": "7426.20000", "2020-09-30": "7425.00000", "2020-06-30": "7423.80000", "2020-03-31": "4459.90000", "2019-12-31": "4459.00000", "2019-09-30": "4458.20000", "2019-06-30": "5948.50000", "2019-03-31": "5943.20000", "2018-12-31": "5936.50000", "2018-09-30": "5931.10000", "2018-06-30": "5928.40000", "2018-03-31": "5929.40000", "2017-12-31": "5935.00000", "2017-09-30": "5938.30000", "2017-06-30": "5954.00000", "2017-03-31": "5952.70000", "2016-12-31": "6512.70000", "2016-09-30": "6529.60000", "2016-06-30": "6538.30000", "2016-03-31": "6535.60000", "2015-12-31": "6521.50000", "2015-09-30": "6529.27500", "2015-06-30": "576.20700", "2015-03-31": "580.67200", "2014-12-31": "580.30000", "2014-09-30": "583.97700", "2014-06-30": "586.09100", "2014-03-31": "591.01200", "2013-12-31": "592.43300", "2013-09-30": "694.89400", "2013-06-30": "726.38800", "2013-03-31": "711.83100", "2012-12-31": "687.39600", "2012-09-30": "658.44200", "2012-06-30": "641.56800", "2012-03-31": "626.01200", "2011-12-31": "1060.80800", "2011-09-30": "1060.63900", "2011-06-30": "1062.98600", "2011-03-31": "1065.61300", "2010-12-31": "1066.37900", "2010-09-30": "1068.77600", "2010-06-30": "1069.72500", "2010-03-31": "1076.20100", "2009-12-31": "1080.20700", "2009-09-30": "1085.84400", "2009-06-30": "1085.60700", "2009-03-31": "1082.90900", "2008-12-31": "1085.43100", "2008-09-30": "1042.42700", "2008-06-30": "1038.08600", "2008-03-31": "1060.44800", "2007-12-31": "51.84300", "2007-09-30": "50.11300", "2007-06-30": "51.34800", "2007-03-31": "52.04300", "2006-12-31": "96.69400", "2006-09-30": "45.07400", "2006-06-30": "44.52600", "2006-03-31": "43.97800", "2005-12-31": "43.44400", "2005-09-30": "42.92500", "2005-06-30": "42.40500", "2005-03-31": "94.75700"}, "Other Non-Current Liabilities": {"2020-12-31": "1329.60000", "2020-09-30": "1428.10000", "2020-06-30": "1475.40000", "2020-03-31": "1357.30000", "2019-12-31": "1348.90000", "2019-09-30": "1370.90000", "2019-06-30": "1355.80000", "2019-03-31": "1353.80000", "2018-12-31": "1389.40000", "2018-09-30": "1511.80000", "2018-06-30": "1457.60000", "2018-03-31": "1640.00000", "2017-12-31": "1628.70000", "2017-09-30": "716.90000", "2017-06-30": "750.90000", "2017-03-31": "688.80000", "2016-12-31": "722.50000", "2016-09-30": "862.10000", "2016-06-30": "951.00000", "2016-03-31": "916.60000", "2015-12-31": "905.80000", "2015-09-30": "861.42100", "2015-06-30": "915.73100", "2015-03-31": "892.52900", "2014-12-31": "650.10000", "2014-09-30": "658.27600", "2014-06-30": "710.96500", "2014-03-31": "702.90800", "2013-12-31": "659.23100", "2013-09-30": "608.47300", "2013-06-30": "595.64200", "2013-03-31": "674.95100", "2012-12-31": "604.26600", "2012-09-30": "539.56900", "2012-06-30": "534.35800", "2012-03-31": "517.40600", "2011-12-31": "400.27600", "2011-09-30": "384.45000", "2011-06-30": "351.68500", "2011-03-31": "356.26100", "2010-12-31": "325.59900", "2010-09-30": "256.07500", "2010-06-30": "257.98500", "2010-03-31": "259.30000", "2009-12-31": "254.20500", "2009-09-30": "331.76100", "2009-06-30": "330.99600", "2009-03-31": "318.49200", "2008-12-31": "280.36900", "2008-09-30": "298.26700", "2008-06-30": "224.91600", "2008-03-31": "346.93300", "2007-12-31": "331.97700", "2007-09-30": "226.07600", "2007-06-30": "193.95500", "2007-03-31": "195.33700", "2006-12-31": "79.83600", "2006-09-30": "98.16700", "2006-06-30": "95.66800", "2006-03-31": "80.35400", "2005-12-31": "72.30900", "2005-09-30": "58.61500", "2005-06-30": "57.25900", "2005-03-31": "62.59800"}, "Total Long Term Liabilities": {"2020-12-31": "10190.60000", "2020-09-30": "10385.60000", "2020-06-30": "10775.50000", "2020-03-31": "8943.70000", "2019-12-31": "9031.40000", "2019-09-30": "9060.00000", "2019-06-30": "10127.90000", "2019-03-31": "9474.80100", "2018-12-31": "8962.10100", "2018-09-30": "8557.50000", "2018-06-30": "8546.80000", "2018-03-31": "8900.50000", "2017-12-31": "7686.30000", "2017-09-30": "6775.90000", "2017-06-30": "6805.70000", "2017-03-31": "6736.00000", "2016-12-31": "7328.30000", "2016-09-30": "7490.40000", "2016-06-30": "7594.90000", "2016-03-31": "7570.00000", "2015-12-31": "7552.20000", "2015-09-30": "7527.45700", "2015-06-30": "1630.34100", "2015-03-31": "1603.76500", "2014-12-31": "1282.60000", "2014-09-30": "1332.61000", "2014-06-30": "1436.14800", "2014-03-31": "1494.82100", "2013-12-31": "1484.21800", "2013-09-30": "1605.85000", "2013-06-30": "1635.37100", "2013-03-31": "1543.44900", "2012-12-31": "1508.93400", "2012-09-30": "1447.58800", "2012-06-30": "1458.83000", "2012-03-31": "1467.68200", "2011-12-31": "1709.72800", "2011-09-30": "1683.26400", "2011-06-30": "1611.45500", "2011-03-31": "1640.37800", "2010-12-31": "1592.92800", "2010-09-30": "1499.46600", "2010-06-30": "1535.20200", "2010-03-31": "1584.39900", "2009-12-31": "1575.03000", "2009-09-30": "1707.25900", "2009-06-30": "1727.56500", "2009-03-31": "1747.18500", "2008-12-31": "1721.81700", "2008-09-30": "1780.85800", "2008-06-30": "1764.45400", "2008-03-31": "1930.77300", "2007-12-31": "905.34500", "2007-09-30": "834.93190", "2007-06-30": "834.08700", "2007-03-31": "861.96610", "2006-12-31": "820.17500", "2006-09-30": "796.67400", "2006-06-30": "831.58900", "2006-03-31": "860.58700", "2005-12-31": "878.03500", "2005-09-30": "957.83700", "2005-06-30": "981.68500", "2005-03-31": "1053.20600"}, "Total Liabilities": {"2020-12-31": "13932.80000", "2020-09-30": "14189.60000", "2020-06-30": "14222.60000", "2020-03-31": "13582.30000", "2019-12-31": "13895.20000", "2019-09-30": "13492.20000", "2019-06-30": "13338.80000", "2019-03-31": "12623.50000", "2018-12-31": "12257.30000", "2018-09-30": "11732.40000", "2018-06-30": "11699.20000", "2018-03-31": "12052.60000", "2017-12-31": "11054.50000", "2017-09-30": "10224.30000", "2017-06-30": "10185.40000", "2017-03-31": "9728.50000", "2016-12-31": "10748.20000", "2016-09-30": "9990.10000", "2016-06-30": "10111.10000", "2016-03-31": "10346.60000", "2015-12-31": "10129.90000", "2015-09-30": "10161.42000", "2015-06-30": "4186.17300", "2015-03-31": "3549.99600", "2014-12-31": "3500.70000", "2014-09-30": "3273.25700", "2014-06-30": "3352.77200", "2014-03-31": "3089.06800", "2013-12-31": "3242.49700", "2013-09-30": "3124.56100", "2013-06-30": "2939.44500", "2013-03-31": "2825.11100", "2012-12-31": "3166.32300", "2012-09-30": "2968.68100", "2012-06-30": "2891.69500", "2012-03-31": "2805.00100", "2011-12-31": "2622.61700", "2011-09-30": "2568.61000", "2011-06-30": "2565.78500", "2011-03-31": "2619.22400", "2010-12-31": "2643.05000", "2010-09-30": "2323.94600", "2010-06-30": "2290.86000", "2010-03-31": "2266.72900", "2009-12-31": "2289.97200", "2009-09-30": "2428.62700", "2009-06-30": "2531.49100", "2009-03-31": "2554.95200", "2008-12-31": "2645.03900", "2008-09-30": "2766.73000", "2008-06-30": "2649.89500", "2008-03-31": "2637.94500", "2007-12-31": "3094.52000", "2007-09-30": "2823.67600", "2007-06-30": "4299.01600", "2007-03-31": "1362.41400", "2006-12-31": "1403.03000", "2006-09-30": "1291.68400", "2006-06-30": "1331.57100", "2006-03-31": "1381.38400", "2005-12-31": "1475.84100", "2005-09-30": "1516.78200", "2005-06-30": "1522.33800", "2005-03-31": "2281.73500"}, "Common Stock Net": {"2020-12-31": "0.10000", "2020-09-30": "0.10000", "2020-06-30": "0.10000", "2020-03-31": "0.10000", "2019-12-31": "0.10000", "2019-09-30": "0.10000", "2019-06-30": "0.10000", "2019-03-31": "0.10000", "2018-12-31": "0.10000", "2018-09-30": "0.10000", "2018-06-30": "0.10000", "2018-03-31": "0.10000", "2017-12-31": "0.10000", "2017-09-30": "0.10000", "2017-06-30": "0.10000", "2017-03-31": "0.10000", "2016-12-31": "0.10000", "2016-09-30": "0.10000", "2016-06-30": "0.10000", "2016-03-31": "0.10000", "2015-12-31": "0.10000", "2015-09-30": "0.12400", "2015-06-30": "0.12900", "2015-03-31": "0.12900", "2014-12-31": "0.10000", "2014-09-30": "0.12900", "2014-06-30": "0.12800", "2014-03-31": "0.12800", "2013-12-31": "0.12800", "2013-09-30": "0.12800", "2013-06-30": "0.12800", "2013-03-31": "0.12800", "2012-12-31": "0.12700", "2012-09-30": "0.12700", "2012-06-30": "0.12700", "2012-03-31": "0.12900", "2011-12-31": "0.12800", "2011-09-30": "0.12800", "2011-06-30": "0.12700", "2011-03-31": "0.12500", "2010-12-31": "0.12400", "2010-09-30": "0.12400", "2010-06-30": "0.12900", "2010-03-31": "0.13900", "2009-12-31": "0.14400", "2009-09-30": "0.14900", "2009-06-30": "0.14900", "2009-03-31": "0.14900", "2008-12-31": "0.14900", "2008-09-30": "0.14900", "2008-06-30": "0.14900", "2008-03-31": "0.14900", "2007-12-31": "0.14700", "2007-09-30": "0.14600", "2007-06-30": "0.17200", "2007-03-31": "0.17300", "2006-12-31": "0.17300", "2006-09-30": "0.17300", "2006-06-30": "0.17300", "2006-03-31": "0.17300", "2005-12-31": "0.17300", "2005-09-30": "0.17500", "2005-06-30": "0.17500", "2005-03-31": "0.17300"}, "Retained Earnings (Accumulated Deficit)": {"2020-12-31": "13976.30000", "2020-09-30": "13961.00000", "2020-06-30": "14466.70000", "2020-03-31": "15673.10000", "2019-12-31": "16455.40000", "2019-09-30": "17065.20000", "2019-06-30": "16182.80000", "2019-03-31": "17026.70000", "2018-12-31": "16257.00000", "2018-09-30": "16944.10000", "2018-06-30": "15499.50000", "2018-03-31": "17334.60000", "2017-12-31": "15810.40000", "2017-09-30": "16107.70000", "2017-06-30": "14881.70000", "2017-03-31": "14781.20000", "2016-12-31": "15071.60000", "2016-09-30": "15030.00000", "2016-06-30": "14229.10000", "2016-03-31": "13179.30000", "2015-12-31": "12208.40000", "2015-09-30": "11999.36000", "2015-06-30": "11033.74000", "2015-03-31": "10106.46000", "2014-12-31": "9283.90000", "2014-09-30": "8400.45500", "2014-06-30": "7543.59700", "2014-03-31": "6829.09100", "2013-12-31": "6349.13500", "2013-09-30": "-29.31500", "2013-06-30": "5404.21300", "2013-03-31": "4913.54300", "2012-12-31": "4486.79400", "2012-09-30": "4194.55100", "2012-06-30": "3796.15400", "2012-03-31": "3409.30800", "2011-12-31": "3106.76100", "2011-09-30": "2806.52300", "2011-06-30": "2454.84800", "2011-03-31": "2166.81300", "2010-12-31": "1872.48100", "2010-09-30": "1646.85200", "2010-06-30": "1405.34000", "2010-03-31": "1131.52300", "2009-12-31": "1068.89000", "2009-09-30": "781.32100", "2009-06-30": "516.63200", "2009-03-31": "388.01900", "2008-12-31": "270.18000", "2008-09-30": "75.36100", "2008-06-30": "-103.13700", "2008-03-31": "-199.20400", "2007-12-31": "-352.16900", "2007-09-30": "-553.08000", "2007-06-30": "-666.95500", "2007-03-31": "-821.21500", "2006-12-31": "-860.82700", "2006-09-30": "-954.99100", "2006-06-30": "-1104.68100", "2006-03-31": "-928.17800", "2005-12-31": "-1021.64400", "2005-09-30": "-802.31100", "2005-06-30": "-793.38400", "2005-03-31": "-808.42300"}, "Comprehensive Income": {"2020-12-31": "-299.00000", "2020-09-30": "-225.50000", "2020-06-30": "-181.00000", "2020-03-31": "-149.30000", "2019-12-31": "-135.20000", "2019-09-30": "-92.30000", "2019-06-30": "-252.90000", "2019-03-31": "-219.80000", "2018-12-31": "-240.40000", "2018-09-30": "-248.30000", "2018-06-30": "-261.60000", "2018-03-31": "-303.90000", "2017-12-31": "-318.40000", "2017-09-30": "-329.40000", "2017-06-30": "-338.80000", "2017-03-31": "-325.20000", "2016-12-31": "-319.90000", "2016-09-30": "-300.90000", "2016-06-30": "-282.80000", "2016-03-31": "-259.30000", "2015-12-31": "-224.00000", "2015-09-30": "-157.41600", "2015-06-30": "-101.02500", "2015-03-31": "-70.53800", "2014-12-31": "-59.50000", "2014-09-30": "-37.98700", "2014-06-30": "-26.67800", "2014-03-31": "-22.35500", "2013-12-31": "-27.74500", "2013-09-30": "5891.82900", "2013-06-30": "-55.13600", "2013-03-31": "-67.97500", "2012-12-31": "-55.30500", "2012-09-30": "-51.11500", "2012-06-30": "-50.55700", "2012-03-31": "-17.71000", "2011-12-31": "-26.53500", "2011-09-30": "7.57100", "2011-06-30": "25.71300", "2011-03-31": "-0.99200", "2010-12-31": "-21.61000", "2010-09-30": "-9.16100", "2010-06-30": "-28.42200", "2010-03-31": "22.87200", "2009-12-31": "50.49600", "2009-09-30": "37.11400", "2009-06-30": "11.29300", "2009-03-31": "-32.34600", "2008-12-31": "-11.10600", "2008-09-30": "33.43100", "2008-06-30": "121.11500", "2008-03-31": "123.43900", "2007-12-31": "79.24600", "2007-09-30": "48.12700", "2007-06-30": "32.16700", "2007-03-31": "31.65800", "2006-12-31": "21.85500", "2006-09-30": "-17.87600", "2006-06-30": "-22.53200", "2006-03-31": "4.59400", "2005-12-31": "-13.91000", "2005-09-30": "-6.18900", "2005-06-30": "-8.38200", "2005-03-31": "-9.37700"}, "Other Share Holders Equity": {"2020-12-31": "", "2020-09-30": "", "2020-06-30": "", "2020-03-31": "", "2019-12-31": "", "2019-09-30": "", "2019-06-30": "", "2019-03-31": "", "2018-12-31": "", "2018-09-30": "", "2018-06-30": "", "2018-03-31": "", "2017-12-31": "", "2017-09-30": "", "2017-06-30": "", "2017-03-31": "", "2016-12-31": "", "2016-09-30": "", "2016-06-30": "", "2016-03-31": "", "2015-12-31": "", "2015-09-30": "", "2015-06-30": "", "2015-03-31": "", "2014-12-31": "", "2014-09-30": "", "2014-06-30": "", "2014-03-31": "", "2013-12-31": "", "2013-09-30": "", "2013-06-30": "", "2013-03-31": "", "2012-12-31": "", "2012-09-30": "", "2012-06-30": "", "2012-03-31": "", "2011-12-31": "", "2011-09-30": "", "2011-06-30": "", "2011-03-31": "", "2010-12-31": "", "2010-09-30": "", "2010-06-30": "", "2010-03-31": "", "2009-12-31": "", "2009-09-30": "", "2009-06-30": "", "2009-03-31": "", "2008-12-31": "", "2008-09-30": "", "2008-06-30": "", "2008-03-31": "", "2007-12-31": "", "2007-09-30": "", "2007-06-30": "-2990.29700", "2007-03-31": "", "2006-12-31": "", "2006-09-30": "", "2006-06-30": "", "2006-03-31": "", "2005-12-31": "", "2005-09-30": "", "2005-06-30": "", "2005-03-31": ""}, "Share Holder Equity": {"2020-12-31": "10686.10000", "2020-09-30": "10744.50000", "2020-06-30": "11289.20000", "2020-03-31": "12536.90000", "2019-12-31": "13339.10000", "2019-09-30": "13991.80000", "2019-06-30": "12948.80000", "2019-03-31": "13822.00000", "2018-12-31": "13031.60000", "2018-09-30": "13759.80000", "2018-06-30": "12253.70000", "2018-03-31": "14037.50000", "2017-12-31": "12598.10000", "2017-09-30": "12848.90000", "2017-06-30": "11573.60000", "2017-03-31": "11467.40000", "2016-12-31": "12128.60000", "2016-09-30": "12114.80000", "2016-06-30": "11403.70000", "2016-03-31": "10328.10000", "2015-12-31": "9374.90000", "2015-09-30": "10566.94000", "2015-06-30": "12573.00000", "2015-03-31": "11669.46000", "2014-12-31": "10814.00000", "2014-09-30": "10430.88000", "2014-06-30": "9565.22600", "2014-03-31": "9141.06300", "2013-12-31": "8620.83800", "2013-09-30": "8125.68800", "2013-06-30": "7902.14500", "2013-03-31": "7339.60600", "2012-12-31": "6963.79500", "2012-09-30": "6661.94000", "2012-06-30": "6270.68500", "2012-03-31": "6308.54800", "2011-12-31": "6426.98700", "2011-09-30": "6233.59400", "2011-06-30": "6056.19400", "2011-03-31": "5674.30000", "2010-12-31": "5449.44300", "2010-09-30": "5070.20100", "2010-06-30": "5211.29000", "2010-03-31": "5950.59400", "2009-12-31": "6261.88200", "2009-09-30": "6597.81000", "2009-06-30": "6245.70500", "2009-03-31": "6020.25400", "2008-12-31": "5833.95200", "2008-09-30": "5768.47800", "2008-06-30": "5522.93100", "2008-03-31": "5532.70800", "2007-12-31": "5534.29500", "2007-09-30": "4992.69900", "2007-06-30": "4636.69900", "2007-03-31": "7347.16600", "2006-12-31": "7149.77800", "2006-09-30": "6894.87400", "2006-06-30": "7008.59100", "2006-03-31": "7142.84200", "2005-12-31": "6905.87600", "2005-09-30": "6797.82700", "2005-06-30": "6745.81400", "2005-03-31": "6780.95900"}, "Total Liabilities And Share Holders Equity": {"2020-12-31": "24618.90000", "2020-09-30": "24934.10000", "2020-06-30": "25511.80000", "2020-03-31": "26119.20000", "2019-12-31": "27234.30000", "2019-09-30": "27484.00000", "2019-06-30": "26287.60000", "2019-03-31": "26445.50000", "2018-12-31": "25288.90000", "2018-09-30": "25492.20000", "2018-06-30": "23952.90000", "2018-03-31": "26090.10000", "2017-12-31": "23652.60000", "2017-09-30": "23073.20000", "2017-06-30": "21759.00000", "2017-03-31": "21195.90000", "2016-12-31": "22876.80000", "2016-09-30": "22104.90000", "2016-06-30": "21514.80000", "2016-03-31": "20674.70000", "2015-12-31": "19504.80000", "2015-09-30": "20728.37000", "2015-06-30": "16759.17000", "2015-03-31": "15219.45000", "2014-12-31": "14314.70000", "2014-09-30": "13704.14000", "2014-06-30": "12918.00000", "2014-03-31": "12230.13000", "2013-12-31": "11863.33000", "2013-09-30": "11250.25000", "2013-06-30": "10841.59000", "2013-03-31": "10164.72000", "2012-12-31": "10130.12000", "2012-09-30": "9630.62100", "2012-06-30": "9162.38000", "2012-03-31": "9113.54900", "2011-12-31": "9049.60400", "2011-09-30": "8802.20400", "2011-06-30": "8621.97900", "2011-03-31": "8293.52400", "2010-12-31": "8092.49300", "2010-09-30": "7394.14700", "2010-06-30": "7502.15000", "2010-03-31": "8217.32300", "2009-12-31": "8551.85400", "2009-09-30": "9026.43700", "2009-06-30": "8777.19600", "2009-03-31": "8575.20600", "2008-12-31": "8478.99100", "2008-09-30": "8535.20800", "2008-06-30": "8172.82600", "2008-03-31": "8170.65300", "2007-12-31": "8628.81500", "2007-09-30": "7816.37500", "2007-06-30": "8935.71500", "2007-03-31": "8709.58000", "2006-12-31": "8552.80800", "2006-09-30": "8186.55800", "2006-06-30": "8340.16200", "2006-03-31": "8524.22600", "2005-12-31": "8381.71700", "2005-09-30": "8314.60900", "2005-06-30": "8268.15200", "2005-03-31": "9062.69400"}}, "cash flow statement": {"Net Income/Loss": {"2020-12-31": "4060.50000", "2019-12-31": "5888.50000", "2018-12-31": "4474.00000", "2017-12-31": "2670.10000", "2016-12-31": "3695.70000", "2015-12-31": "3593.20000", "2014-12-31": "2941.60000", "2013-12-31": "1862.30000", "2012-12-31": "1380.03300", "2011-12-31": "1266.68600", "2010-12-31": "898.57300", "2009-12-31": "977.06200", "2008-12-31": "790.10700", "2007-12-31": "579.74500", "2006-12-31": "217.51100", "2005-12-31": "160.71100"}, "Total Depreciation And Amortization - Cash Flow": {"2020-12-31": "457.20000", "2019-12-31": "464.70000", "2018-12-31": "650.50000", "2017-12-31": "1081.00000", "2016-12-31": "682.70000", "2015-12-31": "600.40000", "2014-12-31": "688.10000", "2013-12-31": "531.70000", "2012-12-31": "365.64800", "2011-12-31": "358.93300", "2010-12-31": "355.74400", "2009-12-31": "427.96100", "2008-12-31": "462.05900", "2007-12-31": "380.29300", "2006-12-31": "375.87000", "2005-12-31": "402.20800"}, "Other Non-Cash Items": {"2020-12-31": "-100.70000", "2019-12-31": "526.10000", "2018-12-31": "663.00000", "2017-12-31": "564.50000", "2016-12-31": "83.60000", "2015-12-31": "176.20000", "2014-12-31": "-203.20000", "2013-12-31": "-136.40000", "2012-12-31": "30.48800", "2011-12-31": "286.73400", "2010-12-31": "366.79700", "2009-12-31": "21.35700", "2008-12-31": "135.93700", "2007-12-31": "138.47600", "2006-12-31": "351.17200", "2005-12-31": "186.80800"}, "Total Non-Cash Items": {"2020-12-31": "356.50000", "2019-12-31": "990.80000", "2018-12-31": "1313.50000", "2017-12-31": "1645.50000", "2016-12-31": "766.30000", "2015-12-31": "776.60010", "2014-12-31": "484.90000", "2013-12-31": "395.30000", "2012-12-31": "396.13600", "2011-12-31": "645.66710", "2010-12-31": "722.54100", "2009-12-31": "449.31800", "2008-12-31": "597.99600", "2007-12-31": "518.76900", "2006-12-31": "727.04200", "2005-12-31": "589.01600"}, "Change In Accounts Receivable": {"2020-12-31": "2.80000", "2019-12-31": "68.80000", "2018-12-31": "-205.20000", "2017-12-31": "-435.60000", "2016-12-31": "-241.40000", "2015-12-31": "29.00000", "2014-12-31": "-512.40000", "2013-12-31": "-126.70000", "2012-12-31": "3.57100", "2011-12-31": "-73.37400", "2010-12-31": "-99.22700", "2009-12-31": "-100.44200", "2008-12-31": "-57.56500", "2007-12-31": "-70.70100", "2006-12-31": "-37.00900", "2005-12-31": "-8.51800"}, "Change In Inventories": {"2020-12-31": "-316.30000", "2019-12-31": "-19.20000", "2018-12-31": "-52.10000", "2017-12-31": "-94.50000", "2016-12-31": "-165.60000", "2015-12-31": "-174.40000", "2014-12-31": "-185.90000", "2013-12-31": "-243.90000", "2012-12-31": "-140.30900", "2011-12-31": "-59.21900", "2010-12-31": "-4.52700", "2009-12-31": "-42.77200", "2008-12-31": "-54.20400", "2007-12-31": "-83.19200", "2006-12-31": "-36.63700", "2005-12-31": "-15.84600"}, "Change In Accounts Payable": {"2020-12-31": "", "2019-12-31": "", "2018-12-31": "", "2017-12-31": "", "2016-12-31": "", "2015-12-31": "", "2014-12-31": "", "2013-12-31": "", "2012-12-31": "", "2011-12-31": "", "2010-12-31": "", "2009-12-31": "", "2008-12-31": "", "2007-12-31": "", "2006-12-31": "", "2005-12-31": ""}, "Change In Assets/Liabilities": {"2020-12-31": "-27.90000", "2019-12-31": "-90.50000", "2018-12-31": "192.00000", "2017-12-31": "992.90000", "2016-12-31": "-90.10000", "2015-12-31": "-504.30000", "2014-12-31": "-30.40000", "2013-12-31": "174.00000", "2012-12-31": "-32.90600", "2011-12-31": "-85.74100", "2010-12-31": "-23.56200", "2009-12-31": "-159.32600", "2008-12-31": "139.69100", "2007-12-31": "43.55400", "2006-12-31": "-43.45100", "2005-12-31": "35.46400"}, "Total Change In Assets/Liabilities": {"2020-12-31": "-187.20000", "2019-12-31": "199.30000", "2018-12-31": "400.20000", "2017-12-31": "235.40000", "2016-12-31": "125.20000", "2015-12-31": "-450.40000", "2014-12-31": "-484.40010", "2013-12-31": "87.50000", "2012-12-31": "103.72800", "2011-12-31": "-184.61200", "2010-12-31": "3.55900", "2009-12-31": "-351.48200", "2008-12-31": "174.34200", "2007-12-31": "-79.76000", "2006-12-31": "-103.28500", "2005-12-31": "139.77600"}, "Cash Flow From Operating Activities": {"2020-12-31": "4229.80000", "2019-12-31": "7078.60000", "2018-12-31": "6187.70000", "2017-12-31": "4551.00000", "2016-12-31": "4587.20000", "2015-12-31": "3919.40000", "2014-12-31": "2942.10000", "2013-12-31": "2345.10000", "2012-12-31": "1879.89700", "2011-12-31": "1727.74100", "2010-12-31": "1624.67300", "2009-12-31": "1074.89800", "2008-12-31": "1562.44500", "2007-12-31": "1018.75400", "2006-12-31": "841.26800", "2005-12-31": "889.50300"}, "Net Change In Property, Plant, And Equipment": {"2020-12-31": "-424.80000", "2019-12-31": "-514.50000", "2018-12-31": "-770.60000", "2017-12-31": "-867.40000", "2016-12-31": "-616.10000", "2015-12-31": "-643.00000", "2014-12-31": "-287.80000", "2013-12-31": "-246.30000", "2012-12-31": "-254.54800", "2011-12-31": "-208.02000", "2010-12-31": "-173.05500", "2009-12-31": "-165.64600", "2008-12-31": "-275.95400", "2007-12-31": "-267.43700", "2006-12-31": "-124.09600", "2005-12-31": "89.75400"}, "Net Change In Intangible Assets": {"2020-12-31": "-52.00000", "2019-12-31": "-155.00000", "2018-12-31": "-3.00000", "2017-12-31": "-975.40000", "2016-12-31": "-111.60000", "2015-12-31": "-15.40000", "2014-12-31": "-28.20000", "2013-12-31": "-3262.70000", "2012-12-31": "0.00000", "2011-12-31": "", "2010-12-31": "0.00000", "2009-12-31": "", "2008-12-31": "", "2007-12-31": "", "2006-12-31": "", "2005-12-31": ""}, "Net Acquisitions/Divestitures": {"2020-12-31": "-1006.50000", "2019-12-31": "-120.70000", "2018-12-31": "-1962.90000", "2017-12-31": "-1200.00000", "2016-12-31": "-1200.00000", "2015-12-31": "-1048.80000", "2014-12-31": "-375.00000", "2013-12-31": "-15.00000", "2012-12-31": "-72.40100", "2011-12-31": "-5.00000", "2010-12-31": "-157.42800", "2009-12-31": "", "2008-12-31": "-25.00000", "2007-12-31": "-95.78900", "2006-12-31": "-303.45100", "2005-12-31": ""}, "Net Change In Short-term Investments": {"2020-12-31": "", "2019-12-31": "", "2018-12-31": "", "2017-12-31": "", "2016-12-31": "", "2015-12-31": "", "2014-12-31": "", "2013-12-31": "", "2012-12-31": "", "2011-12-31": "", "2010-12-31": "", "2009-12-31": "29.99100", "2008-12-31": "", "2007-12-31": "", "2006-12-31": "", "2005-12-31": ""}, "Net Change In Long-Term Investments": {"2020-12-31": "976.59960", "2019-12-31": "1233.70000", "2018-12-31": "802.30080", "2017-12-31": "210.69970", "2016-12-31": "-534.30030", "2015-12-31": "-2801.90000", "2014-12-31": "-864.20020", "2013-12-31": "1912.00000", "2012-12-31": "-584.87600", "2011-12-31": "-1420.27500", "2010-12-31": "675.80810", "2009-12-31": "-259.37570", "2008-12-31": "-243.13700", "2007-12-31": "284.86300", "2006-12-31": "-172.22600", "2005-12-31": "327.98710"}, "Net Change In Investments - Total": {"2020-12-31": "976.59960", "2019-12-31": "1233.70000", "2018-12-31": "802.30080", "2017-12-31": "210.69970", "2016-12-31": "-534.30030", "2015-12-31": "-2801.90000", "2014-12-31": "-864.20020", "2013-12-31": "1912.00000", "2012-12-31": "-584.87600", "2011-12-31": "-1420.27500", "2010-12-31": "675.80810", "2009-12-31": "-229.38470", "2008-12-31": "-243.13700", "2007-12-31": "284.86300", "2006-12-31": "-172.22600", "2005-12-31": "327.98710"}, "Investing Activities - Other": {"2020-12-31": "-101.90000", "2019-12-31": "27.00000", "2018-12-31": "-112.10000", "2017-12-31": "-131.00000", "2016-12-31": "-22.80000", "2015-12-31": "-44.50000", "2014-12-31": "12.20000", "2013-12-31": "7.30000", "2012-12-31": "-38.51700", "2011-12-31": "-16.99900", "2010-12-31": "", "2009-12-31": "", "2008-12-31": "178.21800", "2007-12-31": "-208.20900", "2006-12-31": "", "2005-12-31": ""}, "Cash Flow From Investing Activities": {"2020-12-31": "-608.60000", "2019-12-31": "470.50000", "2018-12-31": "-2046.30000", "2017-12-31": "-2963.10000", "2016-12-31": "-2484.80000", "2015-12-31": "-4553.60000", "2014-12-31": "-1543.00000", "2013-12-31": "-1604.70000", "2012-12-31": "-950.34200", "2011-12-31": "-1650.29400", "2010-12-31": "345.32500", "2009-12-31": "-395.03100", "2008-12-31": "-365.87300", "2007-12-31": "-286.57200", "2006-12-31": "-599.77300", "2005-12-31": "417.74100"}, "Net Long-Term Debt": {"2020-12-31": "1467.40000", "2019-12-31": "", "2018-12-31": "-3.20000", "2017-12-31": "-560.90000", "2016-12-31": "-2.70000", "2015-12-31": "5928.40000", "2014-12-31": "-2.70000", "2013-12-31": "-452.40000", "2012-12-31": "-2.42800", "2011-12-31": "-11.45900", "2010-12-31": "-18.07300", "2009-12-31": "-10.86700", "2008-12-31": "-525.49400", "2007-12-31": "-6.56300", "2006-12-31": "", "2005-12-31": "-746.41600"}, "Net Current Debt": {"2020-12-31": "", "2019-12-31": "", "2018-12-31": "", "2017-12-31": "", "2016-12-31": "", "2015-12-31": "", "2014-12-31": "", "2013-12-31": "", "2012-12-31": "", "2011-12-31": "", "2010-12-31": "", "2009-12-31": "12.27500", "2008-12-31": "-178.71600", "2007-12-31": "-17.44100", "2006-12-31": "-24.47700", "2005-12-31": "-9.63900"}, "Debt Issuance/Retirement Net - Total": {"2020-12-31": "1467.40000", "2019-12-31": "", "2018-12-31": "-3.20000", "2017-12-31": "-560.90000", "2016-12-31": "-2.70000", "2015-12-31": "5928.40000", "2014-12-31": "-2.70000", "2013-12-31": "-452.40000", "2012-12-31": "-2.42800", "2011-12-31": "-11.45900", "2010-12-31": "-18.07300", "2009-12-31": "1.40800", "2008-12-31": "-704.21000", "2007-12-31": "-24.00400", "2006-12-31": "-24.47700", "2005-12-31": "-756.05500"}, "Net Common Equity Issued/Repurchased": {"2020-12-31": "-6683.70000", "2019-12-31": "-5868.30000", "2018-12-31": "-4352.60000", "2017-12-31": "-1365.40000", "2016-12-31": "-1008.50000", "2015-12-31": "-5070.90000", "2014-12-31": "-831.90000", "2013-12-31": "-333.50000", "2012-12-31": "-917.22200", "2011-12-31": "-183.32500", "2010-12-31": "-1894.09300", "2009-12-31": "-703.36000", "2008-12-31": "-560.45200", "2007-12-31": "-2502.00400", "2006-12-31": "-173.30900", "2005-12-31": "-202.97100"}, "Net Total Equity Issued/Repurchased": {"2020-12-31": "-6683.70000", "2019-12-31": "-5868.30000", "2018-12-31": "-4352.60000", "2017-12-31": "-1365.40000", "2016-12-31": "-1008.50000", "2015-12-31": "-5070.90000", "2014-12-31": "-831.90000", "2013-12-31": "-333.50000", "2012-12-31": "-917.22200", "2011-12-31": "-183.32500", "2010-12-31": "-1894.09300", "2009-12-31": "-703.36000", "2008-12-31": "-560.45200", "2007-12-31": "-2502.00400", "2006-12-31": "-173.30900", "2005-12-31": "-202.97100"}, "Total Common And Preferred Stock Dividends Paid": {"2020-12-31": "", "2019-12-31": "", "2018-12-31": "", "2017-12-31": "", "2016-12-31": "", "2015-12-31": "", "2014-12-31": "", "2013-12-31": "", "2012-12-31": "", "2011-12-31": "", "2010-12-31": "", "2009-12-31": "", "2008-12-31": "", "2007-12-31": "", "2006-12-31": "", "2005-12-31": ""}, "Financial Activities - Other": {"2020-12-31": "-56.40000", "2019-12-31": "7.90000", "2018-12-31": "-116.20000", "2017-12-31": "-453.70000", "2016-12-31": "-41.40000", "2015-12-31": "-74.40000", "2014-12-31": "78.70000", "2013-12-31": "69.40000", "2012-12-31": "42.17200", "2011-12-31": "-125.07800", "2010-12-31": "127.24700", "2009-12-31": "-22.19900", "2008-12-31": "30.03700", "2007-12-31": "1792.66900", "2006-12-31": "49.37600", "2005-12-31": "10.50300"}, "Cash Flow From Financial Activities": {"2020-12-31": "-5272.70000", "2019-12-31": "-5860.40000", "2018-12-31": "-4472.00000", "2017-12-31": "-2380.00000", "2016-12-31": "-1052.60000", "2015-12-31": "783.10000", "2014-12-31": "-755.90000", "2013-12-31": "-716.50000", "2012-12-31": "-877.47800", "2011-12-31": "-319.86200", "2010-12-31": "-1784.91900", "2009-12-31": "-724.15100", "2008-12-31": "-1234.62500", "2007-12-31": "-733.33900", "2006-12-31": "-148.41000", "2005-12-31": "-948.52300"}, "Net Cash Flow": {"2020-12-31": "-1582.50000", "2019-12-31": "1689.10000", "2018-12-31": "-349.20000", "2017-12-31": "-752.70000", "2016-12-31": "1018.50000", "2015-12-31": "103.10000", "2014-12-31": "602.30000", "2013-12-31": "31.90000", "2012-12-31": "56.17900", "2011-12-31": "-245.05600", "2010-12-31": "177.70900", "2009-12-31": "-40.49600", "2008-12-31": "-37.27700", "2007-12-31": "-1.71500", "2006-12-31": "93.20900", "2005-12-31": "358.72100"}, "Stock-Based Compensation": {"2020-12-31": "198.30000", "2019-12-31": "182.30000", "2018-12-31": "157.50000", "2017-12-31": "128.00000", "2016-12-31": "154.80000", "2015-12-31": "161.40000", "2014-12-31": "155.30000", "2013-12-31": "136.30000", "2012-12-31": "118.56600", "2011-12-31": "113.00500", "2010-12-31": "167.82600", "2009-12-31": "160.90200", "2008-12-31": "146.20700", "2007-12-31": "123.12900", "2006-12-31": "126.78300", "2005-12-31": "38.14500"}, "Common Stock Dividends Paid": {"2020-12-31": "", "2019-12-31": "", "2018-12-31": "", "2017-12-31": "", "2016-12-31": "", "2015-12-31": "", "2014-12-31": "", "2013-12-31": "", "2012-12-31": "", "2011-12-31": "", "2010-12-31": "", "2009-12-31": "", "2008-12-31": "", "2007-12-31": "", "2006-12-31": "", "2005-12-31": ""}}, "cash flow statement, quarterly": {"Net Income/Loss": {"2020-12-31": 357.6, "2020-09-30": 703.9, "2020-06-30": 1606.4, "2020-03-31": "1392.60000", "2019-12-31": 1439.7, "2019-09-30": 1545.9, "2019-06-30": 1494.1, "2019-03-31": "1408.80000", "2018-12-31": 944.9, "2018-09-30": 1442.9, "2018-06-30": 915, "2018-03-31": "1171.20000", "2017-12-31": -166.3, "2017-09-30": 1226.1, "2017-06-30": 862.8, "2017-03-31": "747.50000", "2016-12-31": 647.9, "2016-09-30": 1030.2, "2016-06-30": 1048.4, "2016-03-31": "969.20000", "2015-12-31": 828.7, "2015-09-30": 1019.5, "2015-06-30": 924.8, "2015-03-31": "820.20000", "2014-12-31": 882.62, "2014-09-30": 856.12, "2014-06-30": 723.132, "2014-03-31": "479.72800", "2013-12-31": 457.265, "2013-09-30": 487.616, "2013-06-30": 490.67, "2013-03-31": "426.74900", "2012-12-31": 292.127, "2012-09-30": 398.399, "2012-06-30": 387.141, "2012-03-31": "302.36600", "2011-12-31": 300.21, "2011-09-30": 353.662, "2011-06-30": 304.048, "2011-03-31": "308.76600", "2010-12-31": 271.752, "2010-09-30": 112.179, "2010-06-30": 294.649, "2010-03-31": "219.99300", "2009-12-31": 305.996, "2009-09-30": 279.602, "2009-06-30": 144.885, "2009-03-31": "246.57900", "2008-12-31": 208.427, "2008-09-30": 207.8, "2008-06-30": 210.783, "2008-03-31": "163.09700", "2007-12-31": 142.723, "2007-09-30": 119.381, "2007-06-30": 186.14, "2007-03-31": "131.50100", "2006-12-31": 108.556, "2006-09-30": 156.599, "2006-06-30": -170.613, "2006-03-31": "122.96900", "2005-12-31": 55.562, "2005-09-30": 27.185, "2005-06-30": 34.506, "2005-03-31": "43.45800"}, "Total Depreciation And Amortization - Cash Flow": {"2020-12-31": 90.4, "2020-09-30": 134, "2020-06-30": 112.9, "2020-03-31": "119.90000", "2019-12-31": -102.9, "2019-09-30": 329.5, "2019-06-30": 117, "2019-03-31": "121.10000", "2018-12-31": -36.4, "2018-09-30": 346.5, "2018-06-30": 171.5, "2018-03-31": "168.90000", "2017-12-31": 209, "2017-09-30": 177.4, "2017-06-30": 182.6, "2017-03-31": "512.00000", "2016-12-31": 177.4, "2016-09-30": 180.2, "2016-06-30": 175.4, "2016-03-31": "149.70000", "2015-12-31": 156.3, "2015-09-30": 151.6, "2015-06-30": 144.6, "2015-03-31": "147.90000", "2014-12-31": 157.592, "2014-09-30": 175.406, "2014-06-30": 164.139, "2014-03-31": "190.96300", "2013-12-31": 158.343, "2013-09-30": 147.477, "2013-06-30": 128.427, "2013-03-31": "97.45300", "2012-12-31": 96.876, "2012-09-30": 94.203, "2012-06-30": 90.624, "2012-03-31": "83.94500", "2011-12-31": 88.721, "2011-09-30": 87.367, "2011-06-30": 90.3, "2011-03-31": "92.54500", "2010-12-31": 95.655, "2010-09-30": 90.128, "2010-06-30": 87.451, "2010-03-31": "82.51000", "2009-12-31": 93.2, "2009-09-30": 85.884, "2009-06-30": 126.731, "2009-03-31": "122.14600", "2008-12-31": 122.017, "2008-09-30": 127.571, "2008-06-30": 105.539, "2008-03-31": "106.93200", "2007-12-31": 102.263, "2007-09-30": 96.755, "2007-06-30": 92.46, "2007-03-31": "88.81500", "2006-12-31": 87.217, "2006-09-30": 89.731, "2006-06-30": 75.692, "2006-03-31": "123.23000", "2005-12-31": 97.524, "2005-09-30": 109.751, "2005-06-30": 98.822, "2005-03-31": "96.11100"}, "Other Non-Cash Items": {"2020-12-31": -680, "2020-09-30": 160.5, "2020-06-30": 136.1, "2020-03-31": "282.70000", "2019-12-31": 363.5, "2019-09-30": -3.6, "2019-06-30": 89.8, "2019-03-31": "76.40000", "2018-12-31": 636.1, "2018-09-30": -124.8, "2018-06-30": 19.1, "2018-03-31": "132.60000", "2017-12-31": 259.9, "2017-09-30": 64.3, "2017-06-30": 109.1, "2017-03-31": "131.20000", "2016-12-31": -22.7, "2016-09-30": 23.5, "2016-06-30": 40.5, "2016-03-31": "42.30000", "2015-12-31": 198.9, "2015-09-30": -20, "2015-06-30": -38.6, "2015-03-31": "35.90000", "2014-12-31": 2.276, "2014-09-30": -78.613, "2014-06-30": -22.169, "2014-03-31": "-104.69400", "2013-12-31": -38.487, "2013-09-30": -4.758, "2013-06-30": -29.945, "2013-03-31": "-63.21000", "2012-12-31": 28.968, "2012-09-30": 5.954, "2012-06-30": -3.881, "2012-03-31": "-0.55300", "2011-12-31": 99.904, "2011-09-30": 107.59, "2011-06-30": -6.164, "2011-03-31": "85.40400", "2010-12-31": 12.359, "2010-09-30": 236.564, "2010-06-30": 5.832, "2010-03-31": "112.04200", "2009-12-31": -16.022, "2009-09-30": 5.608, "2009-06-30": 2.455, "2009-03-31": "29.31600", "2008-12-31": 45.153, "2008-09-30": -0.17, "2008-06-30": 13.005, "2008-03-31": "77.94900", "2007-12-31": 37.552, "2007-09-30": 36.28, "2007-06-30": 6.998, "2007-03-31": "57.64600", "2006-12-31": 19.014, "2006-09-30": 9.432, "2006-06-30": 335.03, "2006-03-31": "-12.30400", "2005-12-31": 66.034, "2005-09-30": 7.75, "2005-06-30": 31.779, "2005-03-31": "81.24500"}, "Total Non-Cash Items": {"2020-12-31": -589.6, "2020-09-30": 294.5, "2020-06-30": 249, "2020-03-31": "402.60000", "2019-12-31": 260.6, "2019-09-30": 325.9, "2019-06-30": 206.8, "2019-03-31": "197.50000", "2018-12-31": 599.7, "2018-09-30": 221.7, "2018-06-30": 190.6, "2018-03-31": "301.50000", "2017-12-31": 468.9, "2017-09-30": 241.7, "2017-06-30": 291.7, "2017-03-31": "643.20000", "2016-12-31": 154.7, "2016-09-30": 203.7, "2016-06-30": 215.9, "2016-03-31": "192.00000", "2015-12-31": 355.2001, "2015-09-30": 131.6, "2015-06-30": 106, "2015-03-31": "183.80000", "2014-12-31": 159.868, "2014-09-30": 96.793, "2014-06-30": 141.97, "2014-03-31": "86.26900", "2013-12-31": 119.856, "2013-09-30": 142.719, "2013-06-30": 98.482, "2013-03-31": "34.24300", "2012-12-31": 125.844, "2012-09-30": 100.157, "2012-06-30": 86.743, "2012-03-31": "83.39200", "2011-12-31": 188.6251, "2011-09-30": 194.957, "2011-06-30": 84.136, "2011-03-31": "177.94900", "2010-12-31": 108.014, "2010-09-30": 326.692, "2010-06-30": 93.283, "2010-03-31": "194.55200", "2009-12-31": 77.178, "2009-09-30": 91.492, "2009-06-30": 129.186, "2009-03-31": "151.46200", "2008-12-31": 167.17, "2008-09-30": 127.401, "2008-06-30": 118.544, "2008-03-31": "184.88100", "2007-12-31": 139.815, "2007-09-30": 133.035, "2007-06-30": 99.458, "2007-03-31": "146.46100", "2006-12-31": 106.231, "2006-09-30": 99.163, "2006-06-30": 410.722, "2006-03-31": "110.92600", "2005-12-31": 163.558, "2005-09-30": 117.501, "2005-06-30": 130.601, "2005-03-31": "177.35600"}, "Change In Accounts Receivable": {"2020-12-31": 138.5, "2020-09-30": 133.1, "2020-06-30": -30.4, "2020-03-31": "-238.40000", "2019-12-31": 71.2, "2019-09-30": 0.5, "2019-06-30": 133.7, "2019-03-31": "-136.60000", "2018-12-31": 48.8, "2018-09-30": -66.8, "2018-06-30": -53.2, "2018-03-31": "-134.00000", "2017-12-31": -209.8, "2017-09-30": 75.4, "2017-06-30": -105.5, "2017-03-31": "-195.70000", "2016-12-31": -3.3, "2016-09-30": -173.1, "2016-06-30": 95, "2016-03-31": "-160.00000", "2015-12-31": 92.6, "2015-09-30": -24.7, "2015-06-30": 89.4, "2015-03-31": "-128.30000", "2014-12-31": -215.343, "2014-09-30": -108.096, "2014-06-30": 8.724, "2014-03-31": "-197.68500", "2013-12-31": 93.16, "2013-09-30": -34.172, "2013-06-30": -110.142, "2013-03-31": "-75.54600", "2012-12-31": -14.915, "2012-09-30": 29.244, "2012-06-30": 78.308, "2012-03-31": "-89.06600", "2011-12-31": -56.04, "2011-09-30": 37.575, "2011-06-30": 35.803, "2011-03-31": "-90.71200", "2010-12-31": -26.508, "2010-09-30": -49.764, "2010-06-30": -2.754, "2010-03-31": "-20.20100", "2009-12-31": -4.227, "2009-09-30": -32.373, "2009-06-30": -25.907, "2009-03-31": "-37.93500", "2008-12-31": 37.772, "2008-09-30": -9.035, "2008-06-30": -31.599, "2008-03-31": "-54.70300", "2007-12-31": -12.978, "2007-09-30": -16.724, "2007-06-30": -34.357, "2007-03-31": "-6.64200", "2006-12-31": -18.164, "2006-09-30": 2.036, "2006-06-30": -11.396, "2006-03-31": "-9.48500", "2005-12-31": -20.015, "2005-09-30": -7.635, "2005-06-30": 17.797, "2005-03-31": "1.33500"}, "Change In Inventories": {"2020-12-31": -45.7, "2020-09-30": -82.4, "2020-06-30": -126, "2020-03-31": "-62.20000", "2019-12-31": -66.5, "2019-09-30": -61.4, "2019-06-30": -20.3, "2019-03-31": "129.00000", "2018-12-31": -20.2, "2018-09-30": 8.2, "2018-06-30": -42.7, "2018-03-31": "2.60000", "2017-12-31": 75.8, "2017-09-30": -85, "2017-06-30": -39.1, "2017-03-31": "-46.20000", "2016-12-31": -10.5, "2016-09-30": -26.8, "2016-06-30": -39.7, "2016-03-31": "-88.60000", "2015-12-31": -24, "2015-09-30": -69.1, "2015-06-30": -59.8, "2015-03-31": "-21.50000", "2014-12-31": -66.01, "2014-09-30": -47.201, "2014-06-30": -55.709, "2014-03-31": "-16.98000", "2013-12-31": -61.086, "2013-09-30": -53.643, "2013-06-30": -68.362, "2013-03-31": "-60.80900", "2012-12-31": -57.886, "2012-09-30": -38.06, "2012-06-30": -25.336, "2012-03-31": "-19.02700", "2011-12-31": -23.452, "2011-09-30": -35.767, "2011-06-30": 0, "2011-03-31": "", "2010-12-31": -20.838, "2010-09-30": -5.136, "2010-06-30": 9.183, "2010-03-31": "12.26400", "2009-12-31": -17.577, "2009-09-30": -10.842, "2009-06-30": -1.633, "2009-03-31": "-12.72000", "2008-12-31": -19.828, "2008-09-30": -6.189, "2008-06-30": -21.843, "2008-03-31": "-6.34400", "2007-12-31": -12.326, "2007-09-30": -18.785, "2007-06-30": -28.89, "2007-03-31": "-23.19100", "2006-12-31": -13.664, "2006-09-30": -4.316, "2006-06-30": -7.152, "2006-03-31": "-11.50500", "2005-12-31": 26.321, "2005-09-30": 8.045, "2005-06-30": -19.763, "2005-03-31": "-30.44900"}, "Change In Accounts Payable": {"2020-12-31": 0, "2020-09-30": 0, "2020-06-30": 0, "2020-03-31": "", "2019-12-31": 0, "2019-09-30": 0, "2019-06-30": 0, "2019-03-31": "", "2018-12-31": 0, "2018-09-30": 0, "2018-06-30": 0, "2018-03-31": "", "2017-12-31": 0, "2017-09-30": 0, "2017-06-30": 0, "2017-03-31": "", "2016-12-31": 0, "2016-09-30": 0, "2016-06-30": 0, "2016-03-31": "", "2015-12-31": 0, "2015-09-30": 0, "2015-06-30": 0, "2015-03-31": "", "2014-12-31": 0, "2014-09-30": 0, "2014-06-30": 0, "2014-03-31": "", "2013-12-31": 0, "2013-09-30": 0, "2013-06-30": 0, "2013-03-31": "", "2012-12-31": 0, "2012-09-30": 0, "2012-06-30": 0, "2012-03-31": "", "2011-12-31": 0, "2011-09-30": 0, "2011-06-30": 0, "2011-03-31": "", "2010-12-31": 0, "2010-09-30": 0, "2010-06-30": 0, "2010-03-31": "", "2009-12-31": 0, "2009-09-30": 0, "2009-06-30": 0, "2009-03-31": "", "2008-12-31": 0, "2008-09-30": 0, "2008-06-30": 0, "2008-03-31": "", "2007-12-31": 0, "2007-09-30": 0, "2007-06-30": 0, "2007-03-31": "", "2006-12-31": 0, "2006-09-30": 0, "2006-06-30": 0, "2006-03-31": "", "2005-12-31": 0, "2005-09-30": 0, "2005-06-30": 0, "2005-03-31": ""}, "Change In Assets/Liabilities": {"2020-12-31": -9.2, "2020-09-30": -682.3, "2020-06-30": 343.5, "2020-03-31": "320.10000", "2019-12-31": -94.1, "2019-09-30": -223, "2019-06-30": 227.4, "2019-03-31": "-0.80000", "2018-12-31": -42.6, "2018-09-30": 42.5, "2018-06-30": -45.5, "2018-03-31": "237.60000", "2017-12-31": 1072.6, "2017-09-30": 222.3, "2017-06-30": -72.6, "2017-03-31": "-229.40000", "2016-12-31": -4.7, "2016-09-30": 16.4, "2016-06-30": -341.7, "2016-03-31": "239.90000", "2015-12-31": -382.6, "2015-09-30": -157.3, "2015-06-30": -48.7, "2015-03-31": "84.30000", "2014-12-31": -53.304, "2014-09-30": 66.835, "2014-06-30": 31.407, "2014-03-31": "-75.33800", "2013-12-31": 86.526, "2013-09-30": 2.638, "2013-06-30": 49.624, "2013-03-31": "35.21200", "2012-12-31": -110.635, "2012-09-30": 52.044, "2012-06-30": 26.694, "2012-03-31": "-1.00900", "2011-12-31": -25.828, "2011-09-30": 9.345, "2011-06-30": -75.896, "2011-03-31": "6.63800", "2010-12-31": -14.862, "2010-09-30": 3.161, "2010-06-30": -25.002, "2010-03-31": "13.14100", "2009-12-31": -70.821, "2009-09-30": -0.939, "2009-06-30": -160.937, "2009-03-31": "73.37100", "2008-12-31": 22.721, "2008-09-30": 138.191, "2008-06-30": -90.156, "2008-03-31": "68.93500", "2007-12-31": 98.479, "2007-09-30": -48.28, "2007-06-30": -7.351, "2007-03-31": "0.70600", "2006-12-31": -32.806, "2006-09-30": 4.096, "2006-06-30": -14.55, "2006-03-31": "-0.19100", "2005-12-31": 19.826, "2005-09-30": -1.455, "2005-06-30": -11.89, "2005-03-31": "28.98300"}, "Total Change In Assets/Liabilities": {"2020-12-31": -135.1, "2020-09-30": 182.7, "2020-06-30": 93.1, "2020-03-31": "-327.90000", "2019-12-31": 259.9, "2019-09-30": -176.9, "2019-06-30": 263.1, "2019-03-31": "-146.80000", "2018-12-31": 350.8, "2018-09-30": 71.3, "2018-06-30": -6.3, "2018-03-31": "-15.60000", "2017-12-31": 1215.7, "2017-09-30": 160.5, "2017-06-30": 14.7, "2017-03-31": "-1155.50000", "2016-12-31": 779.3, "2016-09-30": -242.6, "2016-06-30": -266.1, "2016-03-31": "-145.40000", "2015-12-31": 59.8, "2015-09-30": -255.7, "2015-06-30": 16.5, "2015-03-31": "-271.00000", "2014-12-31": -109.6401, "2014-09-30": -38.88, "2014-06-30": 125.491, "2014-03-31": "-461.37100", "2013-12-31": 291.906, "2013-09-30": 41.587, "2013-06-30": 36.06, "2013-03-31": "-282.05300", "2012-12-31": 89.936, "2012-09-30": 43.228, "2012-06-30": 161.697, "2012-03-31": "-191.13300", "2011-12-31": -14.861, "2011-09-30": 21.904, "2011-06-30": 41.482, "2011-03-31": "-233.13700", "2010-12-31": 51.29, "2010-09-30": -10.63, "2010-06-30": 40.549, "2010-03-31": "-77.65000", "2009-12-31": -103.834, "2009-09-30": -104.837, "2009-06-30": -45.52, "2009-03-31": "-97.29100", "2008-12-31": 31.648, "2008-09-30": 176.992, "2008-06-30": -53.305, "2008-03-31": "19.00700", "2007-12-31": 61.443, "2007-09-30": -41.99, "2007-06-30": -83.58, "2007-03-31": "-15.63300", "2006-12-31": 27.018, "2006-09-30": 4.076, "2006-06-30": -56.737, "2006-03-31": "-77.64200", "2005-12-31": 55.62, "2005-09-30": 28.5, "2005-06-30": 63.584, "2005-03-31": "-7.92800"}, "Cash Flow From Operating Activities": {"2020-12-31": -367.1, "2020-09-30": 1181.1, "2020-06-30": 1948.5, "2020-03-31": "1467.30000", "2019-12-31": 1960.2, "2019-09-30": 1694.9, "2019-06-30": 1964, "2019-03-31": "1459.50000", "2018-12-31": 1895.4, "2018-09-30": 1735.9, "2018-06-30": 1099.3, "2018-03-31": "1457.10000", "2017-12-31": 1518.3, "2017-09-30": 1628.3, "2017-06-30": 1169.2, "2017-03-31": "235.20000", "2016-12-31": 1581.9, "2016-09-30": 991.3, "2016-06-30": 998.2, "2016-03-31": "1015.80000", "2015-12-31": 1243.7, "2015-09-30": 895.4, "2015-06-30": 1047.3, "2015-03-31": "733.00000", "2014-12-31": 932.848, "2014-09-30": 914.033, "2014-06-30": 990.593, "2014-03-31": "104.62600", "2013-12-31": 869.027, "2013-09-30": 671.922, "2013-06-30": 625.212, "2013-03-31": "178.93900", "2012-12-31": 507.907, "2012-09-30": 541.784, "2012-06-30": 635.581, "2012-03-31": "194.62500", "2011-12-31": 473.974, "2011-09-30": 570.523, "2011-06-30": 429.666, "2011-03-31": "253.57800", "2010-12-31": 431.056, "2010-09-30": 428.241, "2010-06-30": 428.481, "2010-03-31": "336.89500", "2009-12-31": 279.34, "2009-09-30": 266.257, "2009-06-30": 228.551, "2009-03-31": "300.75000", "2008-12-31": 407.245, "2008-09-30": 512.193, "2008-06-30": 276.022, "2008-03-31": "366.98500", "2007-12-31": 343.981, "2007-09-30": 210.426, "2007-06-30": 202.018, "2007-03-31": "262.32900", "2006-12-31": 241.805, "2006-09-30": 259.838, "2006-06-30": 183.372, "2006-03-31": "156.25300", "2005-12-31": 274.74, "2005-09-30": 173.186, "2005-06-30": 228.691, "2005-03-31": "212.88600"}, "Net Change In Property, Plant, And Equipment": {"2020-12-31": -86, "2020-09-30": -84.1, "2020-06-30": -105, "2020-03-31": "-149.70000", "2019-12-31": -110.4, "2019-09-30": -90.1, "2019-06-30": -186.9, "2019-03-31": "-127.10000", "2018-12-31": -225.9, "2018-09-30": -163.2, "2018-06-30": -186.8, "2018-03-31": "-194.70000", "2017-12-31": -230.6, "2017-09-30": -229.1, "2017-06-30": -197.7, "2017-03-31": "-210.00000", "2016-12-31": -182.1, "2016-09-30": -170.3, "2016-06-30": -136.8, "2016-03-31": "-126.90000", "2015-12-31": -186.1, "2015-09-30": -229.2, "2015-06-30": -129.9, "2015-03-31": "-97.80000", "2014-12-31": -106.946, "2014-09-30": -62.546, "2014-06-30": -64.002, "2014-03-31": "-54.30600", "2013-12-31": -78.672, "2013-09-30": -80.188, "2013-06-30": -54.151, "2013-03-31": "-33.28900", "2012-12-31": -69.037, "2012-09-30": -58.064, "2012-06-30": -897.33, "2012-03-31": "769.88300", "2011-12-31": -70.442, "2011-09-30": -51.349, "2011-06-30": -54.086, "2011-03-31": "-32.14300", "2010-12-31": -48.835, "2010-09-30": -38.96, "2010-06-30": -47.051, "2010-03-31": "-38.20900", "2009-12-31": -55.517, "2009-09-30": -38.408, "2009-06-30": -34.68, "2009-03-31": "-37.04100", "2008-12-31": -29.009, "2008-09-30": -89.852, "2008-06-30": -71.062, "2008-03-31": "-86.03100", "2007-12-31": -108.499, "2007-09-30": -41.76, "2007-06-30": -79.846, "2007-03-31": "-37.33200", "2006-12-31": -26.198, "2006-09-30": -54.033, "2006-06-30": -12.086, "2006-03-31": "-31.77900", "2005-12-31": -102.426, "2005-09-30": -59.734, "2005-06-30": 317.76, "2005-03-31": "-65.84600"}, "Net Change In Intangible Assets": {"2020-12-31": -15, "2020-09-30": 0, "2020-06-30": 0, "2020-03-31": "-37.00000", "2019-12-31": 589.4, "2019-09-30": -744.4, "2019-06-30": 0, "2019-03-31": "0.00000", "2018-12-31": 0, "2018-09-30": 0, "2018-06-30": -3, "2018-03-31": "", "2017-12-31": -65, "2017-09-30": -50.1, "2017-06-30": -5.1, "2017-03-31": "-855.20000", "2016-12-31": -1.2, "2016-09-30": -110.4, "2016-06-30": 28.6, "2016-03-31": "-28.60000", "2015-12-31": -9.1, "2015-09-30": -6.3, "2015-06-30": 0, "2015-03-31": "", "2014-12-31": -28.2, "2014-09-30": 0, "2014-06-30": 0, "2014-03-31": "", "2013-12-31": 0.019, "2013-09-30": 0, "2013-06-30": -3262.719, "2013-03-31": "", "2012-12-31": 0, "2012-09-30": 0, "2012-06-30": 0, "2012-03-31": "", "2011-12-31": 0, "2011-09-30": 0, "2011-06-30": 0, "2011-03-31": "", "2010-12-31": 0, "2010-09-30": 0, "2010-06-30": 0, "2010-03-31": "", "2009-12-31": 0, "2009-09-30": 0, "2009-06-30": 0, "2009-03-31": "", "2008-12-31": 0, "2008-09-30": 0, "2008-06-30": 0, "2008-03-31": "", "2007-12-31": 0, "2007-09-30": 0, "2007-06-30": 0, "2007-03-31": "", "2006-12-31": 0, "2006-09-30": 0, "2006-06-30": 0, "2006-03-31": "", "2005-12-31": 0, "2005-09-30": 0, "2005-06-30": 0, "2005-03-31": ""}, "Net Acquisitions/Divestitures": {"2020-12-31": -441, "2020-09-30": -565.5, "2020-06-30": 0, "2020-03-31": "", "2019-12-31": -744.4, "2019-09-30": 1668.1, "2019-06-30": -744.4, "2019-03-31": "-300.00000", "2018-12-31": -187.5, "2018-09-30": -412.5, "2018-06-30": -762.9, "2018-03-31": "-600.00000", "2017-12-31": -300, "2017-09-30": -300, "2017-06-30": -300, "2017-03-31": "-300.00000", "2016-12-31": -300, "2016-09-30": -300, "2016-06-30": -300, "2016-03-31": "-300.00000", "2015-12-31": -300, "2015-09-30": -300, "2015-06-30": 0, "2015-03-31": "-448.80000", "2014-12-31": -200, "2014-09-30": -150, "2014-06-30": 0, "2014-03-31": "-25.00000", "2013-12-31": -15, "2013-09-30": 0, "2013-06-30": 0, "2013-03-31": "", "2012-12-31": 0, "2012-09-30": 0, "2012-06-30": 0, "2012-03-31": "-72.40100", "2011-12-31": -5, "2011-09-30": 0, "2011-06-30": 0, "2011-03-31": "", "2010-12-31": -32.5, "2010-09-30": -84.952, "2010-06-30": 0, "2010-03-31": "-39.97600", "2009-12-31": 0, "2009-09-30": 0, "2009-06-30": 0, "2009-03-31": "", "2008-12-31": -25, "2008-09-30": 25, "2008-06-30": 0, "2008-03-31": "-25.00000", "2007-12-31": -3.5, "2007-09-30": -50, "2007-06-30": 0, "2007-03-31": "-42.28900", "2006-12-31": 0, "2006-09-30": 0, "2006-06-30": -303.451, "2006-03-31": "", "2005-12-31": 0, "2005-09-30": 0, "2005-06-30": 0, "2005-03-31": ""}, "Net Change In Short-term Investments": {"2020-12-31": 0, "2020-09-30": 0, "2020-06-30": 0, "2020-03-31": "", "2019-12-31": 0, "2019-09-30": 0, "2019-06-30": 0, "2019-03-31": "", "2018-12-31": 0, "2018-09-30": 0, "2018-06-30": 0, "2018-03-31": "", "2017-12-31": 0, "2017-09-30": 0, "2017-06-30": 0, "2017-03-31": "", "2016-12-31": 0, "2016-09-30": 0, "2016-06-30": 0, "2016-03-31": "", "2015-12-31": 0, "2015-09-30": 0, "2015-06-30": 0, "2015-03-31": "", "2014-12-31": 0, "2014-09-30": 0, "2014-06-30": 0, "2014-03-31": "", "2013-12-31": 0, "2013-09-30": 0, "2013-06-30": 0, "2013-03-31": "", "2012-12-31": 0, "2012-09-30": 0, "2012-06-30": 0, "2012-03-31": "", "2011-12-31": 0, "2011-09-30": 0, "2011-06-30": 0, "2011-03-31": "", "2010-12-31": 0, "2010-09-30": 0, "2010-06-30": 0, "2010-03-31": "", "2009-12-31": 0, "2009-09-30": 0, "2009-06-30": 0, "2009-03-31": "29.99100", "2008-12-31": -30.08, "2008-09-30": -31.173, "2008-06-30": -22.263, "2008-03-31": "83.51600", "2007-12-31": 0, "2007-09-30": 0, "2007-06-30": 0, "2007-03-31": "", "2006-12-31": 0, "2006-09-30": 0, "2006-06-30": 0, "2006-03-31": "", "2005-12-31": 0, "2005-09-30": 0, "2005-06-30": 0, "2005-03-31": ""}, "Net Change In Long-Term Investments": {"2020-12-31": 384.4995, "2020-09-30": 607.4002, "2020-06-30": -720.4002, "2020-03-31": "705.10010", "2019-12-31": 942.2, "2019-09-30": -1198.9, "2019-06-30": 826.2, "2019-03-31": "664.20000", "2018-12-31": -1098.5992, "2018-09-30": -127.5, "2018-06-30": -121.3, "2018-03-31": "2149.70000", "2017-12-31": -168.0005, "2017-09-30": -669.7998, "2017-06-30": 420.8999, "2017-03-31": "627.60010", "2016-12-31": -88.3999, "2016-09-30": 563.7996, "2016-06-30": -276.4, "2016-03-31": "-733.30000", "2015-12-31": -1295.2, "2015-09-30": -437.2, "2015-06-30": -1120.1, "2015-03-31": "50.60000", "2014-12-31": -68.4872, "2014-09-30": -325.6321, "2014-06-30": -561.3819, "2014-03-31": "91.30100", "2013-12-31": -639.609, "2013-09-30": -235.124, "2013-06-30": -382.093, "2013-03-31": "3168.82600", "2012-12-31": -305.914, "2012-09-30": -448.9591, "2012-06-30": 847.0891, "2012-03-31": "-677.09200", "2011-12-31": -305.356, "2011-09-30": -506.1871, "2011-06-30": -488.0849, "2011-03-31": "-120.64700", "2010-12-31": -437.2869, "2010-09-30": 54.158, "2010-06-30": 731.015, "2010-03-31": "327.92200", "2009-12-31": 438.1394, "2009-09-30": -436.025, "2009-06-30": -176.8341, "2009-03-31": "-84.65600", "2008-12-31": -559.8859, "2008-09-30": -3.4451, "2008-06-30": -156.898, "2008-03-31": "477.09200", "2007-12-31": -296.427, "2007-09-30": 25.111, "2007-06-30": 643.94, "2007-03-31": "-87.76100", "2006-12-31": -37.4802, "2006-09-30": 175.5242, "2006-06-30": -69.837, "2006-03-31": "-240.43300", "2005-12-31": 31.4822, "2005-09-30": -474.56, "2005-06-30": 709.9329, "2005-03-31": "61.13200"}, "Net Change In Investments - Total": {"2020-12-31": 384.4995, "2020-09-30": 607.4002, "2020-06-30": -720.4002, "2020-03-31": "705.10010", "2019-12-31": 942.2, "2019-09-30": -1198.9, "2019-06-30": 826.2, "2019-03-31": "664.20000", "2018-12-31": -1098.5992, "2018-09-30": -127.5, "2018-06-30": -121.3, "2018-03-31": "2149.70000", "2017-12-31": -168.0005, "2017-09-30": -669.7998, "2017-06-30": 420.8999, "2017-03-31": "627.60010", "2016-12-31": -88.3999, "2016-09-30": 563.7996, "2016-06-30": -276.4, "2016-03-31": "-733.30000", "2015-12-31": -1295.2, "2015-09-30": -437.2, "2015-06-30": -1120.1, "2015-03-31": "50.60000", "2014-12-31": -68.4872, "2014-09-30": -325.6321, "2014-06-30": -561.3819, "2014-03-31": "91.30100", "2013-12-31": -639.609, "2013-09-30": -235.124, "2013-06-30": -382.093, "2013-03-31": "3168.82600", "2012-12-31": -305.914, "2012-09-30": -448.9591, "2012-06-30": 847.0891, "2012-03-31": "-677.09200", "2011-12-31": -305.356, "2011-09-30": -506.1871, "2011-06-30": -488.0849, "2011-03-31": "-120.64700", "2010-12-31": -437.2869, "2010-09-30": 54.158, "2010-06-30": 731.015, "2010-03-31": "327.92200", "2009-12-31": 438.1394, "2009-09-30": -436.025, "2009-06-30": -176.8341, "2009-03-31": "-54.66500", "2008-12-31": -589.9659, "2008-09-30": -34.6181, "2008-06-30": -179.161, "2008-03-31": "560.60800", "2007-12-31": -296.427, "2007-09-30": 25.111, "2007-06-30": 643.94, "2007-03-31": "-87.76100", "2006-12-31": -37.4802, "2006-09-30": 175.5242, "2006-06-30": -69.837, "2006-03-31": "-240.43300", "2005-12-31": 31.4822, "2005-09-30": -474.56, "2005-06-30": 709.9329, "2005-03-31": "61.13200"}, "Investing Activities - Other": {"2020-12-31": -8.9, "2020-09-30": -10.2, "2020-06-30": -7.3, "2020-03-31": "-75.50000", "2019-12-31": 31.6, "2019-09-30": -0.6, "2019-06-30": -5.7, "2019-03-31": "1.70000", "2018-12-31": -113.3, "2018-09-30": 84.1, "2018-06-30": -74.5, "2018-03-31": "-8.40000", "2017-12-31": -5.9, "2017-09-30": 2.1, "2017-06-30": -120.6, "2017-03-31": "-6.60000", "2016-12-31": -10, "2016-09-30": 53.1, "2016-06-30": -51.5, "2016-03-31": "-14.40000", "2015-12-31": -17.1, "2015-09-30": -17.3, "2015-06-30": -3.4, "2015-03-31": "-6.70000", "2014-12-31": 25.331, "2014-09-30": -2.386, "2014-06-30": -4.743, "2014-03-31": "-6.00200", "2013-12-31": 23.254, "2013-09-30": -9.08, "2013-06-30": 2972.722, "2013-03-31": "-2979.59600", "2012-12-31": -0.503, "2012-09-30": -15.367, "2012-06-30": -2.875, "2012-03-31": "-19.77200", "2011-12-31": -8.734, "2011-09-30": -29.641, "2011-06-30": -4.619, "2011-03-31": "25.99500", "2010-12-31": 0, "2010-09-30": 0, "2010-06-30": 0, "2010-03-31": "", "2009-12-31": 0, "2009-09-30": 0, "2009-06-30": 0, "2009-03-31": "", "2008-12-31": 178.218, "2008-09-30": 0, "2008-06-30": 0, "2008-03-31": "", "2007-12-31": -208.209, "2007-09-30": 0, "2007-06-30": 0, "2007-03-31": "", "2006-12-31": 0, "2006-09-30": 0, "2006-06-30": 0, "2006-03-31": "", "2005-12-31": 0, "2005-09-30": 0, "2005-06-30": 0, "2005-03-31": ""}, "Cash Flow From Investing Activities": {"2020-12-31": -166.4, "2020-09-30": -52.4, "2020-06-30": -832.7, "2020-03-31": "442.90000", "2019-12-31": 708.4, "2019-09-30": -365.9, "2019-06-30": -110.8, "2019-03-31": "238.80000", "2018-12-31": -1625.3, "2018-09-30": -619.1, "2018-06-30": -1148.5, "2018-03-31": "1346.60000", "2017-12-31": -769.5, "2017-09-30": -1246.9, "2017-06-30": -202.5, "2017-03-31": "-744.20000", "2016-12-31": -581.7, "2016-09-30": 36.2, "2016-06-30": -736.1, "2016-03-31": "-1203.20000", "2015-12-31": -1807.5, "2015-09-30": -990, "2015-06-30": -1253.3, "2015-03-31": "-502.80000", "2014-12-31": -378.302, "2014-09-30": -540.564, "2014-06-30": -630.127, "2014-03-31": "5.99300", "2013-12-31": -710.008, "2013-09-30": -324.392, "2013-06-30": -726.241, "2013-03-31": "155.94100", "2012-12-31": -375.454, "2012-09-30": -522.39, "2012-06-30": -53.116, "2012-03-31": "0.61800", "2011-12-31": -389.532, "2011-09-30": -587.177, "2011-06-30": -546.79, "2011-03-31": "-126.79500", "2010-12-31": -518.622, "2010-09-30": -69.754, "2010-06-30": 683.964, "2010-03-31": "249.73700", "2009-12-31": 382.622, "2009-09-30": -474.433, "2009-06-30": -211.514, "2009-03-31": "-91.70600", "2008-12-31": -465.757, "2008-09-30": -99.47, "2008-06-30": -250.223, "2008-03-31": "449.57700", "2007-12-31": -616.635, "2007-09-30": -66.649, "2007-06-30": 564.094, "2007-03-31": "-167.38200", "2006-12-31": -63.678, "2006-09-30": 121.491, "2006-06-30": -385.374, "2006-03-31": "-272.21200", "2005-12-31": -70.944, "2005-09-30": -534.294, "2005-06-30": 1027.693, "2005-03-31": "-4.71400"}, "Net Long-Term Debt": {"2020-12-31": 0.1, "2020-09-30": 0, "2020-06-30": 1467.3, "2020-03-31": "", "2019-12-31": 0, "2019-09-30": 0, "2019-06-30": 0, "2019-03-31": "", "2018-12-31": 0, "2018-09-30": -3.2, "2018-06-30": 0, "2018-03-31": "", "2017-12-31": -557.7, "2017-09-30": -3.2, "2017-06-30": 0, "2017-03-31": "", "2016-12-31": 0, "2016-09-30": -2.7, "2016-06-30": 0, "2016-03-31": "", "2015-12-31": -0.4, "2015-09-30": 5928.8, "2015-06-30": 0, "2015-03-31": "", "2014-12-31": -0.026, "2014-09-30": -2.674, "2014-06-30": -22.363, "2014-03-31": "22.36300", "2013-12-31": -0.06, "2013-09-30": 0, "2013-06-30": -202.34, "2013-03-31": "-250.00000", "2012-12-31": -2.428, "2012-09-30": 0, "2012-06-30": 0, "2012-03-31": "", "2011-12-31": -11.459, "2011-09-30": 0, "2011-06-30": 0, "2011-03-31": "", "2010-12-31": -1.891, "2010-09-30": -2.04, "2010-06-30": -12.131, "2010-03-31": "-2.01100", "2009-12-31": 0, "2009-09-30": 0, "2009-06-30": -10.867, "2009-03-31": "", "2008-12-31": 0, "2008-09-30": 0, "2008-06-30": -12.37, "2008-03-31": "-513.12400", "2007-12-31": -1500.254, "2007-09-30": 1503.957, "2007-06-30": -6.563, "2007-03-31": "-3.70300", "2006-12-31": -15.304, "2006-09-30": 0.073, "2006-06-30": 10.79, "2006-03-31": "4.44100", "2005-12-31": -0.001, "2005-09-30": 0, "2005-06-30": -746.415, "2005-03-31": ""}, "Net Current Debt": {"2020-12-31": 0, "2020-09-30": 0, "2020-06-30": 0, "2020-03-31": "", "2019-12-31": 0, "2019-09-30": 0, "2019-06-30": 0, "2019-03-31": "", "2018-12-31": 0, "2018-09-30": 0, "2018-06-30": 0, "2018-03-31": "", "2017-12-31": 0, "2017-09-30": 0, "2017-06-30": 0, "2017-03-31": "", "2016-12-31": 0, "2016-09-30": 0, "2016-06-30": 0, "2016-03-31": "", "2015-12-31": 0, "2015-09-30": 0, "2015-06-30": 0, "2015-03-31": "", "2014-12-31": 0, "2014-09-30": 0, "2014-06-30": 0, "2014-03-31": "", "2013-12-31": 0, "2013-09-30": 0, "2013-06-30": 0, "2013-03-31": "", "2012-12-31": 0, "2012-09-30": 0, "2012-06-30": 0, "2012-03-31": "", "2011-12-31": 0, "2011-09-30": 0, "2011-06-30": 0, "2011-03-31": "", "2010-12-31": -2.586, "2010-09-30": -0.326, "2010-06-30": 4.738, "2010-03-31": "-1.82600", "2009-12-31": 34.769, "2009-09-30": -0.028, "2009-06-30": 6.156, "2009-03-31": "-28.62200", "2008-12-31": -166.688, "2008-09-30": 48.352, "2008-06-30": 9.746, "2008-03-31": "-70.12600", "2007-12-31": -7.226, "2007-09-30": -17.706, "2007-06-30": 7.488, "2007-03-31": "0.00300", "2006-12-31": -13.332, "2006-09-30": -5.842, "2006-06-30": -12.967, "2006-03-31": "7.66400", "2005-12-31": 25.8, "2005-09-30": -4.317, "2005-06-30": -8.511, "2005-03-31": "-22.61100"}, "Debt Issuance/Retirement Net - Total": {"2020-12-31": 0.1, "2020-09-30": 0, "2020-06-30": 1467.3, "2020-03-31": "", "2019-12-31": 0, "2019-09-30": 0, "2019-06-30": 0, "2019-03-31": "", "2018-12-31": 0, "2018-09-30": -3.2, "2018-06-30": 0, "2018-03-31": "", "2017-12-31": -557.7, "2017-09-30": -3.2, "2017-06-30": 0, "2017-03-31": "", "2016-12-31": 0, "2016-09-30": -2.7, "2016-06-30": 0, "2016-03-31": "", "2015-12-31": -0.4, "2015-09-30": 5928.8, "2015-06-30": 0, "2015-03-31": "", "2014-12-31": -0.026, "2014-09-30": -2.674, "2014-06-30": -22.363, "2014-03-31": "22.36300", "2013-12-31": -0.06, "2013-09-30": 0, "2013-06-30": -202.34, "2013-03-31": "-250.00000", "2012-12-31": -2.428, "2012-09-30": 0, "2012-06-30": 0, "2012-03-31": "", "2011-12-31": -11.459, "2011-09-30": 0, "2011-06-30": 0, "2011-03-31": "", "2010-12-31": -4.477, "2010-09-30": -2.366, "2010-06-30": -7.393, "2010-03-31": "-3.83700", "2009-12-31": 34.769, "2009-09-30": -0.028, "2009-06-30": -4.711, "2009-03-31": "-28.62200", "2008-12-31": -166.688, "2008-09-30": 48.352, "2008-06-30": -2.624, "2008-03-31": "-583.25000", "2007-12-31": -1507.48, "2007-09-30": 1486.251, "2007-06-30": 0.925, "2007-03-31": "-3.70000", "2006-12-31": -28.636, "2006-09-30": -5.769, "2006-06-30": -2.177, "2006-03-31": "12.10500", "2005-12-31": 25.799, "2005-09-30": -4.317, "2005-06-30": -754.926, "2005-03-31": "-22.61100"}, "Net Common Equity Issued/Repurchased": {"2020-12-31": -392.8, "2020-09-30": -1242.6, "2020-06-30": -2798.5, "2020-03-31": "-2249.80000", "2019-12-31": -2076.2, "2019-09-30": -711.2, "2019-06-30": -2392.9, "2019-03-31": "-688.00000", "2018-12-31": -1345.9, "2018-09-30": 7.6, "2018-06-30": -2743.1, "2018-03-31": "-271.20000", "2017-12-31": 10.7, "2017-09-30": 7.1, "2017-06-30": -774.1, "2017-03-31": "-609.10000", "2016-12-31": -647.2, "2016-09-30": -339.4, "2016-06-30": -21.9, "2016-03-31": "", "2015-12-31": -2118.2, "2015-09-30": -2945.2, "2015-06-30": -33.1, "2015-03-31": "25.60000", "2014-12-31": -516.879, "2014-09-30": -11.593, "2014-06-30": -303.428, "2014-03-31": "", "2013-12-31": 10.441, "2013-09-30": -341.92, "2013-06-30": 17.185, "2013-03-31": "-19.20600", "2012-12-31": -12.329, "2012-09-30": -38.023, "2012-06-30": -427.779, "2012-03-31": "-439.09100", "2011-12-31": -96.216, "2011-09-30": 13.583, "2011-06-30": 3.44, "2011-03-31": "-104.13200", "2010-12-31": 103.039, "2010-09-30": -450.991, "2010-06-30": -1021.379, "2010-03-31": "-524.76200", "2009-12-31": -678.965, "2009-09-30": 8.849, "2009-06-30": 7.344, "2009-03-31": "-40.58800", "2008-12-31": -167.717, "2008-09-30": 77.5, "2008-06-30": -258.327, "2008-03-31": "-211.90800", "2007-12-31": 241.743, "2007-09-30": -2825.495, "2007-06-30": 58.84, "2007-03-31": "22.90800", "2006-12-31": 60.121, "2006-09-30": -307.551, "2006-06-30": 17.765, "2006-03-31": "56.35600", "2005-12-31": 31.578, "2005-09-30": 23.608, "2005-06-30": -139.592, "2005-03-31": "-118.56500"}, "Net Total Equity Issued/Repurchased": {"2020-12-31": -392.8, "2020-09-30": -1242.6, "2020-06-30": -2798.5, "2020-03-31": "-2249.80000", "2019-12-31": -2076.2, "2019-09-30": -711.2, "2019-06-30": -2392.9, "2019-03-31": "-688.00000", "2018-12-31": -1345.9, "2018-09-30": 7.6, "2018-06-30": -2743.1, "2018-03-31": "-271.20000", "2017-12-31": 10.7, "2017-09-30": 7.1, "2017-06-30": -774.1, "2017-03-31": "-609.10000", "2016-12-31": -647.2, "2016-09-30": -339.4, "2016-06-30": -21.9, "2016-03-31": "", "2015-12-31": -2118.2, "2015-09-30": -2945.2, "2015-06-30": -33.1, "2015-03-31": "25.60000", "2014-12-31": -516.879, "2014-09-30": -11.593, "2014-06-30": -303.428, "2014-03-31": "", "2013-12-31": 10.441, "2013-09-30": -341.92, "2013-06-30": 17.185, "2013-03-31": "-19.20600", "2012-12-31": -12.329, "2012-09-30": -38.023, "2012-06-30": -427.779, "2012-03-31": "-439.09100", "2011-12-31": -96.216, "2011-09-30": 13.583, "2011-06-30": 3.44, "2011-03-31": "-104.13200", "2010-12-31": 103.039, "2010-09-30": -450.991, "2010-06-30": -1021.379, "2010-03-31": "-524.76200", "2009-12-31": -678.965, "2009-09-30": 8.849, "2009-06-30": 7.344, "2009-03-31": "-40.58800", "2008-12-31": -167.717, "2008-09-30": 77.5, "2008-06-30": -258.327, "2008-03-31": "-211.90800", "2007-12-31": 241.743, "2007-09-30": -2825.495, "2007-06-30": 58.84, "2007-03-31": "22.90800", "2006-12-31": 60.121, "2006-09-30": -307.551, "2006-06-30": 17.765, "2006-03-31": "56.35600", "2005-12-31": 31.578, "2005-09-30": 23.608, "2005-06-30": -139.592, "2005-03-31": "-118.56500"}, "Total Common And Preferred Stock Dividends Paid": {"2020-12-31": 0, "2020-09-30": 0, "2020-06-30": 0, "2020-03-31": "", "2019-12-31": 0, "2019-09-30": 0, "2019-06-30": 0, "2019-03-31": "", "2018-12-31": 0, "2018-09-30": 0, "2018-06-30": 0, "2018-03-31": "", "2017-12-31": 0, "2017-09-30": 0, "2017-06-30": 0, "2017-03-31": "", "2016-12-31": 0, "2016-09-30": 0, "2016-06-30": 0, "2016-03-31": "", "2015-12-31": 0, "2015-09-30": 0, "2015-06-30": 0, "2015-03-31": "", "2014-12-31": 0, "2014-09-30": 0, "2014-06-30": 0, "2014-03-31": "", "2013-12-31": 0, "2013-09-30": 0, "2013-06-30": 0, "2013-03-31": "", "2012-12-31": 0, "2012-09-30": 0, "2012-06-30": 0, "2012-03-31": "", "2011-12-31": 0, "2011-09-30": 0, "2011-06-30": 0, "2011-03-31": "", "2010-12-31": 0, "2010-09-30": 0, "2010-06-30": 0, "2010-03-31": "", "2009-12-31": 0, "2009-09-30": 0, "2009-06-30": 0, "2009-03-31": "", "2008-12-31": 0, "2008-09-30": 0, "2008-06-30": 0, "2008-03-31": "", "2007-12-31": 0, "2007-09-30": 0, "2007-06-30": 0, "2007-03-31": "", "2006-12-31": 0, "2006-09-30": 0, "2006-06-30": 0, "2006-03-31": "", "2005-12-31": 0, "2005-09-30": 0, "2005-06-30": 0, "2005-03-31": ""}, "Financial Activities - Other": {"2020-12-31": -8.4, "2020-09-30": -70.3, "2020-06-30": 17.8, "2020-03-31": "4.50000", "2019-12-31": -40.2, "2019-09-30": 22.2, "2019-06-30": 17.2, "2019-03-31": "8.70000", "2018-12-31": -91.1, "2018-09-30": 20.7, "2018-06-30": -48.4, "2018-03-31": "2.60000", "2017-12-31": -161.1, "2017-09-30": -23.4, "2017-06-30": 23.1, "2017-03-31": "-292.30000", "2016-12-31": -79.3, "2016-09-30": 36.8, "2016-06-30": 6.1, "2016-03-31": "-5.00000", "2015-12-31": -83.1, "2015-09-30": -76, "2015-06-30": 29.6, "2015-03-31": "55.10000", "2014-12-31": 3.613, "2014-09-30": -20.856, "2014-06-30": 3.431, "2014-03-31": "92.51200", "2013-12-31": 0.828, "2013-09-30": 23.398, "2013-06-30": 14.392, "2013-03-31": "30.78200", "2012-12-31": -0.767, "2012-09-30": 9.773, "2012-06-30": 10.339, "2012-03-31": "22.82700", "2011-12-31": -35.134, "2011-09-30": -112.711, "2011-06-30": 18.467, "2011-03-31": "4.30000", "2010-12-31": 127.364, "2010-09-30": -7.902, "2010-06-30": 2.646, "2010-03-31": "5.13900", "2009-12-31": -22.561, "2009-09-30": -2.438, "2009-06-30": 0.518, "2009-03-31": "2.28200", "2008-12-31": 2.613, "2008-09-30": 8.976, "2008-06-30": 10.822, "2008-03-31": "7.62600", "2007-12-31": 1761.269, "2007-09-30": 21.56, "2007-06-30": 4.647, "2007-03-31": "5.19300", "2006-12-31": 37.083, "2006-09-30": 2.052, "2006-06-30": -4.954, "2006-03-31": "15.19500", "2005-12-31": 10.503, "2005-09-30": 0, "2005-06-30": 0, "2005-03-31": ""}, "Cash Flow From Financial Activities": {"2020-12-31": -401.1, "2020-09-30": -1312.9, "2020-06-30": -1313.4, "2020-03-31": "-2245.30000", "2019-12-31": -2116.4, "2019-09-30": -689, "2019-06-30": -2375.7, "2019-03-31": "-679.30000", "2018-12-31": -1437, "2018-09-30": 25.1, "2018-06-30": -2791.5, "2018-03-31": "-268.60000", "2017-12-31": -708.1, "2017-09-30": -19.5, "2017-06-30": -751, "2017-03-31": "-901.40000", "2016-12-31": -726.5, "2016-09-30": -305.3, "2016-06-30": -15.8, "2016-03-31": "-5.00000", "2015-12-31": -2201.7, "2015-09-30": 2907.6, "2015-06-30": -3.6, "2015-03-31": "80.80000", "2014-12-31": -513.292, "2014-09-30": -35.123, "2014-06-30": -322.36, "2014-03-31": "114.87500", "2013-12-31": 11.209, "2013-09-30": -318.522, "2013-06-30": -170.763, "2013-03-31": "-238.42400", "2012-12-31": -15.524, "2012-09-30": -28.25, "2012-06-30": -417.44, "2012-03-31": "-416.26400", "2011-12-31": -142.809, "2011-09-30": -99.128, "2011-06-30": 21.907, "2011-03-31": "-99.83200", "2010-12-31": 225.926, "2010-09-30": -461.259, "2010-06-30": -1026.126, "2010-03-31": "-523.46000", "2009-12-31": -666.757, "2009-09-30": 6.383, "2009-06-30": 3.151, "2009-03-31": "-66.92800", "2008-12-31": -331.792, "2008-09-30": 134.828, "2008-06-30": -250.129, "2008-03-31": "-787.53200", "2007-12-31": 495.532, "2007-09-30": -1317.684, "2007-06-30": 64.412, "2007-03-31": "24.40100", "2006-12-31": 68.568, "2006-09-30": -311.268, "2006-06-30": 10.634, "2006-03-31": "83.65600", "2005-12-31": 67.88, "2005-09-30": 19.291, "2005-06-30": -894.518, "2005-03-31": "-141.17600"}, "Net Cash Flow": {"2020-12-31": -893.6, "2020-09-30": -160.1, "2020-06-30": -206.4, "2020-03-31": "-322.40000", "2019-12-31": 569.8, "2019-09-30": 620.5, "2019-06-30": -519.8, "2019-03-31": "1018.60000", "2018-12-31": -1162.1, "2018-09-30": 1136.5, "2018-06-30": -2857.8, "2018-03-31": "2534.20000", "2017-12-31": 25.7, "2017-09-30": 378.5, "2017-06-30": 245.6, "2017-03-31": "-1402.50000", "2016-12-31": 241.7, "2016-09-30": 722.8, "2016-06-30": 231.3, "2016-03-31": "-177.30000", "2015-12-31": -2781, "2015-09-30": 2806.9, "2015-06-30": -196, "2015-03-31": "273.20000", "2014-12-31": 18.581, "2014-09-30": 323.084, "2014-06-30": 34.596, "2014-03-31": "226.03900", "2013-12-31": 174.81, "2013-09-30": 35.304, "2013-06-30": -270.795, "2013-03-31": "92.58100", "2012-12-31": 118.998, "2012-09-30": -5.088, "2012-06-30": 158.672, "2012-03-31": "-216.40300", "2011-12-31": -60.598, "2011-09-30": -122.386, "2011-06-30": -93.149, "2011-03-31": "31.07700", "2010-12-31": 132.841, "2010-09-30": -94.205, "2010-06-30": 81.403, "2010-03-31": "57.67000", "2009-12-31": -3.899, "2009-09-30": -201.016, "2009-06-30": 22.7, "2009-03-31": "141.71900", "2008-12-31": -388.316, "2008-09-30": 544.208, "2008-06-30": -222.006, "2008-03-31": "28.83700", "2007-12-31": 222.336, "2007-09-30": -1174.255, "2007-06-30": 830.641, "2007-03-31": "119.56300", "2006-12-31": 246.783, "2006-09-30": 69.49, "2006-06-30": -190.761, "2006-03-31": "-32.30300", "2005-12-31": 271.676, "2005-09-30": -341.908, "2005-06-30": 361.957, "2005-03-31": "66.99600"}, "Stock-Based Compensation": {"2020-12-31": 49, "2020-09-30": 33.5, "2020-06-30": 48.1, "2020-03-31": "67.70000", "2019-12-31": 38.4, "2019-09-30": 45.9, "2019-06-30": 52.3, "2019-03-31": "45.70000", "2018-12-31": 38.5, "2018-09-30": 37.3, "2018-06-30": 38.3, "2018-03-31": "43.40000", "2017-12-31": 30.6, "2017-09-30": 30.1, "2017-06-30": 30.3, "2017-03-31": "37.00000", "2016-12-31": 37, "2016-09-30": 33.7, "2016-06-30": 38.8, "2016-03-31": "45.30000", "2015-12-31": 29.9, "2015-09-30": 37.8, "2015-06-30": 41.6, "2015-03-31": "52.10000", "2014-12-31": 35.792, "2014-09-30": 35.652, "2014-06-30": 37.516, "2014-03-31": "46.34000", "2013-12-31": 31.449, "2013-09-30": 37.464, "2013-06-30": 30.63, "2013-03-31": "36.75700", "2012-12-31": 30.188, "2012-09-30": 27.911, "2012-06-30": 28.071, "2012-03-31": "32.39600", "2011-12-31": 26.38, "2011-09-30": 29.226, "2011-06-30": 24.28, "2011-03-31": "33.11900", "2010-12-31": 33.232, "2010-09-30": 39.224, "2010-06-30": 44.364, "2010-03-31": "51.00600", "2009-12-31": 41, "2009-09-30": 41.01, "2009-06-30": 41.003, "2009-03-31": "37.88900", "2008-12-31": 41.868, "2008-09-30": 36.692, "2008-06-30": 33.118, "2008-03-31": "34.52900", "2007-12-31": 31.92, "2007-09-30": 31.79, "2007-06-30": 29.859, "2007-03-31": "29.56000", "2006-12-31": 24.724, "2006-09-30": 36.434, "2006-06-30": 42.005, "2006-03-31": "23.62000", "2005-12-31": 18.68, "2005-09-30": 2.836, "2005-06-30": 8.778, "2005-03-31": "7.85100"}, "Common Stock Dividends Paid": {"2020-12-31": 0, "2020-09-30": 0, "2020-06-30": 0, "2020-03-31": "", "2019-12-31": 0, "2019-09-30": 0, "2019-06-30": 0, "2019-03-31": "", "2018-12-31": 0, "2018-09-30": 0, "2018-06-30": 0, "2018-03-31": "", "2017-12-31": 0, "2017-09-30": 0, "2017-06-30": 0, "2017-03-31": "", "2016-12-31": 0, "2016-09-30": 0, "2016-06-30": 0, "2016-03-31": "", "2015-12-31": 0, "2015-09-30": 0, "2015-06-30": 0, "2015-03-31": "", "2014-12-31": 0, "2014-09-30": 0, "2014-06-30": 0, "2014-03-31": "", "2013-12-31": 0, "2013-09-30": 0, "2013-06-30": 0, "2013-03-31": "", "2012-12-31": 0, "2012-09-30": 0, "2012-06-30": 0, "2012-03-31": "", "2011-12-31": 0, "2011-09-30": 0, "2011-06-30": 0, "2011-03-31": "", "2010-12-31": 0, "2010-09-30": 0, "2010-06-30": 0, "2010-03-31": "", "2009-12-31": 0, "2009-09-30": 0, "2009-06-30": 0, "2009-03-31": "", "2008-12-31": 0, "2008-09-30": 0, "2008-06-30": 0, "2008-03-31": "", "2007-12-31": 0, "2007-09-30": 0, "2007-06-30": 0, "2007-03-31": "", "2006-12-31": 0, "2006-09-30": 0, "2006-06-30": 0, "2006-03-31": "", "2005-12-31": 0, "2005-09-30": 0, "2005-06-30": 0, "2005-03-31": ""}}, "financial ratios": {"Current Ratio": {"2020-12-31": "1.84040", "2019-12-31": "1.72330", "2018-12-31": "2.31880", "2017-12-31": "2.33750", "2016-12-31": "2.55340", "2015-12-31": "2.59930", "2014-12-31": "2.04450", "2013-12-31": "1.81140", "2012-12-31": "1.95750", "2011-12-31": "3.25940", "2010-12-31": "2.41920", "2009-12-31": "3.46960", "2008-12-31": "2.66240", "2007-12-31": "1.08190", "2006-12-31": "2.93820", "2005-12-31": "2.73140"}, "Long-term Debt / Capital": {"2020-12-31": "0.41000", "2019-12-31": "0.25050", "2018-12-31": "0.31300", "2017-12-31": "0.32020", "2016-12-31": "0.34940", "2015-12-31": "0.41030", "2014-12-31": "0.05090", "2013-12-31": "0.06430", "2012-12-31": "0.08980", "2011-12-31": "0.14170", "2010-12-31": "0.16370", "2009-12-31": "0.14710", "2008-12-31": "0.15690", "2007-12-31": "0.00930", "2006-12-31": "0.01330", "2005-12-31": "0.00630"}, "Debt/Equity Ratio": {"2020-12-31": "0.69490", "2019-12-31": "0.44640", "2018-12-31": "0.45550", "2017-12-31": "0.47140", "2016-12-31": "0.53740", "2015-12-31": "0.69610", "2014-12-31": "0.05390", "2013-12-31": "0.06910", "2012-12-31": "0.16380", "2011-12-31": "0.16560", "2010-12-31": "0.22090", "2009-12-31": "0.17570", "2008-12-31": "0.19080", "2007-12-31": "0.28240", "2006-12-31": "0.01350", "2005-12-31": "0.00630"}, "Gross Margin": {"2020-12-31": "86.57300", "2019-12-31": "86.40000", "2018-12-31": "86.49880", "2017-12-31": "86.71980", "2016-12-31": "87.08420", "2015-12-31": "88.47620", "2014-12-31": "87.93200", "2013-12-31": "87.62730", "2012-12-31": "90.11150", "2011-12-31": "90.75430", "2010-12-31": "91.51350", "2009-12-31": "91.27090", "2008-12-31": "90.18940", "2007-12-31": "89.43150", "2006-12-31": "89.77350", "2005-12-31": "84.57730"}, "Operating Margin": {"2020-12-31": "33.84330", "2019-12-31": "48.98210", "2018-12-31": "43.77200", "2017-12-31": "43.55420", "2016-12-31": "44.99770", "2015-12-31": "45.43930", "2014-12-31": "40.93970", "2013-12-31": "36.28570", "2012-12-31": "33.64200", "2011-12-31": "34.16150", "2010-12-31": "26.47960", "2009-12-31": "29.59390", "2008-12-31": "29.61830", "2007-12-31": "24.58600", "2006-12-31": "16.40000", "2005-12-31": "9.74360"}, "EBIT Margin": {"2020-12-31": "33.84330", "2019-12-31": "48.98210", "2018-12-31": "43.77200", "2017-12-31": "43.55420", "2016-12-31": "44.99770", "2015-12-31": "45.43930", "2014-12-31": "40.93970", "2013-12-31": "36.28570", "2012-12-31": "33.64200", "2011-12-31": "34.16150", "2010-12-31": "26.47960", "2009-12-31": "29.59390", "2008-12-31": "29.61830", "2007-12-31": "24.58600", "2006-12-31": "16.40000", "2005-12-31": "9.74360"}, "EBITDA Margin": {"2020-12-31": "37.24400", "2019-12-31": "52.21420", "2018-12-31": "48.60740", "2017-12-31": "52.36150", "2016-12-31": "50.96080", "2015-12-31": "51.01730", "2014-12-31": "48.03110", "2013-12-31": "43.95580", "2012-12-31": "40.27030", "2011-12-31": "41.27110", "2010-12-31": "34.02220", "2009-12-31": "39.37060", "2008-12-31": "40.89490", "2007-12-31": "36.57650", "2006-12-31": "30.40910", "2005-12-31": "26.34670"}, "Pre-Tax Profit Margin": {"2020-12-31": "37.54300", "2019-12-31": "49.56150", "2018-12-31": "43.85370", "2017-12-31": "41.78620", "2016-12-31": "43.08750", "2015-12-31": "44.29010", "2014-12-31": "40.67280", "2013-12-31": "35.78370", "2012-12-31": "33.62850", "2011-12-31": "33.89460", "2010-12-31": "26.07710", "2009-12-31": "30.44490", "2008-12-31": "28.20940", "2007-12-31": "26.86860", "2006-12-31": "18.34340", "2005-12-31": "10.57570"}, "Net Profit Margin": {"2020-12-31": "29.75620", "2019-12-31": "40.95520", "2018-12-31": "32.93490", "2017-12-31": "20.68700", "2016-12-31": "32.34230", "2015-12-31": "32.95310", "2014-12-31": "30.24540", "2013-12-31": "26.86450", "2012-12-31": "25.01660", "2011-12-31": "24.45070", "2010-12-31": "21.31430", "2009-12-31": "22.16260", "2008-12-31": "19.11330", "2007-12-31": "20.12140", "2006-12-31": "8.10690", "2005-12-31": "6.63410"}, "Asset Turnover": {"2020-12-31": "0.54610", "2019-12-31": "0.52790", "2018-12-31": "0.53200", "2017-12-31": "0.51890", "2016-12-31": "0.50050", "2015-12-31": "0.55190", "2014-12-31": "0.67790", "2013-12-31": "0.58430", "2012-12-31": "0.54460", "2011-12-31": "0.55790", "2010-12-31": "0.58280", "2009-12-31": "0.51190", "2008-12-31": "0.48330", "2007-12-31": "0.36760", "2006-12-31": "0.31370", "2005-12-31": "0.28900"}, "Inventory Turnover Ratio": {"2020-12-31": "1.68930", "2019-12-31": "2.43150", "2018-12-31": "1.95320", "2017-12-31": "1.80570", "2016-12-31": "1.47630", "2015-12-31": "1.38840", "2014-12-31": "1.45650", "2013-12-31": "1.30150", "2012-12-31": "1.21930", "2011-12-31": "1.42810", "2010-12-31": "1.38470", "2009-12-31": "1.29990", "2008-12-31": "1.52500", "2007-12-31": "1.43250", "2006-12-31": "1.62260", "2005-12-31": "2.04370"}, "Receiveable Turnover": {"2020-12-31": "7.02510", "2019-12-31": "7.64580", "2018-12-31": "6.86900", "2017-12-31": "6.86840", "2016-12-31": "7.94170", "2015-12-31": "8.77250", "2014-12-31": "7.50800", "2013-12-31": "8.40870", "2012-12-31": "8.03160", "2011-12-31": "8.63600", "2010-12-31": "7.79150", "2009-12-31": "7.94140", "2008-12-31": "9.17360", "2007-12-31": "5.67040", "2006-12-31": "8.45450", "2005-12-31": "8.63600"}, "Days Sales In Receivables": {"2020-12-31": "51.95670", "2019-12-31": "47.73870", "2018-12-31": "53.13740", "2017-12-31": "53.14160", "2016-12-31": "45.95980", "2015-12-31": "41.60750", "2014-12-31": "48.61500", "2013-12-31": "43.40730", "2012-12-31": "45.44570", "2011-12-31": "42.26490", "2010-12-31": "46.84590", "2009-12-31": "45.96180", "2008-12-31": "39.78830", "2007-12-31": "64.36980", "2006-12-31": "43.17250", "2005-12-31": "42.26500"}, "ROE - Return On Equity": {"2020-12-31": "37.99800", "2019-12-31": "44.14470", "2018-12-31": "34.33190", "2017-12-31": "21.19450", "2016-12-31": "30.47100", "2015-12-31": "38.32790", "2014-12-31": "27.20180", "2013-12-31": "21.60350", "2012-12-31": "19.81730", "2011-12-31": "19.70890", "2010-12-31": "16.48930", "2009-12-31": "15.60330", "2008-12-31": "13.54330", "2007-12-31": "10.47550", "2006-12-31": "2.98940", "2005-12-31": "2.32720"}, "Return On Tangible Equity": {"2020-12-31": "220.71530", "2019-12-31": "145.25510", "2018-12-31": "106.39210", "2017-12-31": "65.34750", "2016-12-31": "79.46030", "2015-12-31": "136.83170", "2014-12-31": "58.53580", "2013-12-31": "63.92820", "2012-12-31": "33.40710", "2011-12-31": "34.49130", "2010-12-31": "35.51250", "2009-12-31": "30.04330", "2008-12-31": "31.17690", "2007-12-31": "30.43970", "2006-12-31": "6.58090", "2005-12-31": "5.74000"}, "ROA - Return On Assets": {"2020-12-31": "16.49340", "2019-12-31": "21.62160", "2018-12-31": "17.69160", "2017-12-31": "11.28880", "2016-12-31": "16.15480", "2015-12-31": "18.42210", "2014-12-31": "20.54950", "2013-12-31": "15.69880", "2012-12-31": "13.62310", "2011-12-31": "13.99710", "2010-12-31": "11.10380", "2009-12-31": "11.42520", "2008-12-31": "9.31840", "2007-12-31": "6.71870", "2006-12-31": "2.49900", "2005-12-31": "1.91740"}, "ROI - Return On Investment": {"2020-12-31": "22.41850", "2019-12-31": "33.08500", "2018-12-31": "23.58700", "2017-12-31": "14.40720", "2016-12-31": "19.82530", "2015-12-31": "22.60390", "2014-12-31": "25.81640", "2013-12-31": "20.21430", "2012-12-31": "18.03680", "2011-12-31": "16.91670", "2010-12-31": "13.79060", "2009-12-31": "13.30770", "2008-12-31": "11.41880", "2007-12-31": "10.37830", "2006-12-31": "2.94950", "2005-12-31": "2.31260"}, "Book Value Per Share": {"2020-12-31": "61.34390", "2019-12-31": "87.52690", "2018-12-31": "66.08320", "2017-12-31": "59.56550", "2016-12-31": "56.17690", "2015-12-31": "42.88610", "2014-12-31": "46.10260", "2013-12-31": "36.47770", "2012-12-31": "29.43500", "2011-12-31": "26.54520", "2010-12-31": "22.65520", "2009-12-31": "21.70540", "2008-12-31": "20.25350", "2007-12-31": "18.71600", "2006-12-31": "21.14230", "2005-12-31": "20.31370"}, "Operating Cash Flow Per Share": {"2020-12-31": -11.5495, "2019-12-31": 7.6329, "2018-12-31": 8.7736, "2017-12-31": 0.4009, "2016-12-31": 4.0129, "2015-12-31": 4.5489, "2014-12-31": 2.5625, "2013-12-31": 1.9996, "2012-12-31": 0.7903, "2011-12-31": 0.6765, "2010-12-31": 2.6613, "2009-12-31": -1.5834, "2008-12-31": 2.1148, "2007-12-31": 0.7454, "2006-12-31": -0.1331, "2005-12-31": 2.5696}, "Free Cash Flow Per Share": {"2020-12-31": -11.4376, "2019-12-31": 8.6409, "2018-12-31": 9.0924, "2017-12-31": -0.8556, "2016-12-31": 3.9782, "2015-12-31": 2.9812, "2014-12-31": 2.3827, "2013-12-31": 2.0278, "2012-12-31": 0.5775, "2011-12-31": 0.5065, "2010-12-31": 2.5546, "2009-12-31": -1.2202, "2008-12-31": 2.0146, "2007-12-31": 0.2695, "2006-12-31": -0.7518, "2005-12-31": 2.8289}}, "financial ratios, quarterly": {"Current Ratio": {"2020-12-31": "1.84040", "2020-09-30": "2.06180", "2020-06-30": "2.46400", "2020-03-31": "1.72620", "2019-12-31": "1.72330", "2019-09-30": "1.90610", "2019-06-30": "2.46340", "2019-03-31": "2.84010", "2018-12-31": "2.31880", "2018-09-30": "2.74620", "2018-06-30": "2.35760", "2018-03-31": "3.23450", "2017-12-31": "2.33750", "2017-09-30": "2.19460", "2017-06-30": "2.10340", "2017-03-31": "2.29230", "2016-12-31": "2.55340", "2016-09-30": "3.23710", "2016-06-30": "2.95990", "2016-03-31": "2.59360", "2015-12-31": "2.59930", "2015-09-30": "3.51970", "2015-06-30": "2.19850", "2015-03-31": "2.70210", "2014-12-31": "2.04450", "2014-09-30": "2.25290", "2014-06-30": "2.04790", "2014-03-31": "2.21110", "2013-12-31": "1.81140", "2013-09-30": "1.74070", "2013-06-30": "1.93490", "2013-03-31": "4.15780", "2012-12-31": "1.95750", "2012-09-30": "2.00870", "2012-06-30": "2.00220", "2012-03-31": "2.00250", "2011-12-31": "3.25940", "2011-09-30": "3.20470", "2011-06-30": "2.81730", "2011-03-31": "2.68510", "2010-12-31": "2.41920", "2010-09-30": "2.58480", "2010-06-30": "2.98450", "2010-03-31": "3.53060", "2009-12-31": "3.46960", "2009-09-30": "3.56580", "2009-06-30": "3.41360", "2009-03-31": "3.07100", "2008-12-31": "2.66240", "2008-09-30": "2.67690", "2008-06-30": "2.44060", "2008-03-31": "3.02680", "2007-12-31": "1.08190", "2007-09-30": "0.81480", "2007-06-30": "0.77750", "2007-03-31": "3.87920", "2006-12-31": "2.93820", "2006-09-30": "2.79820", "2006-06-30": "2.89960", "2006-03-31": "3.06390", "2005-12-31": "2.73140", "2005-09-30": "2.74660", "2005-06-30": "3.32250", "2005-03-31": "1.61470"}, "Long-term Debt / Capital": {"2020-12-31": "0.41000", "2020-09-30": "0.40870", "2020-06-30": "0.39670", "2020-03-31": "0.26240", "2019-12-31": "0.25050", "2019-09-30": "0.24160", "2019-06-30": "0.31480", "2019-03-31": "0.30070", "2018-12-31": "0.31300", "2018-09-30": "0.30120", "2018-06-30": "0.32610", "2018-03-31": "0.29700", "2017-12-31": "0.32020", "2017-09-30": "0.31610", "2017-06-30": "0.33970", "2017-03-31": "0.34170", "2016-12-31": "0.34940", "2016-09-30": "0.35020", "2016-06-30": "0.36440", "2016-03-31": "0.38760", "2015-12-31": "0.41030", "2015-09-30": "0.38190", "2015-06-30": "0.04380", "2015-03-31": "0.04740", "2014-12-31": "0.05090", "2014-09-30": "0.05300", "2014-06-30": "0.05770", "2014-03-31": "0.06070", "2013-12-31": "0.06430", "2013-09-30": "0.07880", "2013-06-30": "0.08420", "2013-03-31": "0.08840", "2012-12-31": "0.08980", "2012-09-30": "0.08990", "2012-06-30": "0.09280", "2012-03-31": "0.09030", "2011-12-31": "0.14170", "2011-09-30": "0.14540", "2011-06-30": "0.14930", "2011-03-31": "0.15810", "2010-12-31": "0.16370", "2010-09-30": "0.17410", "2010-06-30": "0.17030", "2010-03-31": "0.15320", "2009-12-31": "0.14710", "2009-09-30": "0.14130", "2009-06-30": "0.14810", "2009-03-31": "0.15250", "2008-12-31": "0.15690", "2008-09-30": "0.15310", "2008-06-30": "0.15820", "2008-03-31": "0.16080", "2007-12-31": "0.00930", "2007-09-30": "0.00990", "2007-06-30": "0.01100", "2007-03-31": "0.00700", "2006-12-31": "0.01330", "2006-09-30": "0.00650", "2006-06-30": "0.00630", "2006-03-31": "0.00610", "2005-12-31": "0.00630", "2005-09-30": "0.00630", "2005-06-30": "0.00620", "2005-03-31": "0.01380"}, "Debt/Equity Ratio": {"2020-12-31": "0.69490", "2020-09-30": "0.69110", "2020-06-30": "0.65760", "2020-03-31": "0.47550", "2019-12-31": "0.44640", "2019-09-30": "0.42550", "2019-06-30": "0.45940", "2019-03-31": "0.43000", "2018-12-31": "0.45550", "2018-09-30": "0.43100", "2018-06-30": "0.48380", "2018-03-31": "0.42260", "2017-12-31": "0.47140", "2017-09-30": "0.50680", "2017-06-30": "0.56280", "2017-03-31": "0.56810", "2016-12-31": "0.53740", "2016-09-30": "0.53940", "2016-06-30": "0.57380", "2016-03-31": "0.63330", "2015-12-31": "0.69610", "2015-09-30": "0.61840", "2015-06-30": "0.04610", "2015-03-31": "0.05000", "2014-12-31": "0.05390", "2014-09-30": "0.05630", "2014-06-30": "0.06160", "2014-03-31": "0.06500", "2013-12-31": "0.06910", "2013-09-30": "0.08590", "2013-06-30": "0.09230", "2013-03-31": "0.12470", "2012-12-31": "0.16380", "2012-09-30": "0.16690", "2012-06-30": "0.17460", "2012-03-31": "0.17110", "2011-12-31": "0.16560", "2011-09-30": "0.17070", "2011-06-30": "0.19730", "2011-03-31": "0.21150", "2010-12-31": "0.22090", "2010-09-30": "0.21300", "2010-06-30": "0.20720", "2010-03-31": "0.18410", "2009-12-31": "0.17570", "2009-09-30": "0.16690", "2009-06-30": "0.17620", "2009-03-31": "0.18430", "2008-12-31": "0.19080", "2008-09-30": "0.18250", "2008-06-30": "0.19000", "2008-03-31": "0.19400", "2007-12-31": "0.28240", "2007-09-30": "0.31250", "2007-06-30": "0.01360", "2007-03-31": "0.00830", "2006-12-31": "0.01350", "2006-09-30": "0.00650", "2006-06-30": "0.00640", "2006-03-31": "0.00620", "2005-12-31": "0.00630", "2005-09-30": "0.00630", "2005-06-30": "0.00630", "2005-03-31": "0.12480"}, "Gross Margin": {"2020-12-31": "82.79810", "2020-09-30": "86.69770", "2020-06-30": "88.83370", "2020-03-31": "87.14600", "2019-12-31": "87.82180", "2019-09-30": "88.05590", "2019-06-30": "86.83050", "2019-03-31": "82.74970", "2018-12-31": "86.14700", "2018-09-30": "86.60080", "2018-06-30": "87.45720", "2018-03-31": "85.75580", "2017-12-31": "84.60240", "2017-09-30": "87.97840", "2017-06-30": "88.10420", "2017-03-31": "86.31660", "2016-12-31": "86.82100", "2016-09-30": "85.89550", "2016-06-30": "87.20540", "2016-03-31": "88.52140", "2015-12-31": "88.31050", "2015-09-30": "88.84050", "2015-06-30": "88.96050", "2015-03-31": "87.77300", "2014-12-31": "88.74410", "2014-09-30": "87.94960", "2014-06-30": "87.94580", "2014-03-31": "86.88840", "2013-12-31": "86.84910", "2013-09-30": "87.15950", "2013-06-30": "86.61260", "2013-03-31": "90.54840", "2012-12-31": "90.56190", "2012-09-30": "89.94210", "2012-06-30": "90.20990", "2012-03-31": "89.69070", "2011-12-31": "89.47500", "2011-09-30": "90.57000", "2011-06-30": "91.68470", "2011-03-31": "91.43110", "2010-12-31": "91.77210", "2010-09-30": "91.84230", "2010-06-30": "91.17800", "2010-03-31": "91.24730", "2009-12-31": "91.15400", "2009-09-30": "91.65690", "2009-06-30": "91.70200", "2009-03-31": "90.52600", "2008-12-31": "90.53610", "2008-09-30": "90.16500", "2008-06-30": "90.69890", "2008-03-31": "89.28730", "2007-12-31": "90.19750", "2007-09-30": "89.65920", "2007-06-30": "89.12760", "2007-03-31": "88.55300", "2006-12-31": "91.23250", "2006-09-30": "90.50570", "2006-06-30": "88.18360", "2006-03-31": "88.95670", "2005-12-31": "82.08890", "2005-09-30": "84.97830", "2005-06-30": "88.26140", "2005-03-31": "83.05400"}, "Operating Margin": {"2020-12-31": "-11.59290", "2020-09-30": "32.17910", "2020-06-30": "53.63160", "2020-03-31": "51.49250", "2019-12-31": "48.42150", "2019-09-30": "50.17360", "2019-06-30": "54.07970", "2019-03-31": "43.05980", "2018-12-31": "40.92390", "2018-09-30": "49.36320", "2018-06-30": "36.14480", "2018-03-31": "49.01470", "2017-12-31": "44.33630", "2017-09-30": "53.73640", "2017-06-30": "39.01380", "2017-03-31": "36.45710", "2016-12-31": "30.90180", "2016-09-30": "48.22050", "2016-06-30": "50.46300", "2016-03-31": "50.55010", "2015-12-31": "41.13690", "2015-09-30": "49.38620", "2015-06-30": "47.58060", "2015-03-31": "43.75730", "2014-12-31": "43.92290", "2014-09-30": "45.89300", "2014-06-30": "40.83190", "2014-03-31": "31.52240", "2013-12-31": "33.46220", "2013-09-30": "37.45150", "2013-06-30": "38.44140", "2013-03-31": "36.07710", "2012-12-31": "31.41920", "2012-09-30": "38.63080", "2012-06-30": "35.59050", "2012-03-31": "28.58870", "2011-12-31": "30.83580", "2011-09-30": "37.29140", "2011-06-30": "33.98950", "2011-03-31": "34.59390", "2010-12-31": "29.13570", "2010-09-30": "16.51100", "2010-06-30": "32.64450", "2010-03-31": "27.38750", "2009-12-31": "34.01580", "2009-09-30": "34.28570", "2009-06-30": "20.38930", "2009-03-31": "29.42240", "2008-12-31": "30.40100", "2008-09-30": "31.64330", "2008-06-30": "29.87560", "2008-03-31": "26.10990", "2007-12-31": "29.37760", "2007-09-30": "16.37160", "2007-06-30": "26.70030", "2007-03-31": "25.37920", "2006-12-31": "27.06580", "2006-09-30": "28.04980", "2006-06-30": "-18.48600", "2006-03-31": "28.30430", "2005-12-31": "14.74270", "2005-09-30": "3.54990", "2005-06-30": "7.64500", "2005-03-31": "12.80600"}, "EBIT Margin": {"2020-12-31": "-11.59300", "2020-09-30": "32.17910", "2020-06-30": "53.63160", "2020-03-31": "51.49250", "2019-12-31": "48.42150", "2019-09-30": "50.17360", "2019-06-30": "54.07970", "2019-03-31": "43.05980", "2018-12-31": "40.92390", "2018-09-30": "49.36320", "2018-06-30": "36.14480", "2018-03-31": "49.01470", "2017-12-31": "44.33630", "2017-09-30": "53.73640", "2017-06-30": "39.01380", "2017-03-31": "36.45710", "2016-12-31": "30.90180", "2016-09-30": "48.22050", "2016-06-30": "50.46300", "2016-03-31": "50.55010", "2015-12-31": "41.13690", "2015-09-30": "49.38620", "2015-06-30": "47.58060", "2015-03-31": "43.75730", "2014-12-31": "43.92290", "2014-09-30": "45.89300", "2014-06-30": "40.83190", "2014-03-31": "31.52240", "2013-12-31": "33.46220", "2013-09-30": "37.45150", "2013-06-30": "38.44140", "2013-03-31": "36.07710", "2012-12-31": "31.41920", "2012-09-30": "38.63080", "2012-06-30": "35.59050", "2012-03-31": "28.58870", "2011-12-31": "30.83580", "2011-09-30": "37.29140", "2011-06-30": "33.98950", "2011-03-31": "34.59390", "2010-12-31": "29.13570", "2010-09-30": "16.51100", "2010-06-30": "32.64450", "2010-03-31": "27.38750", "2009-12-31": "34.01580", "2009-09-30": "34.28570", "2009-06-30": "20.38930", "2009-03-31": "29.42240", "2008-12-31": "30.40100", "2008-09-30": "31.64330", "2008-06-30": "29.87560", "2008-03-31": "26.10990", "2007-12-31": "29.37760", "2007-09-30": "16.37160", "2007-06-30": "26.70030", "2007-03-31": "25.37920", "2006-12-31": "27.06580", "2006-09-30": "28.04980", "2006-06-30": "-18.48600", "2006-03-31": "28.30430", "2005-12-31": "14.74270", "2005-09-30": "3.54990", "2005-06-30": "7.64500", "2005-03-31": "12.80600"}, "EBITDA Margin": {"2020-12-31": "", "2020-09-30": "", "2020-06-30": "", "2020-03-31": "", "2019-12-31": "", "2019-09-30": "", "2019-06-30": "", "2019-03-31": "", "2018-12-31": "", "2018-09-30": "", "2018-06-30": "", "2018-03-31": "", "2017-12-31": "", "2017-09-30": "", "2017-06-30": "", "2017-03-31": "", "2016-12-31": "", "2016-09-30": "", "2016-06-30": "", "2016-03-31": "", "2015-12-31": "", "2015-09-30": "", "2015-06-30": "", "2015-03-31": "", "2014-12-31": "", "2014-09-30": "", "2014-06-30": "", "2014-03-31": "", "2013-12-31": "", "2013-09-30": "", "2013-06-30": "", "2013-03-31": "", "2012-12-31": "", "2012-09-30": "", "2012-06-30": "", "2012-03-31": "", "2011-12-31": "", "2011-09-30": "", "2011-06-30": "", "2011-03-31": "", "2010-12-31": "", "2010-09-30": "", "2010-06-30": "", "2010-03-31": "", "2009-12-31": "", "2009-09-30": "", "2009-06-30": "", "2009-03-31": "", "2008-12-31": "", "2008-09-30": "", "2008-06-30": "", "2008-03-31": "", "2007-12-31": "", "2007-09-30": "", "2007-06-30": "", "2007-03-31": "", "2006-12-31": "", "2006-09-30": "", "2006-06-30": "", "2006-03-31": "", "2005-12-31": "", "2005-09-30": "", "2005-06-30": "", "2005-03-31": ""}, "Pre-Tax Profit Margin": {"2020-12-31": "12.36770", "2020-09-30": "28.37000", "2020-06-30": "55.34280", "2020-03-31": "48.08310", "2019-12-31": "47.07870", "2019-09-30": "49.41530", "2019-06-30": "48.62170", "2019-03-31": "53.29820", "2018-12-31": "40.11290", "2018-09-30": "52.71010", "2018-06-30": "35.11690", "2018-03-31": "47.70530", "2017-12-31": "42.32840", "2017-09-30": "52.30680", "2017-06-30": "36.78540", "2017-03-31": "35.10510", "2016-12-31": "29.18520", "2016-09-30": "46.25480", "2016-06-30": "48.44170", "2016-03-31": "48.61380", "2015-12-31": "38.24180", "2015-09-30": "48.82830", "2015-06-30": "47.16010", "2015-03-31": "43.16630", "2014-12-31": "43.58700", "2014-09-30": "45.24440", "2014-06-30": "41.03270", "2014-03-31": "31.25940", "2013-12-31": "33.19390", "2013-09-30": "37.19760", "2013-06-30": "37.83630", "2013-03-31": "35.05540", "2012-12-31": "30.41140", "2012-09-30": "38.30250", "2012-06-30": "35.79810", "2012-03-31": "29.76080", "2011-12-31": "30.53640", "2011-09-30": "36.70160", "2011-06-30": "33.01920", "2011-03-31": "35.42090", "2010-12-31": "28.75310", "2010-09-30": "15.92040", "2010-06-30": "32.72790", "2010-03-31": "26.63120", "2009-12-31": "34.58060", "2009-09-30": "35.12110", "2009-06-30": "21.73200", "2009-03-31": "30.08290", "2008-12-31": "27.30650", "2008-09-30": "29.47370", "2008-06-30": "29.47110", "2008-03-31": "26.43680", "2007-12-31": "26.48990", "2007-09-30": "22.06120", "2007-06-30": "30.78550", "2007-03-31": "28.41060", "2006-12-31": "25.56270", "2006-09-30": "31.22240", "2006-06-30": "-15.18220", "2006-03-31": "31.35830", "2005-12-31": "16.61330", "2005-09-30": "5.42710", "2005-06-30": "8.64420", "2005-03-31": "11.28750"}, "Net Profit Margin": {"2020-12-31": "12.54650", "2020-09-30": "20.77840", "2020-06-30": "41.88670", "2020-03-31": "39.58630", "2019-12-31": "39.21500", "2019-09-30": "42.94050", "2019-06-30": "41.31110", "2019-03-31": "40.36910", "2018-12-31": "26.84970", "2018-09-30": "42.00060", "2018-06-30": "25.81860", "2018-03-31": "37.45970", "2017-12-31": "-8.99300", "2017-09-30": "39.83690", "2017-06-30": "28.02760", "2017-03-31": "26.59840", "2016-12-31": "22.60450", "2016-09-30": "34.94490", "2016-06-30": "36.27250", "2016-03-31": "35.60580", "2015-12-31": "29.28890", "2015-09-30": "34.76010", "2015-06-30": "35.78100", "2015-03-31": "32.19180", "2014-12-31": "33.45690", "2014-09-30": "34.11810", "2014-06-30": "29.50730", "2014-03-31": "22.53580", "2013-12-31": "23.26040", "2013-09-30": "26.67810", "2013-06-30": "28.46980", "2013-03-31": "30.15690", "2012-12-31": "20.60210", "2012-09-30": "28.75380", "2012-06-30": "27.22440", "2012-03-31": "23.42550", "2011-12-31": "22.63020", "2011-09-30": "26.85830", "2011-06-30": "23.83110", "2011-03-31": "24.45950", "2010-12-31": "19.70990", "2010-09-30": "21.61230", "2010-06-30": "24.19700", "2010-03-31": "19.60950", "2009-12-31": "27.11820", "2009-09-30": "24.77990", "2009-06-30": "13.06560", "2009-03-31": "23.53990", "2008-12-31": "19.33310", "2008-09-30": "18.91990", "2008-06-30": "20.79920", "2008-03-31": "17.31050", "2007-12-31": "22.51760", "2007-09-30": "15.12620", "2007-06-30": "24.07470", "2007-03-31": "18.36840", "2006-12-31": "15.32540", "2006-09-30": "22.26020", "2006-06-30": "-25.84890", "2006-03-31": "20.12010", "2005-12-31": "8.77990", "2005-09-30": "4.55960", "2005-06-30": "5.69720", "2005-03-31": "7.39330"}, "Asset Turnover": {"2020-12-31": "0.11590", "2020-09-30": "0.13540", "2020-06-30": "0.14430", "2020-03-31": "0.13530", "2019-12-31": "0.13480", "2019-09-30": "0.13100", "2019-06-30": "0.13760", "2019-03-31": "0.13200", "2018-12-31": "0.13940", "2018-09-30": "0.13490", "2018-06-30": "0.14010", "2018-03-31": "0.12000", "2017-12-31": "0.13980", "2017-09-30": "0.13340", "2017-06-30": "0.14150", "2017-03-31": "0.13260", "2016-12-31": "0.12550", "2016-09-30": "0.13370", "2016-06-30": "0.13450", "2016-03-31": "0.13190", "2015-12-31": "0.14560", "2015-09-30": "0.13400", "2015-06-30": "0.15460", "2015-03-31": "0.16790", "2014-12-31": "0.18450", "2014-09-30": "0.18330", "2014-06-30": "0.18740", "2014-03-31": "0.17410", "2013-12-31": "0.16570", "2013-09-30": "0.16250", "2013-06-30": "0.15900", "2013-03-31": "0.13920", "2012-12-31": "0.14000", "2012-09-30": "0.14390", "2012-06-30": "0.15510", "2012-03-31": "0.14180", "2011-12-31": "0.14660", "2011-09-30": "0.14880", "2011-06-30": "0.14020", "2011-03-31": "0.14510", "2010-12-31": "0.15060", "2010-09-30": "0.15900", "2010-06-30": "0.16160", "2010-03-31": "0.13490", "2009-12-31": "0.13180", "2009-09-30": "0.12410", "2009-06-30": "0.12460", "2009-03-31": "0.12090", "2008-12-31": "0.12610", "2008-09-30": "0.12810", "2008-06-30": "0.12160", "2008-03-31": "0.11530", "2007-12-31": "0.10350", "2007-09-30": "0.10100", "2007-06-30": "0.08650", "2007-03-31": "0.08220", "2006-12-31": "0.08280", "2006-09-30": "0.08590", "2006-06-30": "0.07910", "2006-03-31": "0.07170", "2005-12-31": "0.07550", "2005-09-30": "0.07170", "2005-06-30": "0.07320", "2005-03-31": "0.06490"}, "Inventory Turnover Ratio": {"2020-12-31": "0.45920", "2020-09-30": "0.43700", "2020-06-30": "0.43150", "2020-03-31": "0.52900", "2019-12-31": "0.55600", "2019-09-30": "0.57200", "2019-06-30": "0.61320", "2019-03-31": "0.78160", "2018-12-31": "0.52530", "2018-09-30": "0.50270", "2018-06-30": "0.45190", "2018-03-31": "0.49190", "2017-12-31": "0.56410", "2017-09-30": "0.36740", "2017-06-30": "0.39100", "2017-03-31": "0.41730", "2016-12-31": "0.37790", "2016-09-30": "0.41290", "2016-06-30": "0.37160", "2016-03-31": "0.32450", "2015-12-31": "0.37150", "2015-09-30": "0.33740", "2015-06-30": "0.33050", "2015-03-31": "0.37850", "2014-12-31": "0.36970", "2014-09-30": "0.40190", "2014-06-30": "0.40770", "2014-03-31": "0.41510", "2013-12-31": "0.39230", "2013-09-30": "0.38190", "2013-06-30": "0.40450", "2013-03-31": "0.26400", "2012-12-31": "0.29910", "2012-09-30": "0.35470", "2012-06-30": "0.38330", "2012-03-31": "0.39450", "2011-12-31": "0.42720", "2011-09-30": "0.39730", "2011-06-30": "0.32600", "2011-03-31": "0.34920", "2010-12-31": "0.34700", "2010-09-30": "0.35620", "2010-06-30": "0.39940", "2010-03-31": "0.34660", "2009-12-31": "0.33920", "2009-09-30": "0.33550", "2009-06-30": "0.33780", "2009-03-31": "0.36630", "2008-12-31": "0.38380", "2008-09-30": "0.43020", "2008-06-30": "0.36230", "2008-03-31": "0.42560", "2007-12-31": "0.37420", "2007-09-30": "0.36620", "2007-06-30": "0.40430", "2007-03-31": "0.44010", "2006-12-31": "0.36730", "2006-09-30": "0.43060", "2006-06-30": "0.53050", "2006-03-31": "0.35330", "2005-12-31": "0.62000", "2005-09-30": "0.39370", "2005-06-30": "0.29190", "2005-03-31": "0.42100"}, "Receiveable Turnover": {"2020-12-31": "1.49050", "2020-09-30": "1.66730", "2020-06-30": "1.72550", "2020-03-31": "1.68900", "2019-12-31": "1.95230", "2019-09-30": "1.86200", "2019-06-30": "1.84560", "2019-03-31": "1.67060", "2018-12-31": "1.80050", "2018-09-30": "1.70480", "2018-06-30": "1.72040", "2018-03-31": "1.61460", "2017-12-31": "1.85060", "2017-09-30": "1.96350", "2017-06-30": "1.88840", "2017-03-31": "1.87190", "2016-12-31": "1.99220", "2016-09-30": "2.01380", "2016-06-30": "2.23840", "2016-03-31": "1.95460", "2015-12-31": "2.31400", "2015-09-30": "2.09210", "2015-06-30": "1.97710", "2015-03-31": "1.83810", "2014-12-31": "2.04320", "2014-09-30": "2.30150", "2014-06-30": "2.41580", "2014-03-31": "2.09110", "2013-12-31": "2.38460", "2013-09-30": "2.05050", "2013-06-30": "2.00060", "2013-03-31": "1.87780", "2012-12-31": "2.06440", "2012-09-30": "2.09450", "2012-06-30": "2.07790", "2012-03-31": "1.88820", "2011-12-31": "2.26940", "2011-09-30": "2.25440", "2011-06-30": "1.81220", "2011-03-31": "1.75000", "2010-12-31": "2.01390", "2010-09-30": "1.90660", "2010-06-30": "2.20940", "2010-03-31": "1.97740", "2009-12-31": "2.04470", "2009-09-30": "2.03360", "2009-06-30": "2.13830", "2009-03-31": "2.15390", "2008-12-31": "2.39310", "2008-09-30": "2.25520", "2008-06-30": "2.05770", "2008-03-31": "2.08690", "2007-12-31": "1.59710", "2007-09-30": "2.08350", "2007-06-30": "2.15060", "2007-03-31": "2.20570", "2006-12-31": "2.23200", "2006-09-30": "2.49010", "2006-06-30": "2.31660", "2006-03-31": "2.21090", "2005-12-31": "2.25610", "2005-09-30": "2.27970", "2005-06-30": "2.38430", "2005-03-31": "2.13740"}, "Days Sales In Receivables": {"2020-12-31": "60.38070", "2020-09-30": "53.97970", "2020-06-30": "52.15780", "2020-03-31": "53.28750", "2019-12-31": "46.09950", "2019-09-30": "48.33620", "2019-06-30": "48.76380", "2019-03-31": "53.87160", "2018-12-31": "49.98580", "2018-09-30": "52.79350", "2018-06-30": "52.31340", "2018-03-31": "55.74020", "2017-12-31": "48.63320", "2017-09-30": "45.83630", "2017-06-30": "47.66050", "2017-03-31": "48.07880", "2016-12-31": "45.17550", "2016-09-30": "44.69250", "2016-06-30": "40.20800", "2016-03-31": "46.04630", "2015-12-31": "38.89340", "2015-09-30": "43.01820", "2015-06-30": "45.52160", "2015-03-31": "48.96260", "2014-12-31": "44.04820", "2014-09-30": "39.10530", "2014-06-30": "37.25430", "2014-03-31": "43.03970", "2013-12-31": "37.74270", "2013-09-30": "43.89240", "2013-06-30": "44.98540", "2013-03-31": "47.92960", "2012-12-31": "43.59580", "2012-09-30": "42.96960", "2012-06-30": "43.31300", "2012-03-31": "47.66340", "2011-12-31": "39.65770", "2011-09-30": "39.92160", "2011-06-30": "49.66410", "2011-03-31": "51.42750", "2010-12-31": "44.68940", "2010-09-30": "47.20470", "2010-06-30": "40.73580", "2010-03-31": "45.51520", "2009-12-31": "44.01620", "2009-09-30": "44.25590", "2009-06-30": "42.08930", "2009-03-31": "41.78480", "2008-12-31": "37.60820", "2008-09-30": "39.90730", "2008-06-30": "43.73850", "2008-03-31": "43.12650", "2007-12-31": "56.35270", "2007-09-30": "43.19730", "2007-06-30": "41.84900", "2007-03-31": "40.80290", "2006-12-31": "40.32210", "2006-09-30": "36.14360", "2006-06-30": "38.84920", "2006-03-31": "40.70800", "2005-12-31": "39.89250", "2005-09-30": "39.47960", "2005-06-30": "37.74770", "2005-03-31": "42.10820"}, "ROE - Return On Equity": {"2020-12-31": "3.34550", "2020-09-30": "6.55130", "2020-06-30": "14.23040", "2020-03-31": "11.10800", "2019-12-31": "10.79310", "2019-09-30": "11.04860", "2019-06-30": "11.53850", "2019-03-31": "10.19250", "2018-12-31": "7.25080", "2018-09-30": "10.48630", "2018-06-30": "7.46710", "2018-03-31": "8.34340", "2017-12-31": "-1.32000", "2017-09-30": "9.54250", "2017-06-30": "7.45490", "2017-03-31": "6.51850", "2016-12-31": "5.34190", "2016-09-30": "8.50360", "2016-06-30": "9.19350", "2016-03-31": "9.38410", "2015-12-31": "8.83960", "2015-09-30": "9.64800", "2015-06-30": "7.35540", "2015-03-31": "7.02860", "2014-12-31": "8.16180", "2014-09-30": "8.20750", "2014-06-30": "7.56000", "2014-03-31": "5.24810", "2013-12-31": "5.30530", "2013-09-30": "6.00090", "2013-06-30": "6.20930", "2013-03-31": "5.81430", "2012-12-31": "4.19490", "2012-09-30": "5.98020", "2012-06-30": "6.17380", "2012-03-31": "4.79300", "2011-12-31": "4.67110", "2011-09-30": "5.67350", "2011-06-30": "5.02050", "2011-03-31": "5.44150", "2010-12-31": "4.98680", "2010-09-30": "2.21250", "2010-06-30": "5.65410", "2010-03-31": "3.69700", "2009-12-31": "4.88660", "2009-09-30": "4.23780", "2009-06-30": "2.31980", "2009-03-31": "4.09580", "2008-12-31": "3.57270", "2008-09-30": "3.60230", "2008-06-30": "3.76740", "2008-03-31": "2.99690", "2007-12-31": "2.57890", "2007-09-30": "2.39110", "2007-06-30": "4.01450", "2007-03-31": "1.78980", "2006-12-31": "1.51830", "2006-09-30": "2.27120", "2006-06-30": "-2.43430", "2006-03-31": "1.66870", "2005-12-31": "0.80460", "2005-09-30": "0.39990", "2005-06-30": "0.51150", "2005-03-31": "0.64090"}, "Return On Tangible Equity": {"2020-12-31": "19.43250", "2020-09-30": "42.27120", "2020-06-30": "74.56830", "2020-03-31": "41.71960", "2019-12-31": "35.51390", "2019-09-30": "31.85260", "2019-06-30": "42.46650", "2019-03-31": "27.48290", "2018-12-31": "22.46980", "2018-09-30": "29.20440", "2018-06-30": "26.73800", "2018-03-31": "21.95230", "2017-12-31": "-4.07000", "2017-09-30": "26.07610", "2017-06-30": "23.62610", "2017-03-31": "19.92380", "2016-12-31": "13.93030", "2016-09-30": "21.35040", "2016-06-30": "24.55840", "2016-03-31": "28.52270", "2015-12-31": "31.55750", "2015-09-30": "25.63590", "2015-06-30": "15.10160", "2015-03-31": "15.00420", "2014-12-31": "17.56350", "2014-09-30": "17.98600", "2014-06-30": "18.30240", "2014-03-31": "13.53730", "2013-12-31": "15.69940", "2013-09-30": "20.88500", "2013-06-30": "24.38060", "2013-03-31": "9.38450", "2012-12-31": "7.07160", "2012-09-30": "10.55090", "2012-06-30": "11.59170", "2012-03-31": "9.07660", "2011-12-31": "8.17460", "2011-09-30": "10.31640", "2011-06-30": "9.41030", "2011-03-31": "11.04260", "2010-12-31": "10.73990", "2010-09-30": "5.06170", "2010-06-30": "12.79000", "2010-03-31": "7.35800", "2009-12-31": "9.40890", "2009-09-30": "7.91610", "2009-06-30": "4.63100", "2009-03-31": "8.77560", "2008-12-31": "8.22430", "2008-09-30": "8.73050", "2008-06-30": "10.22080", "2008-03-31": "8.41120", "2007-12-31": "7.49370", "2007-09-30": "9.23090", "2007-06-30": "21.29940", "2007-03-31": "3.73230", "2006-12-31": "3.34250", "2006-09-30": "5.31700", "2006-06-30": "-5.69480", "2006-03-31": "3.83550", "2005-12-31": "1.98450", "2005-09-30": "1.04980", "2005-06-30": "1.40520", "2005-03-31": "1.80090"}, "ROA - Return On Assets": {"2020-12-31": "1.45210", "2020-09-30": "2.82300", "2020-06-30": "6.29710", "2020-03-31": "5.33170", "2019-12-31": "5.28630", "2019-09-30": "5.62470", "2019-06-30": "5.68370", "2019-03-31": "5.32720", "2018-12-31": "3.73640", "2018-09-30": "5.66020", "2018-06-30": "3.82000", "2018-03-31": "4.48910", "2017-12-31": "-0.70310", "2017-09-30": "5.31400", "2017-06-30": "3.96530", "2017-03-31": "3.52660", "2016-12-31": "2.83210", "2016-09-30": "4.66050", "2016-06-30": "4.87290", "2016-03-31": "4.68790", "2015-12-31": "4.24870", "2015-09-30": "4.91840", "2015-06-30": "5.51820", "2015-03-31": "5.38920", "2014-12-31": "6.16580", "2014-09-30": "6.24720", "2014-06-30": "5.59790", "2014-03-31": "3.92250", "2013-12-31": "3.85530", "2013-09-30": "4.33430", "2013-06-30": "4.52580", "2013-03-31": "4.19830", "2012-12-31": "2.88370", "2012-09-30": "4.13680", "2012-06-30": "4.22530", "2012-03-31": "3.31780", "2011-12-31": "3.31740", "2011-09-30": "4.01790", "2011-06-30": "3.52640", "2011-03-31": "3.72300", "2010-12-31": "3.35810", "2010-09-30": "1.51710", "2010-06-30": "3.92750", "2010-03-31": "2.67720", "2009-12-31": "3.57810", "2009-09-30": "3.09760", "2009-06-30": "1.65070", "2009-03-31": "2.87550", "2008-12-31": "2.45820", "2008-09-30": "2.43460", "2008-06-30": "2.54590", "2008-03-31": "2.02930", "2007-12-31": "1.65400", "2007-09-30": "1.52730", "2007-06-30": "2.08310", "2007-03-31": "1.50980", "2006-12-31": "1.26920", "2006-09-30": "1.91290", "2006-06-30": "-2.04570", "2006-03-31": "1.39830", "2005-12-31": "0.66290", "2005-09-30": "0.32700", "2005-06-30": "0.41730", "2005-03-31": "0.47950"}, "ROI - Return On Investment": {"2020-12-31": "1.97380", "2020-09-30": "3.87410", "2020-06-30": "8.58490", "2020-03-31": "8.19330", "2019-12-31": "8.08910", "2019-09-30": "8.37890", "2019-06-30": "7.90640", "2019-03-31": "7.12770", "2018-12-31": "4.98150", "2018-09-30": "7.32780", "2018-06-30": "5.03240", "2018-03-31": "5.86570", "2017-12-31": "-0.89730", "2017-09-30": "6.52630", "2017-06-30": "4.92250", "2017-03-31": "4.29100", "2016-12-31": "3.47560", "2016-09-30": "5.52550", "2016-06-30": "5.84330", "2016-03-31": "5.74730", "2015-12-31": "5.21310", "2015-09-30": "5.96330", "2015-06-30": "7.03310", "2015-03-31": "6.69540", "2014-12-31": "7.74620", "2014-09-30": "7.77240", "2014-06-30": "7.12350", "2014-03-31": "4.92930", "2013-12-31": "4.96420", "2013-09-30": "5.52820", "2013-06-30": "5.68660", "2013-03-31": "5.30030", "2012-12-31": "3.81800", "2012-09-30": "5.44230", "2012-06-30": "5.60080", "2012-03-31": "4.36030", "2011-12-31": "4.00930", "2011-09-30": "4.84850", "2011-06-30": "4.27080", "2011-03-31": "4.58120", "2010-12-31": "4.17060", "2010-09-30": "1.82730", "2010-06-30": "4.69110", "2010-03-31": "3.13080", "2009-12-31": "4.16770", "2009-09-30": "3.63890", "2009-06-30": "1.97620", "2009-03-31": "3.47140", "2008-12-31": "3.01220", "2008-09-30": "3.05100", "2008-06-30": "3.17140", "2008-03-31": "2.51480", "2007-12-31": "2.55490", "2007-09-30": "2.36740", "2007-06-30": "3.97050", "2007-03-31": "1.77720", "2006-12-31": "1.49810", "2006-09-30": "2.25650", "2006-06-30": "-2.41900", "2006-03-31": "1.65850", "2005-12-31": "0.79960", "2005-09-30": "0.39740", "2005-06-30": "0.50830", "2005-03-31": "0.63210"}, "Book Value Per Share": {"2020-12-31": "61.34390", "2020-09-30": "69.81480", "2020-06-30": "71.31520", "2020-03-31": "74.71340", "2019-12-31": "87.52690", "2019-09-30": "76.92030", "2019-06-30": "70.20340", "2019-03-31": "71.28670", "2018-12-31": "66.08320", "2018-09-30": "68.29300", "2018-06-30": "60.82960", "2018-03-31": "66.52590", "2017-12-31": "59.56550", "2017-09-30": "60.75790", "2017-06-30": "54.73940", "2017-03-31": "54.06220", "2016-12-31": "56.17690", "2016-09-30": "55.68130", "2016-06-30": "52.04290", "2016-03-31": "47.14910", "2015-12-31": "42.88610", "2015-09-30": "47.40600", "2015-06-30": "53.46370", "2015-03-31": "49.60870", "2014-12-31": "46.10260", "2014-09-30": "44.16970", "2014-06-30": "40.50570", "2014-03-31": "38.53740", "2013-12-31": "36.47770", "2013-09-30": "34.39980", "2013-06-30": "33.24810", "2013-03-31": "30.92000", "2012-12-31": "29.43500", "2012-09-30": "28.15730", "2012-06-30": "26.53170", "2012-03-31": "26.33360", "2011-12-31": "26.54520", "2011-09-30": "25.66140", "2011-06-30": "24.96930", "2011-03-31": "23.48320", "2010-12-31": "22.65520", "2010-09-30": "21.27640", "2010-06-30": "21.54180", "2010-03-31": "22.28700", "2009-12-31": "21.70540", "2009-09-30": "22.81410", "2009-06-30": "21.62220", "2009-03-31": "20.86320", "2008-12-31": "20.25350", "2008-09-30": "19.77180", "2008-06-30": "19.02790", "2008-03-31": "18.88150", "2007-12-31": "18.71600", "2007-09-30": "17.01850", "2007-06-30": "16.10380", "2007-03-31": "21.47280", "2006-12-31": "21.14230", "2006-09-30": "20.45190", "2006-06-30": "20.39790", "2006-03-31": "20.77240", "2005-12-31": "20.31370", "2005-09-30": "20.02840", "2005-06-30": "19.93820", "2005-03-31": "19.67620"}, "Operating Cash Flow Per Share": {"2020-12-31": -3.0192, "2020-09-30": 8.0131, "2020-06-30": 12.7527, "2020-03-31": "8.47660", "2019-12-31": 9.9855, "2019-09-30": 9.8066, "2019-06-30": 10.572, "2019-03-31": "7.40860", "2018-12-31": 8.8803, "2018-09-30": 8.9276, "2018-06-30": 5.449, "2018-03-31": "6.88290", "2017-12-31": 7.0475, "2017-09-30": 7.7004, "2017-06-30": 5.5289, "2017-03-31": "1.08940", "2016-12-31": 7.2675, "2016-09-30": 4.5182, "2016-06-30": 4.5476, "2016-03-31": "4.63200", "2015-12-31": 5.449, "2015-09-30": 3.9502, "2015-06-30": 4.442, "2015-03-31": "3.11120", "2014-12-31": 3.9246, "2014-09-30": 3.8655, "2014-06-30": 4.1735, "2014-03-31": "0.43990", "2013-12-31": 3.6481, "2013-09-30": 2.8246, "2013-06-30": 2.6174, "2013-03-31": "0.75090", "2012-12-31": 2.0798, "2012-09-30": 2.3113, "2012-06-30": 2.6455, "2012-03-31": "0.80480", "2011-12-31": 1.9413, "2011-09-30": 2.3207, "2011-06-30": 1.7522, "2011-03-31": "1.03690", "2010-12-31": 1.4487, "2010-09-30": 2.0008, "2010-06-30": 1.6897, "2010-03-31": "1.23540", "2009-12-31": 0.9798, "2009-09-30": 0.9106, "2009-06-30": 0.7849, "2009-03-31": "1.03800", "2008-12-31": 1.3664, "2008-09-30": 1.7393, "2008-06-30": 0.9657, "2008-03-31": "1.22530", "2007-12-31": 0.882, "2007-09-30": 0.9477, "2007-06-30": 0.5897, "2007-03-31": "0.76250", "2006-12-31": 0.6977, "2006-09-30": 0.7468, "2006-06-30": 0.5402, "2006-03-31": "0.45180", "2005-12-31": 0.766, "2005-09-30": 0.5227, "2005-06-30": 0.6764, "2005-03-31": "0.60450"}, "Free Cash Flow Per Share": {"2020-12-31": -3.4976, "2020-09-30": 7.4408, "2020-06-30": 12.0346, "2020-03-31": "7.61180", "2019-12-31": 9.4338, "2019-09-30": 9.262, "2019-06-30": 9.5679, "2019-03-31": "6.76350", "2018-12-31": 7.8246, "2018-09-30": 8.0701, "2018-06-30": 4.5284, "2018-03-31": "5.96320", "2017-12-31": 5.9818, "2017-09-30": 6.6151, "2017-06-30": 4.5803, "2017-03-31": "0.11670", "2016-12-31": 6.4298, "2016-09-30": 3.742, "2016-06-30": 3.9243, "2016-03-31": "4.05340", "2015-12-31": 4.6322, "2015-09-30": 2.9519, "2015-06-30": 3.8911, "2015-03-31": "2.69610", "2014-12-31": 3.4744, "2014-09-30": 3.6007, "2014-06-30": 3.9034, "2014-03-31": "0.21160", "2013-12-31": 3.3178, "2013-09-30": 2.4876, "2013-06-30": 2.3908, "2013-03-31": "0.61120", "2012-12-31": 1.797, "2012-09-30": 2.062, "2012-06-30": -1.0678, "2012-03-31": "3.98840", "2011-12-31": 1.653, "2011-09-30": 2.112, "2011-06-30": 1.5316, "2011-03-31": "0.90550", "2010-12-31": 1.2823, "2010-09-30": 1.814, "2010-06-30": 1.504, "2010-03-31": "1.09530", "2009-12-31": 0.7859, "2009-09-30": 0.7792, "2009-06-30": 0.6658, "2009-03-31": "0.91010", "2008-12-31": 1.2711, "2008-09-30": 1.4344, "2008-06-30": 0.7176, "2008-03-31": "0.93810", "2007-12-31": 0.5884, "2007-09-30": 0.7472, "2007-06-30": 0.357, "2007-03-31": "0.65400", "2006-12-31": 0.6223, "2006-09-30": 0.591, "2006-06-30": 0.5039, "2006-03-31": "0.35990", "2005-12-31": 0.4615, "2005-09-30": 0.3557, "2005-06-30": 1.5942, "2005-03-31": "0.41750"}}, "revenue": {"Biogen Annual Revenue (Millions of US $)": {"2020": "$13,445", "2019": "$14,378", "2018": "$13,453", "2017": "$12,274", "2016": "$11,449", "2015": "$10,764", "2014": "$9,703", "2013": "$6,932", "2012": "$5,516", "2011": "$5,049", "2010": "$4,716", "2009": "$4,377", "2008": "$4,098", "2007": "$3,172", "2006": "$2,683", "2005": "$2,423"}, "Biogen Quarterly Revenue (Millions of US $)": {"2020-12-31": "$2,853", "2020-09-30": "$3,376", "2020-06-30": "$3,682", "2020-03-31": "$3,534", "2019-12-31": "$3,671", "2019-09-30": "$3,600", "2019-06-30": "$3,617", "2019-03-31": "$3,490", "2018-12-31": "$3,526", "2018-09-30": "$3,439", "2018-06-30": "$3,357", "2018-03-31": "$3,131", "2017-12-31": "$3,307", "2017-09-30": "$3,078", "2017-06-30": "$3,078", "2017-03-31": "$2,811", "2016-12-31": "$2,872", "2016-09-30": "$2,956", "2016-06-30": "$2,894", "2016-03-31": "$2,727", "2015-12-31": "$2,839", "2015-09-30": "$2,778", "2015-06-30": "$2,592", "2015-03-31": "$2,555", "2014-12-31": "$2,641", "2014-09-30": "$2,511", "2014-06-30": "$2,421", "2014-03-31": "$2,130", "2013-12-31": "$1,966", "2013-09-30": "$1,828", "2013-06-30": "$1,723", "2013-03-31": "$1,415", "2012-12-31": "$1,418", "2012-09-30": "$1,386", "2012-06-30": "$1,421", "2012-03-31": "$1,292", "2011-12-31": "$1,327", "2011-09-30": "$1,310", "2011-06-30": "$1,209", "2011-03-31": "$1,203", "2010-12-31": "$1,219", "2010-09-30": "$1,176", "2010-06-30": "$1,213", "2010-03-31": "$1,109", "2009-12-31": "$1,127", "2009-09-30": "$1,121", "2009-06-30": "$1,093", "2009-03-31": "$1,036", "2008-12-31": "$1,069", "2008-09-30": "$1,093", "2008-06-30": "$993", "2008-03-31": "$942", "2007-12-31": "$893", "2007-09-30": "$789", "2007-06-30": "$773", "2007-03-31": "$716", "2006-12-31": "$708", "2006-09-30": "$703", "2006-06-30": "$660", "2006-03-31": "$611", "2005-12-31": "$633", "2005-09-30": "$596", "2005-06-30": "$606", "2005-03-31": "$588"}}, "gross-profit": {"Biogen Annual Gross Profit (Millions of US $)": {"2020": "$11,639", "2019": "$12,423", "2018": "$11,637", "2017": "$10,644", "2016": "$9,970", "2015": "$9,523", "2014": "$8,532", "2013": "$6,075", "2012": "$4,971", "2011": "$4,582", "2010": "$4,316", "2009": "$3,995", "2008": "$3,696", "2007": "$2,836", "2006": "$2,409", "2005": "$2,049"}, "Biogen Quarterly Gross Profit (Millions of US $)": {"2020-12-31": "$2,362", "2020-09-30": "$2,927", "2020-06-30": "$3,271", "2020-03-31": "$3,080", "2019-12-31": "$3,224", "2019-09-30": "$3,170", "2019-06-30": "$3,140", "2019-03-31": "$2,888", "2018-12-31": "$3,038", "2018-09-30": "$2,978", "2018-06-30": "$2,936", "2018-03-31": "$2,685", "2017-12-31": "$2,798", "2017-09-30": "$2,708", "2017-06-30": "$2,712", "2017-03-31": "$2,426", "2016-12-31": "$2,494", "2016-09-30": "$2,539", "2016-06-30": "$2,524", "2016-03-31": "$2,414", "2015-12-31": "$2,507", "2015-09-30": "$2,468", "2015-06-30": "$2,306", "2015-03-31": "$2,243", "2014-12-31": "$2,343", "2014-09-30": "$2,209", "2014-06-30": "$2,130", "2014-03-31": "$1,851", "2013-12-31": "$1,707", "2013-09-30": "$1,593", "2013-06-30": "$1,493", "2013-03-31": "$1,281", "2012-12-31": "$1,284", "2012-09-30": "$1,246", "2012-06-30": "$1,282", "2012-03-31": "$1,159", "2011-12-31": "$1,187", "2011-09-30": "$1,186", "2011-06-30": "$1,108", "2011-03-31": "$1,100", "2010-12-31": "$1,119", "2010-09-30": "$1,080", "2010-06-30": "$1,106", "2010-03-31": "$1,012", "2009-12-31": "$1,027", "2009-09-30": "$1,027", "2009-06-30": "$1,003", "2009-03-31": "$938", "2008-12-31": "$968", "2008-09-30": "$985", "2008-06-30": "$901", "2008-03-31": "$841", "2007-12-31": "$806", "2007-09-30": "$708", "2007-06-30": "$689", "2007-03-31": "$634", "2006-12-31": "$646", "2006-09-30": "$637", "2006-06-30": "$582", "2006-03-31": "$544", "2005-12-31": "$520", "2005-09-30": "$507", "2005-06-30": "$535", "2005-03-31": "$488"}}, "operating-income": {"Biogen Annual Operating Income (Millions of US $)": {"2020": "$4,550", "2019": "$7,043", "2018": "$5,889", "2017": "$5,346", "2016": "$5,152", "2015": "$4,891", "2014": "$3,973", "2013": "$2,515", "2012": "$1,856", "2011": "$1,725", "2010": "$1,249", "2009": "$1,295", "2008": "$1,214", "2007": "$780", "2006": "$440", "2005": "$236"}, "Biogen Quarterly Operating Income (Millions of US $)": {"2020-12-31": "$-331", "2020-09-30": "$1,086", "2020-06-30": "$1,975", "2020-03-31": "$1,820", "2019-12-31": "$1,778", "2019-09-30": "$1,806", "2019-06-30": "$1,956", "2019-03-31": "$1,503", "2018-12-31": "$1,443", "2018-09-30": "$1,698", "2018-06-30": "$1,213", "2018-03-31": "$1,535", "2017-12-31": "$1,466", "2017-09-30": "$1,654", "2017-06-30": "$1,201", "2017-03-31": "$1,025", "2016-12-31": "$888", "2016-09-30": "$1,425", "2016-06-30": "$1,461", "2016-03-31": "$1,378", "2015-12-31": "$1,168", "2015-09-30": "$1,372", "2015-06-30": "$1,233", "2015-03-31": "$1,118", "2014-12-31": "$1,160", "2014-09-30": "$1,153", "2014-06-30": "$989", "2014-03-31": "$671", "2013-12-31": "$658", "2013-09-30": "$685", "2013-06-30": "$663", "2013-03-31": "$511", "2012-12-31": "$446", "2012-09-30": "$535", "2012-06-30": "$506", "2012-03-31": "$369", "2011-12-31": "$409", "2011-09-30": "$488", "2011-06-30": "$411", "2011-03-31": "$416", "2010-12-31": "$355", "2010-09-30": "$194", "2010-06-30": "$396", "2010-03-31": "$304", "2009-12-31": "$383", "2009-09-30": "$384", "2009-06-30": "$223", "2009-03-31": "$305", "2008-12-31": "$325", "2008-09-30": "$346", "2008-06-30": "$297", "2008-03-31": "$246", "2007-12-31": "$262", "2007-09-30": "$129", "2007-06-30": "$206", "2007-03-31": "$182", "2006-12-31": "$192", "2006-09-30": "$197", "2006-06-30": "$-122", "2006-03-31": "$173", "2005-12-31": "$93", "2005-09-30": "$21", "2005-06-30": "$46", "2005-03-31": "$75"}}, "ebitda": {"Biogen Annual EBITDA (Millions of US $)": {"2020": "$5,007", "2019": "$7,507", "2018": "$6,539", "2017": "$6,427", "2016": "$5,834", "2015": "$5,491", "2014": "$4,661", "2013": "$3,047", "2012": "$2,221", "2011": "$2,084", "2010": "$1,605", "2009": "$1,723", "2008": "$1,676", "2007": "$1,160", "2006": "$816", "2005": "$638"}, "Biogen Quarterly EBITDA (Millions of US $)": {"2020-12-31": "$-240", "2020-09-30": "$1,220", "2020-06-30": "$2,087", "2020-03-31": "$1,940", "2019-12-31": "$1,675", "2019-09-30": "$2,136", "2019-06-30": "$2,073", "2019-03-31": "$1,624", "2018-12-31": "$1,407", "2018-09-30": "$2,044", "2018-06-30": "$1,385", "2018-03-31": "$1,704", "2017-12-31": "$1,675", "2017-09-30": "$1,831", "2017-06-30": "$1,384", "2017-03-31": "$1,537", "2016-12-31": "$1,065", "2016-09-30": "$1,606", "2016-06-30": "$1,636", "2016-03-31": "$1,528", "2015-12-31": "$1,324", "2015-09-30": "$1,524", "2015-06-30": "$1,378", "2015-03-31": "$1,266", "2014-12-31": "$1,317", "2014-09-30": "$1,328", "2014-06-30": "$1,153", "2014-03-31": "$862", "2013-12-31": "$816", "2013-09-30": "$832", "2013-06-30": "$791", "2013-03-31": "$608", "2012-12-31": "$542", "2012-09-30": "$629", "2012-06-30": "$596", "2012-03-31": "$453", "2011-12-31": "$498", "2011-09-30": "$576", "2011-06-30": "$501", "2011-03-31": "$509", "2010-12-31": "$451", "2010-09-30": "$284", "2010-06-30": "$483", "2010-03-31": "$386", "2009-12-31": "$477", "2009-09-30": "$470", "2009-06-30": "$350", "2009-03-31": "$427", "2008-12-31": "$447", "2008-09-30": "$473", "2008-06-30": "$402", "2008-03-31": "$353", "2007-12-31": "$365", "2007-09-30": "$226", "2007-06-30": "$299", "2007-03-31": "$271", "2006-12-31": "$279", "2006-09-30": "$287", "2006-06-30": "$-46", "2006-03-31": "$296", "2005-12-31": "$191", "2005-09-30": "$131", "2005-06-30": "$145", "2005-03-31": "$171"}}, "net-income": {"Biogen Annual Net Income (Millions of US $)": {"2020": "$4,001", "2019": "$5,889", "2018": "$4,431", "2017": "$2,539", "2016": "$3,703", "2015": "$3,547", "2014": "$2,935", "2013": "$1,862", "2012": "$1,380", "2011": "$1,234", "2010": "$1,005", "2009": "$970", "2008": "$783", "2007": "$638", "2006": "$218", "2005": "$161"}, "Biogen Quarterly Net Income (Millions of US $)": {"2020-12-31": "$358", "2020-09-30": "$702", "2020-06-30": "$1,542", "2020-03-31": "$1,399", "2019-12-31": "$1,440", "2019-09-30": "$1,546", "2019-06-30": "$1,494", "2019-03-31": "$1,409", "2018-12-31": "$947", "2018-09-30": "$1,444", "2018-06-30": "$867", "2018-03-31": "$1,173", "2017-12-31": "$-297", "2017-09-30": "$1,226", "2017-06-30": "$863", "2017-03-31": "$748", "2016-12-31": "$649", "2016-09-30": "$1,033", "2016-06-30": "$1,050", "2016-03-31": "$971", "2015-12-31": "$832", "2015-09-30": "$966", "2015-06-30": "$927", "2015-03-31": "$823", "2014-12-31": "$883", "2014-09-30": "$857", "2014-06-30": "$715", "2014-03-31": "$480", "2013-12-31": "$457", "2013-09-30": "$488", "2013-06-30": "$491", "2013-03-31": "$427", "2012-12-31": "$292", "2012-09-30": "$398", "2012-06-30": "$387", "2012-03-31": "$303", "2011-12-31": "$300", "2011-09-30": "$352", "2011-06-30": "$288", "2011-03-31": "$294", "2010-12-31": "$240", "2010-09-30": "$254", "2010-06-30": "$293", "2010-03-31": "$217", "2009-12-31": "$306", "2009-09-30": "$278", "2009-06-30": "$143", "2009-03-31": "$244", "2008-12-31": "$207", "2008-09-30": "$207", "2008-06-30": "$207", "2008-03-31": "$163", "2007-12-31": "$201", "2007-09-30": "$119", "2007-06-30": "$186", "2007-03-31": "$132", "2006-12-31": "$109", "2006-09-30": "$157", "2006-06-30": "$-171", "2006-03-31": "$123", "2005-12-31": "$56", "2005-09-30": "$27", "2005-06-30": "$35", "2005-03-31": "$43"}}, "eps-earnings-per-share-diluted": {"Biogen Annual EPS": {"2020": "$24.80", "2019": "$31.42", "2018": "$21.58", "2017": "$11.92", "2016": "$16.93", "2015": "$15.34", "2014": "$12.37", "2013": "$7.81", "2012": "$5.76", "2011": "$5.04", "2010": "$3.94", "2009": "$3.35", "2008": "$2.65", "2007": "$1.99", "2006": "$0.63", "2005": "$0.47"}, "Biogen Quarterly EPS": {"2020-12-31": "$2.67", "2020-09-30": "$4.46", "2020-06-30": "$9.59", "2020-03-31": "$8.08", "2019-12-31": "$8.03", "2019-09-30": "$8.39", "2019-06-30": "$7.85", "2019-03-31": "$7.15", "2018-12-31": "$4.71", "2018-09-30": "$7.15", "2018-06-30": "$4.18", "2018-03-31": "$5.54", "2017-12-31": "$-1.40", "2017-09-30": "$5.79", "2017-06-30": "$4.07", "2017-03-31": "$3.46", "2016-12-31": "$3.00", "2016-09-30": "$4.71", "2016-06-30": "$4.79", "2016-03-31": "$4.43", "2015-12-31": "$3.77", "2015-09-30": "$4.15", "2015-06-30": "$3.93", "2015-03-31": "$3.49", "2014-12-31": "$3.72", "2014-09-30": "$3.62", "2014-06-30": "$3.01", "2014-03-31": "$2.02", "2013-12-31": "$1.91", "2013-09-30": "$2.05", "2013-06-30": "$2.06", "2013-03-31": "$1.79", "2012-12-31": "$1.23", "2012-09-30": "$1.67", "2012-06-30": "$1.61", "2012-03-31": "$1.25", "2011-12-31": "$1.23", "2011-09-30": "$1.43", "2011-06-30": "$1.18", "2011-03-31": "$1.20", "2010-12-31": "$0.97", "2010-09-30": "$1.05", "2010-06-30": "$1.12", "2010-03-31": "$0.80", "2009-12-31": "$1.07", "2009-09-30": "$0.95", "2009-06-30": "$0.49", "2009-03-31": "$0.84", "2008-12-31": "$0.71", "2008-09-30": "$0.70", "2008-06-30": "$0.70", "2008-03-31": "$0.54", "2007-12-31": "$0.66", "2007-09-30": "$0.41", "2007-06-30": "$0.54", "2007-03-31": "$0.38", "2006-12-31": "$0.32", "2006-09-30": "$0.45", "2006-06-30": "$-0.50", "2006-03-31": "$0.36", "2005-12-31": "$0.17", "2005-09-30": "$0.08", "2005-06-30": "$0.10", "2005-03-31": "$0.12"}}, "shares-outstanding": {"Biogen Annual Shares Outstanding (Millions of Shares)": {"2020": "161", "2019": "187", "2018": "205", "2017": "213", "2016": "219", "2015": "231", "2014": "237", "2013": "238", "2012": "240", "2011": "245", "2010": "255", "2009": "289", "2008": "295", "2007": "320", "2006": "345", "2005": "346"}, "Biogen Quarterly Shares Outstanding (Millions of Shares)": {"2020-12-31": "161", "2020-09-30": "157", "2020-06-30": "161", "2020-03-31": "173", "2019-12-31": "187", "2019-09-30": "184", "2019-06-30": "190", "2019-03-31": "197", "2018-12-31": "205", "2018-09-30": "202", "2018-06-30": "207", "2018-03-31": "212", "2017-12-31": "213", "2017-09-30": "212", "2017-06-30": "212", "2017-03-31": "216", "2016-12-31": "219", "2016-09-30": "219", "2016-06-30": "219", "2016-03-31": "219", "2015-12-31": "231", "2015-09-30": "233", "2015-06-30": "236", "2015-03-31": "236", "2014-12-31": "237", "2014-09-30": "237", "2014-06-30": "237", "2014-03-31": "238", "2013-12-31": "238", "2013-09-30": "238", "2013-06-30": "239", "2013-03-31": "238", "2012-12-31": "240", "2012-09-30": "238", "2012-06-30": "241", "2012-03-31": "242", "2011-12-31": "245", "2011-09-30": "245", "2011-06-30": "245", "2011-03-31": "245", "2010-12-31": "255", "2010-09-30": "242", "2010-06-30": "262", "2010-03-31": "273", "2009-12-31": "289", "2009-09-30": "291", "2009-06-30": "290", "2009-03-31": "290", "2008-12-31": "295", "2008-09-30": "294", "2008-06-30": "293", "2008-03-31": "300", "2007-12-31": "320", "2007-09-30": "293", "2007-06-30": "343", "2007-03-31": "344", "2006-12-31": "345", "2006-09-30": "345", "2006-06-30": "342", "2006-03-31": "346", "2005-12-31": "346", "2005-09-30": "341", "2005-06-30": "345", "2005-03-31": "352"}}, "total-assets": {"Biogen Annual Total Assets (Millions of US $)": {"2020": "$24,619", "2019": "$27,234", "2018": "$25,289", "2017": "$23,653", "2016": "$22,877", "2015": "$19,505", "2014": "$14,315", "2013": "$11,863", "2012": "$10,130", "2011": "$9,050", "2010": "$8,092", "2009": "$8,552", "2008": "$8,479", "2007": "$8,629", "2006": "$8,553", "2005": "$8,382"}, "Biogen Quarterly Total Assets (Millions of US $)": {"2020-12-31": "$24,619", "2020-09-30": "$24,934", "2020-06-30": "$25,512", "2020-03-31": "$26,119", "2019-12-31": "$27,234", "2019-09-30": "$27,484", "2019-06-30": "$26,288", "2019-03-31": "$26,446", "2018-12-31": "$25,289", "2018-09-30": "$25,492", "2018-06-30": "$23,953", "2018-03-31": "$26,090", "2017-12-31": "$23,653", "2017-09-30": "$23,073", "2017-06-30": "$21,759", "2017-03-31": "$21,196", "2016-12-31": "$22,877", "2016-09-30": "$22,105", "2016-06-30": "$21,515", "2016-03-31": "$20,675", "2015-12-31": "$19,505", "2015-09-30": "$20,728", "2015-06-30": "$16,759", "2015-03-31": "$15,219", "2014-12-31": "$14,315", "2014-09-30": "$13,704", "2014-06-30": "$12,918", "2014-03-31": "$12,230", "2013-12-31": "$11,863", "2013-09-30": "$11,250", "2013-06-30": "$10,842", "2013-03-31": "$10,165", "2012-12-31": "$10,130", "2012-09-30": "$9,631", "2012-06-30": "$9,162", "2012-03-31": "$9,114", "2011-12-31": "$9,050", "2011-09-30": "$8,802", "2011-06-30": "$8,622", "2011-03-31": "$8,294", "2010-12-31": "$8,092", "2010-09-30": "$7,394", "2010-06-30": "$7,502", "2010-03-31": "$8,217", "2009-12-31": "$8,552", "2009-09-30": "$9,026", "2009-06-30": "$8,777", "2009-03-31": "$8,575", "2008-12-31": "$8,479", "2008-09-30": "$8,535", "2008-06-30": "$8,173", "2008-03-31": "$8,171", "2007-12-31": "$8,629", "2007-09-30": "$7,816", "2007-06-30": "$8,936", "2007-03-31": "$8,710", "2006-12-31": "$8,553", "2006-09-30": "$8,187", "2006-06-30": "$8,340", "2006-03-31": "$8,524", "2005-12-31": "$8,382", "2005-09-30": "$8,315", "2005-06-30": "$8,268", "2005-03-31": "$9,063"}}, "cash-on-hand": {"Biogen Annual Cash on Hand (Millions of US $)": {"2020": "$2,610", "2019": "$4,476", "2018": "$3,538", "2017": "$3,689", "2016": "$4,895", "2015": "$3,429", "2014": "$1,845", "2013": "$1,223", "2012": "$1,706", "2011": "$1,691", "2010": "$1,208", "2009": "$1,264", "2008": "$1,401", "2007": "$1,392", "2006": "$903", "2005": "$851"}, "Biogen Quarterly Cash on Hand (Millions of US $)": {"2020-12-31": "$2,610", "2020-09-30": "$3,580", "2020-06-30": "$4,328", "2020-03-31": "$3,860", "2019-12-31": "$4,476", "2019-09-30": "$4,437", "2019-06-30": "$2,952", "2019-03-31": "$3,909", "2018-12-31": "$3,538", "2018-09-30": "$4,428", "2018-06-30": "$3,224", "2018-03-31": "$5,916", "2017-12-31": "$3,689", "2017-09-30": "$3,508", "2017-06-30": "$2,893", "2017-03-31": "$2,880", "2016-12-31": "$4,895", "2016-09-30": "$4,316", "2016-06-30": "$3,797", "2016-03-31": "$3,585", "2015-12-31": "$3,429", "2015-09-30": "$5,843", "2015-06-30": "$2,369", "2015-03-31": "$2,152", "2014-12-31": "$1,845", "2014-09-30": "$1,861", "2014-06-30": "$1,573", "2014-03-31": "$1,260", "2013-12-31": "$1,223", "2013-09-30": "$669", "2013-06-30": "$668", "2013-03-31": "$663", "2012-12-31": "$1,706", "2012-09-30": "$1,606", "2012-06-30": "$1,406", "2012-03-31": "$1,277", "2011-12-31": "$1,691", "2011-09-30": "$1,520", "2011-06-30": "$1,327", "2011-03-31": "$1,229", "2010-12-31": "$1,208", "2010-09-30": "$825", "2010-06-30": "$970", "2010-03-31": "$1,153", "2009-12-31": "$1,264", "2009-09-30": "$1,408", "2009-06-30": "$1,623", "2009-03-31": "$1,401", "2008-12-31": "$1,401", "2008-09-30": "$1,565", "2008-06-30": "$1,039", "2008-03-31": "$1,111", "2007-12-31": "$1,392", "2007-09-30": "$671", "2007-06-30": "$1,803", "2007-03-31": "$1,128", "2006-12-31": "$903", "2006-09-30": "$661", "2006-06-30": "$714", "2006-03-31": "$849", "2005-12-31": "$851", "2005-09-30": "$611", "2005-06-30": "$927", "2005-03-31": "$1,152"}}, "long-term-debt": {"Biogen Annual Long Term Debt (Millions of US $)": {"2020": "$7,426", "2019": "$4,459", "2018": "$5,937", "2017": "$5,935", "2016": "$6,513", "2015": "$6,522", "2014": "$580", "2013": "$592", "2012": "$687", "2011": "$1,061", "2010": "$1,066", "2009": "$1,080", "2008": "$1,085", "2007": "$52", "2006": "$97", "2005": "$43"}, "Biogen Quarterly Long Term Debt (Millions of US $)": {"2020-12-31": "$7,426", "2020-09-30": "$7,425", "2020-06-30": "$7,424", "2020-03-31": "$4,460", "2019-12-31": "$4,459", "2019-09-30": "$4,458", "2019-06-30": "$5,949", "2019-03-31": "$5,943", "2018-12-31": "$5,937", "2018-09-30": "$5,931", "2018-06-30": "$5,928", "2018-03-31": "$5,929", "2017-12-31": "$5,935", "2017-09-30": "$5,938", "2017-06-30": "$5,954", "2017-03-31": "$5,953", "2016-12-31": "$6,513", "2016-09-30": "$6,530", "2016-06-30": "$6,538", "2016-03-31": "$6,536", "2015-12-31": "$6,522", "2015-09-30": "$6,529", "2015-06-30": "$576", "2015-03-31": "$581", "2014-12-31": "$580", "2014-09-30": "$584", "2014-06-30": "$586", "2014-03-31": "$591", "2013-12-31": "$592", "2013-09-30": "$695", "2013-06-30": "$726", "2013-03-31": "$712", "2012-12-31": "$687", "2012-09-30": "$658", "2012-06-30": "$642", "2012-03-31": "$626", "2011-12-31": "$1,061", "2011-09-30": "$1,061", "2011-06-30": "$1,063", "2011-03-31": "$1,066", "2010-12-31": "$1,066", "2010-09-30": "$1,069", "2010-06-30": "$1,070", "2010-03-31": "$1,076", "2009-12-31": "$1,080", "2009-09-30": "$1,086", "2009-06-30": "$1,086", "2009-03-31": "$1,083", "2008-12-31": "$1,085", "2008-09-30": "$1,042", "2008-06-30": "$1,038", "2008-03-31": "$1,060", "2007-12-31": "$52", "2007-09-30": "$50", "2007-06-30": "$51", "2007-03-31": "$52", "2006-12-31": "$97", "2006-09-30": "$45", "2006-06-30": "$45", "2006-03-31": "$44", "2005-12-31": "$43", "2005-09-30": "$43", "2005-06-30": "$42", "2005-03-31": "$95"}}, "total-liabilities": {"Biogen Annual Total Liabilities (Millions of US $)": {"2020": "$13,933", "2019": "$13,895", "2018": "$12,257", "2017": "$11,055", "2016": "$10,748", "2015": "$10,130", "2014": "$3,501", "2013": "$3,242", "2012": "$3,166", "2011": "$2,623", "2010": "$2,643", "2009": "$2,290", "2008": "$2,645", "2007": "$3,095", "2006": "$1,403", "2005": "$1,476"}, "Biogen Quarterly Total Liabilities (Millions of US $)": {"2020-12-31": "$13,933", "2020-09-30": "$14,190", "2020-06-30": "$14,223", "2020-03-31": "$13,582", "2019-12-31": "$13,895", "2019-09-30": "$13,492", "2019-06-30": "$13,339", "2019-03-31": "$12,624", "2018-12-31": "$12,257", "2018-09-30": "$11,732", "2018-06-30": "$11,699", "2018-03-31": "$12,053", "2017-12-31": "$11,055", "2017-09-30": "$10,224", "2017-06-30": "$10,185", "2017-03-31": "$9,729", "2016-12-31": "$10,748", "2016-09-30": "$9,990", "2016-06-30": "$10,111", "2016-03-31": "$10,347", "2015-12-31": "$10,130", "2015-09-30": "$10,161", "2015-06-30": "$4,186", "2015-03-31": "$3,550", "2014-12-31": "$3,501", "2014-09-30": "$3,273", "2014-06-30": "$3,353", "2014-03-31": "$3,089", "2013-12-31": "$3,242", "2013-09-30": "$3,125", "2013-06-30": "$2,939", "2013-03-31": "$2,825", "2012-12-31": "$3,166", "2012-09-30": "$2,969", "2012-06-30": "$2,892", "2012-03-31": "$2,805", "2011-12-31": "$2,623", "2011-09-30": "$2,569", "2011-06-30": "$2,566", "2011-03-31": "$2,619", "2010-12-31": "$2,643", "2010-09-30": "$2,324", "2010-06-30": "$2,291", "2010-03-31": "$2,267", "2009-12-31": "$2,290", "2009-09-30": "$2,429", "2009-06-30": "$2,531", "2009-03-31": "$2,555", "2008-12-31": "$2,645", "2008-09-30": "$2,767", "2008-06-30": "$2,650", "2008-03-31": "$2,638", "2007-12-31": "$3,095", "2007-09-30": "$2,824", "2007-06-30": "$4,299", "2007-03-31": "$1,362", "2006-12-31": "$1,403", "2006-09-30": "$1,292", "2006-06-30": "$1,332", "2006-03-31": "$1,381", "2005-12-31": "$1,476", "2005-09-30": "$1,517", "2005-06-30": "$1,522", "2005-03-31": "$2,282"}}, "total-share-holder-equity": {"Biogen Annual Share Holder Equity (Millions of US $)": {"2020": "$10,686", "2019": "$13,339", "2018": "$13,032", "2017": "$12,598", "2016": "$12,129", "2015": "$9,375", "2014": "$10,814", "2013": "$8,621", "2012": "$6,964", "2011": "$6,427", "2010": "$5,449", "2009": "$6,262", "2008": "$5,834", "2007": "$5,534", "2006": "$7,150", "2005": "$6,906"}, "Biogen Quarterly Share Holder Equity (Millions of US $)": {"2020-12-31": "$10,686", "2020-09-30": "$10,745", "2020-06-30": "$11,289", "2020-03-31": "$12,537", "2019-12-31": "$13,339", "2019-09-30": "$13,992", "2019-06-30": "$12,949", "2019-03-31": "$13,822", "2018-12-31": "$13,032", "2018-09-30": "$13,760", "2018-06-30": "$12,254", "2018-03-31": "$14,038", "2017-12-31": "$12,598", "2017-09-30": "$12,849", "2017-06-30": "$11,574", "2017-03-31": "$11,467", "2016-12-31": "$12,129", "2016-09-30": "$12,115", "2016-06-30": "$11,404", "2016-03-31": "$10,328", "2015-12-31": "$9,375", "2015-09-30": "$10,567", "2015-06-30": "$12,573", "2015-03-31": "$11,669", "2014-12-31": "$10,814", "2014-09-30": "$10,431", "2014-06-30": "$9,565", "2014-03-31": "$9,141", "2013-12-31": "$8,621", "2013-09-30": "$8,126", "2013-06-30": "$7,902", "2013-03-31": "$7,340", "2012-12-31": "$6,964", "2012-09-30": "$6,662", "2012-06-30": "$6,271", "2012-03-31": "$6,309", "2011-12-31": "$6,427", "2011-09-30": "$6,234", "2011-06-30": "$6,056", "2011-03-31": "$5,674", "2010-12-31": "$5,449", "2010-09-30": "$5,070", "2010-06-30": "$5,211", "2010-03-31": "$5,951", "2009-12-31": "$6,262", "2009-09-30": "$6,598", "2009-06-30": "$6,246", "2009-03-31": "$6,020", "2008-12-31": "$5,834", "2008-09-30": "$5,768", "2008-06-30": "$5,523", "2008-03-31": "$5,533", "2007-12-31": "$5,534", "2007-09-30": "$4,993", "2007-06-30": "$4,637", "2007-03-31": "$7,347", "2006-12-31": "$7,150", "2006-09-30": "$6,895", "2006-06-30": "$7,009", "2006-03-31": "$7,143", "2005-12-31": "$6,906", "2005-09-30": "$6,798", "2005-06-30": "$6,746", "2005-03-31": "$6,781"}}, "profit-margins": {"current": "29.76%"}, "gross margin": {"2020-12-31": "86.57%", "2020-09-30": "87.65%", "2020-06-30": "87.98%", "2020-03-31": "87.46%", "2019-12-31": "86.40%", "2019-09-30": "85.97%", "2019-06-30": "85.59%", "2019-03-31": "85.72%", "2018-12-31": "86.50%", "2018-09-30": "86.12%", "2018-06-30": "86.44%", "2018-03-31": "86.57%", "2017-12-31": "86.72%", "2017-09-30": "87.34%", "2017-06-30": "86.81%", "2017-03-31": "86.56%", "2016-12-31": "87.09%", "2016-09-30": "87.46%", "2016-06-30": "88.21%", "2016-03-31": "88.65%", "2015-12-31": "88.48%", "2015-09-30": "88.59%", "2015-06-30": "88.37%", "2015-03-31": "88.12%", "2014-12-31": "87.94%", "2014-09-30": "87.47%", "2014-06-30": "87.25%", "2014-03-31": "86.88%", "2013-12-31": "87.62%", "2013-09-30": "88.52%", "2013-06-30": "89.26%", "2013-03-31": "90.30%", "2012-12-31": "90.10%", "2012-09-30": "89.83%", "2012-06-30": "89.98%", "2012-03-31": "90.31%", "2011-12-31": "90.73%", "2011-09-30": "91.34%", "2011-06-30": "91.68%", "2011-03-31": "91.56%", "2010-12-31": "91.52%", "2010-09-30": "91.35%", "2010-06-30": "91.29%", "2010-03-31": "91.44%", "2009-12-31": "91.27%", "2009-09-30": "91.13%", "2009-06-30": "90.75%", "2009-03-31": "90.48%", "2008-12-31": "90.19%", "2008-09-30": "90.10%", "2008-06-30": "90.02%", "2008-03-31": "89.61%", "2007-12-31": "89.47%", "2007-09-30": "89.65%", "2007-06-30": "89.86%", "2007-03-31": "89.67%", "2006-12-31": "89.82%", "2006-09-30": "87.57%", "2006-06-30": "86.12%", "2006-03-31": "86.10%", "2005-12-31": "84.61%"}, "operating margin": {"2020-12-31": "33.84%", "2020-09-30": "46.69%", "2020-06-30": "50.94%", "2020-03-31": "51.03%", "2019-12-31": "48.98%", "2019-09-30": "47.13%", "2019-06-30": "46.90%", "2019-03-31": "42.41%", "2018-12-31": "43.77%", "2018-09-30": "44.67%", "2018-06-30": "45.58%", "2018-03-31": "46.50%", "2017-12-31": "43.56%", "2017-09-30": "40.27%", "2017-06-30": "38.73%", "2017-03-31": "41.60%", "2016-12-31": "44.99%", "2016-09-30": "47.58%", "2016-06-30": "47.86%", "2016-03-31": "47.10%", "2015-12-31": "45.44%", "2015-09-30": "46.21%", "2015-06-30": "45.29%", "2015-03-31": "43.64%", "2014-12-31": "40.95%", "2014-09-30": "38.45%", "2014-06-30": "35.99%", "2014-03-31": "35.01%", "2013-12-31": "36.31%", "2013-09-30": "36.11%", "2013-06-30": "36.27%", "2013-03-31": "35.43%", "2012-12-31": "33.64%", "2012-09-30": "33.52%", "2012-06-30": "33.12%", "2012-03-31": "32.64%", "2011-12-31": "34.15%", "2011-09-30": "33.80%", "2011-06-30": "28.62%", "2011-03-31": "28.29%", "2010-12-31": "26.48%", "2010-09-30": "27.61%", "2010-06-30": "32.10%", "2010-03-31": "29.08%", "2009-12-31": "29.59%", "2009-09-30": "28.64%", "2009-06-30": "27.94%", "2009-03-31": "30.37%", "2008-12-31": "29.63%", "2008-09-30": "29.35%", "2008-06-30": "25.82%", "2008-03-31": "24.82%", "2007-12-31": "24.57%", "2007-09-30": "23.74%", "2007-06-30": "26.79%", "2007-03-31": "16.11%", "2006-12-31": "16.41%", "2006-09-30": "13.08%", "2006-06-30": "6.60%", "2006-03-31": "13.61%", "2005-12-31": "9.70%"}, "ebitda margin": {"2020-12-31": "37.24%", "2020-09-30": "48.53%", "2020-06-30": "54.10%", "2020-03-31": "54.25%", "2019-12-31": "52.22%", "2019-09-30": "50.87%", "2019-06-30": "50.80%", "2019-03-31": "46.77%", "2018-12-31": "48.61%", "2018-09-30": "51.44%", "2018-06-30": "51.23%", "2018-03-31": "52.36%", "2017-12-31": "52.36%", "2017-09-30": "49.13%", "2017-06-30": "47.73%", "2017-03-31": "50.67%", "2016-12-31": "50.97%", "2016-09-30": "53.38%", "2016-06-30": "53.50%", "2016-03-31": "52.62%", "2015-12-31": "51.02%", "2015-09-30": "51.91%", "2015-06-30": "51.35%", "2015-03-31": "50.00%", "2014-12-31": "48.03%", "2014-09-30": "46.07%", "2014-06-30": "43.89%", "2014-03-31": "43.17%", "2013-12-31": "43.96%", "2013-09-30": "43.44%", "2013-06-30": "43.25%", "2013-03-31": "42.11%", "2012-12-31": "40.24%", "2012-09-30": "40.10%", "2012-06-30": "39.68%", "2012-03-31": "39.47%", "2011-12-31": "41.28%", "2011-09-30": "41.23%", "2011-06-30": "36.30%", "2011-03-31": "35.90%", "2010-12-31": "34.00%", "2010-09-30": "35.24%", "2010-06-30": "39.74%", "2010-03-31": "37.82%", "2009-12-31": "39.39%", "2009-09-30": "39.22%", "2009-06-30": "39.55%", "2009-03-31": "41.73%", "2008-12-31": "40.88%", "2008-09-30": "40.63%", "2008-06-30": "37.21%", "2008-03-31": "36.59%", "2007-12-31": "36.61%", "2007-09-30": "36.00%", "2007-06-30": "39.17%", "2007-03-31": "28.38%", "2006-12-31": "30.43%", "2006-09-30": "27.92%", "2006-06-30": "22.88%", "2006-03-31": "31.19%", "2005-12-31": "26.33%"}, "pre tax profit margin": {"2020-12-31": "37.55%", "2020-09-30": "45.03%", "2020-06-30": "50.00%", "2020-03-31": "48.29%", "2019-12-31": "49.56%", "2019-09-30": "47.87%", "2019-06-30": "48.66%", "2019-03-31": "45.37%", "2018-12-31": "43.86%", "2018-09-30": "44.48%", "2018-06-30": "44.15%", "2018-03-31": "44.75%", "2017-12-31": "41.79%", "2017-09-30": "38.58%", "2017-06-30": "36.90%", "2017-03-31": "39.83%", "2016-12-31": "43.09%", "2016-09-30": "45.38%", "2016-06-30": "46.00%", "2016-03-31": "45.63%", "2015-12-31": "44.29%", "2015-09-30": "45.73%", "2015-06-30": "44.78%", "2015-03-31": "43.29%", "2014-12-31": "40.68%", "2014-09-30": "38.20%", "2014-06-30": "35.87%", "2014-03-31": "34.67%", "2013-12-31": "35.79%", "2013-09-30": "35.39%", "2013-06-30": "35.51%", "2013-03-31": "34.88%", "2012-12-31": "33.64%", "2012-09-30": "33.73%", "2012-06-30": "33.27%", "2012-03-31": "32.50%", "2011-12-31": "33.89%", "2011-09-30": "33.54%", "2011-06-30": "28.35%", "2011-03-31": "28.29%", "2010-12-31": "26.08%", "2010-09-30": "27.44%", "2010-06-30": "32.30%", "2010-03-31": "29.60%", "2009-12-31": "30.48%", "2009-09-30": "28.62%", "2009-06-30": "27.13%", "2009-03-31": "29.09%", "2008-12-31": "28.22%", "2008-09-30": "28.08%", "2008-06-30": "26.35%", "2008-03-31": "26.44%", "2007-12-31": "26.87%", "2007-09-30": "26.66%", "2007-06-30": "29.03%", "2007-03-31": "18.08%", "2006-12-31": "18.38%", "2006-09-30": "16.00%", "2006-06-30": "9.16%", "2006-03-31": "15.58%", "2005-12-31": "10.52%"}, "net profit margin": {"2020-12-31": "29.76%", "2020-09-30": "35.64%", "2020-06-30": "40.91%", "2020-03-31": "40.76%", "2019-12-31": "40.96%", "2019-09-30": "37.91%", "2019-06-30": "37.62%", "2019-03-31": "33.79%", "2018-12-31": "32.94%", "2018-09-30": "24.08%", "2018-06-30": "23.06%", "2018-03-31": "23.54%", "2017-12-31": "20.69%", "2017-09-30": "29.45%", "2017-06-30": "28.10%", "2017-03-31": "30.17%", "2016-12-31": "32.34%", "2016-09-30": "34.04%", "2016-06-30": "33.98%", "2016-03-31": "33.80%", "2015-12-31": "32.96%", "2015-09-30": "34.06%", "2015-06-30": "33.89%", "2015-03-31": "32.37%", "2014-12-31": "30.25%", "2014-09-30": "27.79%", "2014-06-30": "25.64%", "2014-03-31": "25.06%", "2013-12-31": "26.88%", "2013-09-30": "26.60%", "2013-06-30": "27.06%", "2013-03-31": "26.67%", "2012-12-31": "25.01%", "2012-09-30": "25.58%", "2012-06-30": "25.08%", "2012-03-31": "24.19%", "2011-12-31": "24.44%", "2011-09-30": "23.76%", "2011-06-30": "22.38%", "2011-03-31": "22.47%", "2010-12-31": "21.28%", "2010-09-30": "23.14%", "2010-06-30": "23.94%", "2010-03-31": "21.21%", "2009-12-31": "22.18%", "2009-09-30": "20.19%", "2009-06-30": "18.67%", "2009-03-31": "20.64%", "2008-12-31": "19.14%", "2008-09-30": "19.84%", "2008-06-30": "19.08%", "2008-03-31": "19.69%", "2007-12-31": "20.12%", "2007-09-30": "18.29%", "2007-06-30": "20.14%", "2007-03-31": "8.14%", "2006-12-31": "8.13%", "2006-09-30": "6.33%", "2006-06-30": "1.40%", "2006-03-31": "9.85%", "2005-12-31": "6.64%"}, "pe ratio": {"current": "8.08", "2021-02-05": "11.98", "2020-12-31": "11.06", "2020-09-30": "9.39", "2020-06-30": "7.84", "2020-03-31": "9.76", "2019-12-31": "9.43", "2019-09-30": "8.28", "2019-06-30": "8.70", "2019-03-31": "10.18", "2018-12-31": "13.93", "2018-09-30": "22.84", "2018-06-30": "20.57", "2018-03-31": "19.56", "2017-12-31": "26.73", "2017-09-30": "19.20", "2017-06-30": "17.82", "2017-03-31": "17.14", "2016-12-31": "15.45", "2016-09-30": "16.30", "2016-06-30": "13.00", "2016-03-31": "14.74", "2015-12-31": "18.41", "2015-09-30": "17.53", "2015-06-30": "25.19", "2015-03-31": "28.08", "2014-12-31": "25.25", "2014-09-30": "28.85", "2014-06-30": "32.29", "2014-03-31": "35.02", "2013-12-31": "32.95", "2013-09-30": "31.12", "2013-06-30": "29.39", "2013-03-31": "28.18", "2012-12-31": "23.42", "2012-09-30": "23.92", "2012-06-30": "24.15", "2012-03-31": "22.86", "2011-12-31": "20.17", "2011-09-30": "17.89", "2011-06-30": "22.30", "2011-03-31": "15.53", "2010-12-31": "15.61", "2010-09-30": "12.84", "2010-06-30": "11.13", "2010-03-31": "16.03", "2009-12-31": "14.76", "2009-09-30": "15.63", "2009-06-30": "15.24", "2009-03-31": "16.43", "2008-12-31": "16.63", "2008-09-30": "17.76", "2008-06-30": "22.21", "2008-03-31": "26.33", "2007-12-31": "26.23", "2007-09-30": "37.05", "2007-06-30": "29.18", "2007-03-31": "62.93", "2006-12-31": "71.97"}, "price sales": {"2021-02-05": "3.21", "2020-12-31": "2.97", "2020-09-30": "3.36", "2020-06-30": "3.25", "2020-03-31": "4.03", "2019-12-31": "3.91", "2019-09-30": "3.17", "2019-06-30": "3.30", "2019-03-31": "3.47", "2018-12-31": "4.62", "2018-09-30": "5.56", "2018-06-30": "4.75", "2018-03-31": "4.61", "2017-12-31": "5.53", "2017-09-30": "5.67", "2017-06-30": "5.01", "2017-03-31": "5.18", "2016-12-31": "5.01", "2016-09-30": "5.62", "2016-06-30": "4.47", "2016-03-31": "5.04", "2015-12-31": "6.13", "2015-09-30": "5.97", "2015-06-30": "8.55", "2015-03-31": "9.10", "2014-12-31": "7.65", "2014-09-30": "8.02", "2014-06-30": "8.29", "2014-03-31": "8.79", "2013-12-31": "8.86", "2013-09-30": "8.30", "2013-06-30": "7.97", "2013-03-31": "7.53", "2012-12-31": "5.87", "2012-09-30": "6.12", "2012-06-30": "6.05", "2012-03-31": "5.52", "2011-12-31": "4.92", "2011-09-30": "4.30", "2011-06-30": "5.06", "2011-03-31": "3.53", "2010-12-31": "3.37", "2010-09-30": "2.96", "2010-06-30": "2.66", "2010-03-31": "3.40", "2009-12-31": "3.27", "2009-09-30": "3.14", "2009-06-30": "2.83", "2009-03-31": "3.38", "2008-12-31": "3.16", "2008-09-30": "3.55", "2008-06-30": "4.29", "2008-03-31": "5.23", "2007-12-31": "5.35", "2007-09-30": "6.74", "2007-06-30": "5.85", "2007-03-31": "5.05", "2006-12-31": "5.82"}, "price book": {"current": "3.78", "2021-02-05": "4.32", "2020-12-31": "3.99", "2020-09-30": "4.06", "2020-06-30": "3.75", "2020-03-31": "4.23", "2019-12-31": "3.39", "2019-09-30": "3.03", "2019-06-30": "3.33", "2019-03-31": "3.32", "2018-12-31": "4.55", "2018-09-30": "5.17", "2018-06-30": "4.77", "2018-03-31": "4.12", "2017-12-31": "5.35", "2017-09-30": "5.15", "2017-06-30": "4.96", "2017-03-31": "5.06", "2016-12-31": "4.65", "2016-09-30": "5.18", "2016-06-30": "4.28", "2016-03-31": "5.09", "2015-12-31": "6.58", "2015-09-30": "5.66", "2015-06-30": "6.96", "2015-03-31": "7.85", "2014-12-31": "6.79", "2014-09-30": "6.90", "2014-06-30": "7.18", "2014-03-31": "7.32", "2013-12-31": "7.06", "2013-09-30": "6.45", "2013-06-30": "5.97", "2013-03-31": "5.74", "2012-12-31": "4.58", "2012-09-30": "4.88", "2012-06-30": "5.02", "2012-03-31": "4.41", "2011-12-31": "3.82", "2011-09-30": "3.35", "2011-06-30": "3.95", "2011-03-31": "2.88", "2010-12-31": "2.73", "2010-09-30": "2.43", "2010-06-30": "2.03", "2010-03-31": "2.37", "2009-12-31": "2.27", "2009-09-30": "2.04", "2009-06-30": "1.92", "2009-03-31": "2.32", "2008-12-31": "2.17", "2008-09-30": "2.34", "2008-06-30": "2.71", "2008-03-31": "3.01", "2007-12-31": "2.80", "2007-09-30": "3.59", "2007-06-30": "3.06", "2007-03-31": "1.91", "2006-12-31": "2.14", "2006-09-30": "2.01", "2006-06-30": "2.09", "2006-03-31": "2.09"}, "price fcf": {"2021-02-05": "", "2020-12-31": "$23.59", "2020-09-30": "$36.52", "2020-06-30": "$38.34", "2020-03-31": "$35.88", "2019-12-31": "$35.03", "2019-09-30": "$33.42", "2019-06-30": "$32.23", "2019-03-31": "$27.19", "2018-12-31": "$26.39", "2018-09-30": "$24.54", "2018-06-30": "$23.09", "2018-03-31": "$23.14", "2017-12-31": "$17.29", "2017-09-30": "$17.74", "2017-06-30": "$14.87", "2017-03-31": "$14.21", "2016-12-31": "$18.15", "2016-09-30": "$16.35", "2016-06-30": "$15.56", "2016-03-31": "$15.53", "2015-12-31": "$14.17", "2015-09-30": "$13.01", "2015-06-30": "$13.66", "2015-03-31": "$13.67", "2014-12-31": "$11.19", "2014-09-30": "$11.03", "2014-06-30": "$9.92", "2014-03-31": "$8.41", "2013-12-31": "$8.81", "2013-09-30": "$7.29", "2013-06-30": "$6.86", "2013-03-31": "$3.40", "2012-12-31": "$6.78", "2012-09-30": "$6.64", "2012-06-30": "$6.69", "2012-03-31": "$9.29", "2011-12-31": "$6.20", "2011-09-30": "$5.83", "2011-06-30": "$5.53", "2011-03-31": "$5.51", "2010-12-31": "$5.70", "2010-09-30": "$5.20", "2010-06-30": "$4.16", "2010-03-31": "$3.33", "2009-12-31": "$3.14", "2009-09-30": "$3.63", "2009-06-30": "$4.28", "2009-03-31": "$4.33", "2008-12-31": "$4.36", "2008-09-30": "$3.68", "2008-06-30": "$2.99", "2008-03-31": "$2.63", "2007-12-31": "$2.35", "2007-09-30": "$2.38", "2007-06-30": "$2.22", "2007-03-31": "$2.37", "2006-12-31": "$2.08"}, "net worth": {"value": "$40.38B"}, "current ratio": {"current": "1.84", "2020-12-31": "1.84", "2020-09-30": "2.06", "2020-06-30": "2.46", "2020-03-31": "1.73", "2019-12-31": "1.72", "2019-09-30": "1.91", "2019-06-30": "2.46", "2019-03-31": "2.84", "2018-12-31": "2.32", "2018-09-30": "2.75", "2018-06-30": "2.36", "2018-03-31": "3.23", "2017-12-31": "2.34", "2017-09-30": "2.20", "2017-06-30": "2.10", "2017-03-31": "2.29", "2016-12-31": "2.55", "2016-09-30": "3.24", "2016-06-30": "2.96", "2016-03-31": "2.59", "2015-12-31": "2.60", "2015-09-30": "3.52", "2015-06-30": "2.20", "2015-03-31": "2.70", "2014-12-31": "2.05", "2014-09-30": "2.25", "2014-06-30": "2.05", "2014-03-31": "2.21", "2013-12-31": "1.81", "2013-09-30": "1.74", "2013-06-30": "1.94", "2013-03-31": "4.16", "2012-12-31": "1.96", "2012-09-30": "2.01", "2012-06-30": "2.00", "2012-03-31": "2.00", "2011-12-31": "3.26", "2011-09-30": "3.21", "2011-06-30": "2.82", "2011-03-31": "2.69", "2010-12-31": "2.42", "2010-09-30": "2.59", "2010-06-30": "2.98", "2010-03-31": "3.53", "2009-12-31": "3.47", "2009-09-30": "3.57", "2009-06-30": "3.41", "2009-03-31": "3.07", "2008-12-31": "2.66", "2008-09-30": "2.68", "2008-06-30": "2.44", "2008-03-31": "3.03", "2007-12-31": "1.08", "2007-09-30": "0.82", "2007-06-30": "0.78", "2007-03-31": "3.88", "2006-12-31": "2.94", "2006-09-30": "2.80", "2006-06-30": "2.90", "2006-03-31": "3.06", "2005-12-31": "2.73", "2005-09-30": "2.75", "2005-06-30": "3.32", "2005-03-31": "1.62"}, "quick ratio": {"2020-12-31": "1.56", "2020-09-30": "1.79", "2020-06-30": "2.19", "2020-03-31": "1.54", "2019-12-31": "1.56", "2019-09-30": "1.74", "2019-06-30": "2.22", "2019-03-31": "2.60", "2018-12-31": "2.04", "2018-09-30": "2.46", "2018-06-30": "2.06", "2018-03-31": "2.95", "2017-12-31": "2.07", "2017-09-30": "1.90", "2017-06-30": "1.83", "2017-03-31": "1.98", "2016-12-31": "2.26", "2016-09-30": "2.83", "2016-06-30": "2.56", "2016-03-31": "2.25", "2015-12-31": "2.25", "2015-09-30": "3.17", "2015-06-30": "1.86", "2015-03-31": "2.28", "2014-12-31": "1.68", "2014-09-30": "1.87", "2014-06-30": "1.67", "2014-03-31": "1.79", "2013-12-31": "1.44", "2013-09-30": "1.34", "2013-06-30": "1.50", "2013-03-31": "3.76", "2012-12-31": "1.69", "2012-09-30": "1.75", "2012-06-30": "1.75", "2012-03-31": "1.75", "2011-12-31": "2.90", "2011-09-30": "2.85", "2011-06-30": "2.49", "2011-03-31": "2.38", "2010-12-31": "2.14", "2010-09-30": "2.26", "2010-06-30": "2.63", "2010-03-31": "3.12", "2009-12-31": "3.06", "2009-09-30": "3.18", "2009-06-30": "3.08", "2009-03-31": "2.74", "2008-12-31": "2.38", "2008-09-30": "2.42", "2008-06-30": "2.15", "2008-03-31": "2.69", "2007-12-31": "0.98", "2007-09-30": "0.70", "2007-06-30": "0.72", "2007-03-31": "3.51", "2006-12-31": "2.65", "2006-09-30": "2.49", "2006-06-30": "2.61", "2006-03-31": "2.70", "2005-12-31": "2.43", "2005-09-30": "2.34", "2005-06-30": "2.87", "2005-03-31": "1.42"}, "debt equity ratio": {"current": "0.69", "2020-12-31": "1.30", "2020-09-30": "1.32", "2020-06-30": "1.26", "2020-03-31": "1.08", "2019-12-31": "1.04", "2019-09-30": "0.96", "2019-06-30": "1.03", "2019-03-31": "0.91", "2018-12-31": "0.94", "2018-09-30": "0.85", "2018-06-30": "0.96", "2018-03-31": "0.86", "2017-12-31": "0.88", "2017-09-30": "0.80", "2017-06-30": "0.88", "2017-03-31": "0.85", "2016-12-31": "0.89", "2016-09-30": "0.83", "2016-06-30": "0.89", "2016-03-31": "1.00", "2015-12-31": "1.08", "2015-09-30": "0.96", "2015-06-30": "0.33", "2015-03-31": "0.30", "2014-12-31": "0.32", "2014-09-30": "0.31", "2014-06-30": "0.35", "2014-03-31": "0.34", "2013-12-31": "0.38", "2013-09-30": "0.39", "2013-06-30": "0.37", "2013-03-31": "0.39", "2012-12-31": "0.46", "2012-09-30": "0.45", "2012-06-30": "0.46", "2012-03-31": "0.45", "2011-12-31": "0.41", "2011-09-30": "0.41", "2011-06-30": "0.42", "2011-03-31": "0.46", "2010-12-31": "0.49", "2010-09-30": "0.46", "2010-06-30": "0.44", "2010-03-31": "0.38", "2009-12-31": "0.37", "2009-09-30": "0.37", "2009-06-30": "0.41", "2009-03-31": "0.42", "2008-12-31": "0.45", "2008-09-30": "0.48", "2008-06-30": "0.48", "2008-03-31": "0.48", "2007-12-31": "0.56", "2007-09-30": "0.57", "2007-06-30": "0.93", "2007-03-31": "0.19", "2006-12-31": "0.20", "2006-09-30": "0.19", "2006-06-30": "0.19", "2006-03-31": "0.19", "2005-12-31": "0.21", "2005-09-30": "0.22", "2005-06-30": "0.23", "2005-03-31": "0.34"}, "return on equity": {"2020-12-31": "35.36%", "2020-09-30": "42.44%", "2020-06-30": "46.34%", "2020-03-31": "44.52%", "2019-12-31": "43.54%", "2019-09-30": "40.12%", "2019-06-30": "39.53%", "2019-03-31": "35.31%", "2018-12-31": "33.39%", "2018-09-30": "24.21%", "2018-06-30": "22.95%", "2018-03-31": "23.23%", "2017-12-31": "20.95%", "2017-09-30": "29.04%", "2017-06-30": "27.86%", "2017-03-31": "29.54%", "2016-12-31": "32.22%", "2016-09-30": "35.96%", "2016-06-30": "36.66%", "2016-03-31": "34.51%", "2015-12-31": "32.12%", "2015-09-30": "31.55%", "2015-06-30": "30.69%", "2015-03-31": "30.87%", "2014-12-31": "29.39%", "2014-09-30": "26.58%", "2014-06-30": "24.14%", "2014-03-31": "22.68%", "2013-12-31": "23.30%", "2013-09-30": "22.39%", "2013-06-30": "22.28%", "2013-03-31": "22.09%", "2012-12-31": "21.06%", "2012-09-30": "21.63%", "2012-06-30": "21.27%", "2012-03-31": "19.87%", "2011-12-31": "20.24%", "2011-09-30": "20.06%", "2011-06-30": "19.34%", "2011-03-31": "20.20%", "2010-12-31": "18.52%", "2010-09-30": "19.03%", "2010-06-30": "18.22%", "2010-03-31": "15.07%", "2009-12-31": "15.46%", "2009-09-30": "14.12%", "2009-06-30": "13.42%", "2009-03-31": "14.95%", "2008-12-31": "13.84%", "2008-09-30": "13.92%", "2008-06-30": "12.79%", "2008-03-31": "12.93%", "2007-12-31": "11.34%", "2007-09-30": "9.05%", "2007-06-30": "8.97%", "2007-03-31": "3.20%", "2006-12-31": "3.09%", "2006-09-30": "2.36%", "2006-06-30": "0.50%", "2006-03-31": "3.49%", "2005-12-31": "2.36%"}, "return on assets": {"2020-12-31": "15.82%", "2020-09-30": "19.59%", "2020-06-30": "22.29%", "2020-03-31": "21.95%", "2019-12-31": "21.92%", "2019-09-30": "20.46%", "2019-06-30": "20.46%", "2019-03-31": "18.45%", "2018-12-31": "17.58%", "2018-09-30": "12.85%", "2018-06-30": "12.27%", "2018-03-31": "12.54%", "2017-12-31": "11.33%", "2017-09-30": "15.68%", "2017-06-30": "14.98%", "2017-03-31": "15.87%", "2016-12-31": "16.99%", "2016-09-30": "18.55%", "2016-06-30": "18.53%", "2016-03-31": "19.04%", "2015-12-31": "19.65%", "2015-09-30": "21.48%", "2015-06-30": "23.27%", "2015-03-31": "23.35%", "2014-12-31": "22.08%", "2014-09-30": "19.79%", "2014-06-30": "17.74%", "2014-03-31": "16.59%", "2013-12-31": "16.89%", "2013-09-30": "16.02%", "2013-06-30": "15.78%", "2013-03-31": "15.39%", "2012-12-31": "14.51%", "2012-09-30": "15.02%", "2012-06-30": "14.86%", "2012-03-31": "13.97%", "2011-12-31": "14.20%", "2011-09-30": "13.89%", "2011-06-30": "13.28%", "2011-03-31": "13.82%", "2010-12-31": "12.87%", "2010-09-30": "13.52%", "2010-06-30": "13.14%", "2010-03-31": "10.92%", "2009-12-31": "11.12%", "2009-09-30": "10.01%", "2009-06-30": "9.32%", "2009-03-31": "10.25%", "2008-12-31": "9.40%", "2008-09-30": "9.29%", "2008-06-30": "8.42%", "2008-03-31": "7.98%", "2007-12-31": "7.49%", "2007-09-30": "6.42%", "2007-06-30": "6.79%", "2007-03-31": "2.69%", "2006-12-31": "2.59%", "2006-09-30": "1.97%", "2006-06-30": "0.42%", "2006-03-31": "2.88%", "2005-12-31": "1.89%"}, "return on investments": {"2020-12-31": "25.28%", "2020-09-30": "37.16%", "2020-06-30": "41.02%", "2020-03-31": "40.81%", "2019-12-31": "37.61%", "2019-09-30": "35.27%", "2019-06-30": "34.14%", "2019-03-31": "30.58%", "2018-12-31": "30.67%", "2018-09-30": "30.96%", "2018-06-30": "31.10%", "2018-03-31": "31.31%", "2017-12-31": "29.59%", "2017-09-30": "26.35%", "2017-06-30": "25.13%", "2017-03-31": "26.42%", "2016-12-31": "28.58%", "2016-09-30": "31.33%", "2016-06-30": "31.74%", "2016-03-31": "32.70%", "2015-12-31": "33.51%", "2015-09-30": "36.24%", "2015-06-30": "39.02%", "2015-03-31": "39.46%", "2014-12-31": "37.58%", "2014-09-30": "34.61%", "2014-06-30": "31.68%", "2014-03-31": "29.42%", "2013-12-31": "29.00%", "2013-09-30": "27.81%", "2013-06-30": "27.23%", "2013-03-31": "26.70%", "2012-12-31": "25.76%", "2012-09-30": "25.39%", "2012-06-30": "24.76%", "2012-03-31": "23.26%", "2011-12-31": "24.08%", "2011-09-30": "24.14%", "2011-06-30": "20.76%", "2011-03-31": "21.20%", "2010-12-31": "19.24%", "2010-09-30": "19.07%", "2010-06-30": "20.71%", "2010-03-31": "17.62%", "2009-12-31": "17.58%", "2009-09-30": "17.04%", "2009-06-30": "17.03%", "2009-03-31": "18.59%", "2008-12-31": "18.06%", "2008-09-30": "18.02%", "2008-06-30": "15.71%", "2008-03-31": "15.39%", "2007-12-31": "13.72%", "2007-09-30": "11.63%", "2007-06-30": "11.83%", "2007-03-31": "6.27%", "2006-12-31": "6.19%", "2006-09-30": "4.85%", "2006-06-30": "2.35%", "2006-03-31": "4.80%", "2005-12-31": "3.42%"}, "return on tangible equity": {"2020-12-31": "177.88%", "2020-09-30": "181.36%", "2020-06-30": "164.65%", "2020-03-31": "149.18%", "2019-12-31": "134.21%", "2019-09-30": "121.93%", "2019-06-30": "119.03%", "2019-03-31": "105.50%", "2018-12-31": "99.00%", "2018-09-30": "71.68%", "2018-06-30": "67.69%", "2018-03-31": "66.72%", "2017-12-31": "62.75%", "2017-09-30": "83.21%", "2017-06-30": "78.03%", "2017-03-31": "79.56%", "2016-12-31": "86.40%", "2016-09-30": "102.82%", "2016-06-30": "107.05%", "2016-03-31": "91.68%", "2015-12-31": "78.01%", "2015-09-30": "69.91%", "2015-06-30": "65.31%", "2015-03-31": "68.28%", "2014-12-31": "67.94%", "2014-09-30": "66.17%", "2014-06-30": "67.17%", "2014-03-31": "70.93%", "2013-12-31": "63.11%", "2013-09-30": "52.14%", "2013-06-30": "44.46%", "2013-03-31": "38.09%", "2012-12-31": "37.87%", "2012-09-30": "39.32%", "2012-06-30": "38.98%", "2012-03-31": "36.39%", "2011-12-31": "37.60%", "2011-09-30": "39.18%", "2011-06-30": "39.95%", "2011-03-31": "43.92%", "2010-12-31": "40.00%", "2010-09-30": "39.77%", "2010-06-30": "36.23%", "2010-03-31": "29.26%", "2009-12-31": "30.53%", "2009-09-30": "29.05%", "2009-06-30": "29.52%", "2009-03-31": "35.45%", "2008-12-31": "35.15%", "2008-09-30": "37.53%", "2008-06-30": "38.31%", "2008-03-31": "44.28%", "2007-12-31": "33.60%", "2007-09-30": "24.43%", "2007-06-30": "22.06%", "2007-03-31": "7.14%", "2006-12-31": "7.09%", "2006-09-30": "5.57%", "2006-06-30": "1.22%", "2006-03-31": "8.80%", "2005-12-31": "6.28%"}, "dividend yield history": {"last payout": "$0.00", "last yield": "0.00%"}}