{"ticker": "BMRN", "price": {"title": "BioMarin Pharmaceutical Historical Annual Stock Price Data", "value": 85.22, "historical": {"2021": {"Average Stock Price": "85.0350", "Year Open": "86.3000", "Year High": "90.6900", "Year Low": "81.1200", "Year Close": "85.2200", "Annual % Change": "-2.82%"}, "2020": {"Average Stock Price": "91.5134", "Year Open": "84.0400", "Year High": "131.0300", "Year Low": "71.3700", "Year Close": "87.6900", "Annual % Change": "3.71%"}, "2019": {"Average Stock Price": "82.5653", "Year Open": "84.9600", "Year High": "98.6200", "Year Low": "64.2700", "Year Close": "84.5500", "Annual % Change": "-0.70%"}, "2018": {"Average Stock Price": "92.1163", "Year Open": "91.0300", "Year High": "106.0700", "Year Low": "76.0100", "Year Close": "85.1500", "Annual % Change": "-4.51%"}, "2017": {"Average Stock Price": "88.8143", "Year Open": "85.8400", "Year High": "98.8200", "Year Low": "80.6000", "Year Close": "89.1700", "Annual % Change": "7.64%"}, "2016": {"Average Stock Price": "86.6998", "Year Open": "104.9200", "Year High": "104.9200", "Year Low": "64.7400", "Year Close": "82.8400", "Annual % Change": "-20.92%"}, "2015": {"Average Stock Price": "117.0456", "Year Open": "92.1700", "Year High": "149.1300", "Year Low": "90.2800", "Year Close": "104.7600", "Annual % Change": "15.88%"}, "2014": {"Average Stock Price": "70.7528", "Year Open": "69.2700", "Year High": "94.1900", "Year Low": "55.7800", "Year Close": "90.4000", "Annual % Change": "28.50%"}, "2013": {"Average Stock Price": "63.4324", "Year Open": "51.9200", "Year High": "78.3880", "Year Low": "51.5600", "Year Close": "70.3500", "Annual % Change": "42.99%"}, "2012": {"Average Stock Price": "39.1417", "Year Open": "34.9300", "Year High": "50.1700", "Year Low": "32.1300", "Year Close": "49.2000", "Annual % Change": "43.11%"}, "2011": {"Average Stock Price": "28.4184", "Year Open": "26.6100", "Year High": "35.3800", "Year Low": "23.4600", "Year Close": "34.3800", "Annual % Change": "27.66%"}, "2010": {"Average Stock Price": "22.1536", "Year Open": "18.9500", "Year High": "28.2500", "Year Low": "18.2400", "Year Close": "26.9300", "Annual % Change": "43.17%"}, "2009": {"Average Stock Price": "15.6685", "Year Open": "17.6500", "Year High": "20.8300", "Year Low": "10.1400", "Year Close": "18.8100", "Annual % Change": "5.67%"}, "2008": {"Average Stock Price": "29.7800", "Year Open": "36.6400", "Year High": "40.3900", "Year Low": "13.5900", "Year Close": "17.8000", "Annual % Change": "-49.72%"}, "2007": {"Average Stock Price": "21.0564", "Year Open": "16.1000", "Year High": "36.5800", "Year Low": "15.7100", "Year Close": "35.4000", "Annual % Change": "115.99%"}, "2006": {"Average Stock Price": "14.3090", "Year Open": "10.9900", "Year High": "18.0400", "Year Low": "10.9600", "Year Close": "16.3900", "Annual % Change": "52.04%"}, "2005": {"Average Stock Price": "7.3643", "Year Open": "6.2600", "Year High": "11.4100", "Year Low": "4.4300", "Year Close": "10.7800", "Annual % Change": "68.70%"}, "2004": {"Average Stock Price": "6.2104", "Year Open": "7.9100", "Year High": "8.7900", "Year Low": "3.8700", "Year Close": "6.3900", "Annual % Change": "-17.65%"}, "2003": {"Average Stock Price": "9.4406", "Year Open": "7.0300", "Year High": "13.3200", "Year Low": "6.4100", "Year Close": "7.7600", "Annual % Change": "10.07%"}, "2002": {"Average Stock Price": "7.2827", "Year Open": "13.2400", "Year High": "13.9500", "Year Low": "3.6500", "Year Close": "7.0500", "Annual % Change": "-47.54%"}, "2001": {"Average Stock Price": "11.0435", "Year Open": "9.5000", "Year High": "14.1600", "Year Low": "7.3130", "Year Close": "13.4400", "Annual % Change": "38.73%"}, "2000": {"Average Stock Price": "18.0555", "Year Open": "12.7500", "Year High": "38.7500", "Year Low": "7.1560", "Year Close": "9.6880", "Annual % Change": "-17.55%"}}}, "market cap": {"value": "$15.47B"}, "income statement": {"Revenue": {"2019-12-31": "1704.04800", "2018-12-31": "1491.21200", "2017-12-31": "1313.64600", "2016-12-31": "1116.85400", "2015-12-31": "889.89500", "2014-12-31": "749.28400", "2013-12-31": "548.48500", "2012-12-31": "500.72300", "2011-12-31": "441.35800", "2010-12-31": "376.26700", "2009-12-31": "324.65600", "2008-12-31": "296.49300", "2007-12-31": "121.58100", "2006-12-31": "84.20900", "2005-12-31": "25.66900"}, "Cost Of Goods Sold": {"2019-12-31": "359.46600", "2018-12-31": "315.26400", "2017-12-31": "241.78600", "2016-12-31": "209.62000", "2015-12-31": "152.00800", "2014-12-31": "122.26700", "2013-12-31": "88.39100", "2012-12-31": "91.83000", "2011-12-31": "84.02300", "2010-12-31": "70.28500", "2009-12-31": "65.90900", "2008-12-31": "52.50900", "2007-12-31": "18.35900", "2006-12-31": "8.74000", "2005-12-31": "2.62900"}, "Gross Profit": {"2019-12-31": "1344.58200", "2018-12-31": "1175.94800", "2017-12-31": "1071.86000", "2016-12-31": "907.23400", "2015-12-31": "737.88700", "2014-12-31": "627.01700", "2013-12-31": "460.09400", "2012-12-31": "408.89300", "2011-12-31": "357.33500", "2010-12-31": "305.98200", "2009-12-31": "258.74700", "2008-12-31": "243.98400", "2007-12-31": "103.22200", "2006-12-31": "75.46900", "2005-12-31": "23.04000"}, "Research And Development Expenses": {"2019-12-31": "715.00700", "2018-12-31": "696.32800", "2017-12-31": "610.75300", "2016-12-31": "661.90500", "2015-12-31": "634.80600", "2014-12-31": "461.54300", "2013-12-31": "354.78000", "2012-12-31": "302.21800", "2011-12-31": "214.37400", "2010-12-31": "147.30900", "2009-12-31": "115.11600", "2008-12-31": "93.29100", "2007-12-31": "78.60000", "2006-12-31": "66.73500", "2005-12-31": "56.39100"}, "SG&A Expenses": {"2019-12-31": "680.92400", "2018-12-31": "604.35300", "2017-12-31": "554.33600", "2016-12-31": "476.59300", "2015-12-31": "402.27100", "2014-12-31": "302.15600", "2013-12-31": "235.35600", "2012-12-31": "198.17300", "2011-12-31": "175.42300", "2010-12-31": "151.72300", "2009-12-31": "124.29000", "2008-12-31": "106.56600", "2007-12-31": "77.53900", "2006-12-31": "48.50700", "2005-12-31": "41.55600"}, "Other Operating Income Or Expenses": {"2019-12-31": "25.00000", "2018-12-31": "50.00000", "2017-12-31": "125.00000", "2016-12-31": "-599.11800", "2015-12-31": "170.79800", "2014-12-31": "67.50000", "2013-12-31": "-0.93900", "2012-12-31": "0.00000", "2011-12-31": "", "2010-12-31": "", "2009-12-31": "", "2008-12-31": "", "2007-12-31": "", "2006-12-31": "", "2005-12-31": ""}, "Operating Expenses": {"2019-12-31": "1804.50500", "2018-12-31": "1614.73600", "2017-12-31": "1328.34600", "2016-12-31": "1920.28300", "2015-12-31": "1000.59700", "2014-12-31": "842.17500", "2013-12-31": "704.49200", "2012-12-31": "610.93800", "2011-12-31": "475.24800", "2010-12-31": "375.72300", "2009-12-31": "308.22900", "2008-12-31": "256.73700", "2007-12-31": "178.86900", "2006-12-31": "127.63300", "2005-12-31": "101.72000"}, "Operating Income": {"2019-12-31": "-100.45720", "2018-12-31": "-123.52400", "2017-12-31": "-14.70000", "2016-12-31": "-803.42900", "2015-12-31": "-110.70200", "2014-12-31": "-92.89100", "2013-12-31": "-156.00700", "2012-12-31": "-110.21500", "2011-12-31": "-33.89000", "2010-12-31": "0.54400", "2009-12-31": "16.42700", "2008-12-31": "39.75600", "2007-12-31": "-57.28800", "2006-12-31": "-43.42400", "2005-12-31": "-76.05100"}, "Total Non-Operating Income/Expense": {"2019-12-31": "5.64600", "2018-12-31": "-19.18100", "2017-12-31": "-21.17500", "2016-12-31": "-27.62100", "2015-12-31": "-44.02200", "2014-12-31": "-31.97700", "2013-12-31": "-20.49600", "2012-12-31": "-8.06300", "2011-12-31": "-9.73700", "2010-12-31": "-22.03400", "2009-12-31": "-15.86100", "2008-12-31": "-6.33200", "2007-12-31": "42.21400", "2006-12-31": "14.96500", "2005-12-31": "1.78100"}, "Pre-Tax Income": {"2019-12-31": "-94.81100", "2018-12-31": "-142.70500", "2017-12-31": "-35.87500", "2016-12-31": "-831.05000", "2015-12-31": "-154.72400", "2014-12-31": "-124.86800", "2013-12-31": "-176.50300", "2012-12-31": "-118.27800", "2011-12-31": "-43.62700", "2010-12-31": "-21.49000", "2009-12-31": "0.56600", "2008-12-31": "33.42400", "2007-12-31": "-15.07400", "2006-12-31": "-28.45900", "2005-12-31": "-74.27000"}, "Income Taxes": {"2019-12-31": "-70.96300", "2018-12-31": "-65.49400", "2017-12-31": "81.16700", "2016-12-31": "-200.84000", "2015-12-31": "17.07500", "2014-12-31": "9.10100", "2013-12-31": "-0.15000", "2012-12-31": "-3.93100", "2011-12-31": "10.20900", "2010-12-31": "-227.30900", "2009-12-31": "1.05400", "2008-12-31": "2.59300", "2007-12-31": "0.72900", "2006-12-31": "0.07400", "2005-12-31": ""}, "Income After Taxes": {"2019-12-31": "-23.84800", "2018-12-31": "-77.21100", "2017-12-31": "-117.04200", "2016-12-31": "-630.21000", "2015-12-31": "-171.79900", "2014-12-31": "-133.96900", "2013-12-31": "-176.35300", "2012-12-31": "-114.34700", "2011-12-31": "-53.83600", "2010-12-31": "205.81900", "2009-12-31": "-0.48800", "2008-12-31": "30.83100", "2007-12-31": "-15.80300", "2006-12-31": "-28.53300", "2005-12-31": "-74.27000"}, "Other Income": {"2019-12-31": "", "2018-12-31": "", "2017-12-31": "", "2016-12-31": "", "2015-12-31": "", "2014-12-31": "", "2013-12-31": "", "2012-12-31": "", "2011-12-31": "", "2010-12-31": "", "2009-12-31": "", "2008-12-31": "", "2007-12-31": "", "2006-12-31": "", "2005-12-31": ""}, "Income From Continuous Operations": {"2019-12-31": "-23.84800", "2018-12-31": "-77.21100", "2017-12-31": "-117.04200", "2016-12-31": "-630.21000", "2015-12-31": "-171.79900", "2014-12-31": "-133.96900", "2013-12-31": "-176.35300", "2012-12-31": "-114.34700", "2011-12-31": "-53.83600", "2010-12-31": "205.81900", "2009-12-31": "-0.48800", "2008-12-31": "30.83100", "2007-12-31": "-15.80300", "2006-12-31": "-28.53300", "2005-12-31": "-74.27000"}, "Income From Discontinued Operations": {"2019-12-31": "", "2018-12-31": "", "2017-12-31": "", "2016-12-31": "", "2015-12-31": "", "2014-12-31": "", "2013-12-31": "", "2012-12-31": "", "2011-12-31": "", "2010-12-31": "", "2009-12-31": "", "2008-12-31": "", "2007-12-31": "", "2006-12-31": "", "2005-12-31": ""}, "Net Income": {"2019-12-31": "-23.84800", "2018-12-31": "-77.21100", "2017-12-31": "-117.04200", "2016-12-31": "-630.21000", "2015-12-31": "-171.79900", "2014-12-31": "-133.96900", "2013-12-31": "-176.35300", "2012-12-31": "-114.34700", "2011-12-31": "-53.83600", "2010-12-31": "205.81900", "2009-12-31": "-0.48800", "2008-12-31": "30.83100", "2007-12-31": "-15.80300", "2006-12-31": "-28.53300", "2005-12-31": "-74.27000"}, "EBITDA": {"2019-12-31": "2.84290", "2018-12-31": "-27.49510", "2017-12-31": "76.23810", "2016-12-31": "-705.21690", "2015-12-31": "-61.33800", "2014-12-31": "-39.80900", "2013-12-31": "-114.09400", "2012-12-31": "-61.41100", "2011-12-31": "5.19200", "2010-12-31": "32.73400", "2009-12-31": "38.84500", "2008-12-31": "50.88600", "2007-12-31": "-56.08700", "2006-12-31": "-33.64200", "2005-12-31": "-66.30300"}, "EBIT": {"2019-12-31": "-100.45720", "2018-12-31": "-123.52400", "2017-12-31": "-14.70000", "2016-12-31": "-803.42900", "2015-12-31": "-110.70200", "2014-12-31": "-92.89100", "2013-12-31": "-156.00700", "2012-12-31": "-110.21500", "2011-12-31": "-33.89000", "2010-12-31": "0.54400", "2009-12-31": "16.42700", "2008-12-31": "39.75600", "2007-12-31": "-57.28800", "2006-12-31": "-43.42400", "2005-12-31": "-76.05100"}, "Basic Shares Outstanding": {"2019-12-31": "179.03900", "2018-12-31": "177.06100", "2017-12-31": "174.42700", "2016-12-31": "165.98500", "2015-12-31": "160.02500", "2014-12-31": "146.34900", "2013-12-31": "137.75500", "2012-12-31": "120.27100", "2011-12-31": "112.12200", "2010-12-31": "103.09300", "2009-12-31": "100.27100", "2008-12-31": "98.97500", "2007-12-31": "95.87800", "2006-12-31": "84.58200", "2005-12-31": "68.83000"}, "Shares Outstanding": {"2019-12-31": "179.03900", "2018-12-31": "177.26800", "2017-12-31": "174.42700", "2016-12-31": "166.21900", "2015-12-31": "160.02500", "2014-12-31": "146.34900", "2013-12-31": "137.75500", "2012-12-31": "120.27100", "2011-12-31": "112.12200", "2010-12-31": "125.67400", "2009-12-31": "100.27100", "2008-12-31": "103.57200", "2007-12-31": "95.87800", "2006-12-31": "84.58200", "2005-12-31": "68.83000"}, "Basic EPS": {"2019-12-31": "-0.13000", "2018-12-31": "-0.44000", "2017-12-31": "-0.67000", "2016-12-31": "-3.80000", "2015-12-31": "-1.07000", "2014-12-31": "-0.92000", "2013-12-31": "-1.28000", "2012-12-31": "-0.95000", "2011-12-31": "-0.48000", "2010-12-31": "2.00000", "2009-12-31": "0.00000", "2008-12-31": "0.31000", "2007-12-31": "-0.16000", "2006-12-31": "-0.34000", "2005-12-31": "-1.08000"}, "EPS - Earnings Per Share": {"2019-12-31": "-0.13000", "2018-12-31": "-0.44000", "2017-12-31": "-0.67000", "2016-12-31": "-3.81000", "2015-12-31": "-1.07000", "2014-12-31": "-0.92000", "2013-12-31": "-1.28000", "2012-12-31": "-0.95000", "2011-12-31": "-0.48000", "2010-12-31": "1.73000", "2009-12-31": "0.00000", "2008-12-31": "0.29000", "2007-12-31": "-0.16000", "2006-12-31": "-0.34000", "2005-12-31": "-1.08000"}}, "income statement, quarterly": {"Revenue": {"2020-09-30": "476.78400", "2020-06-30": "429.48500", "2020-03-31": "502.06900", "2019-12-31": "454.44290", "2019-09-30": "461.09700", "2019-06-30": "387.76300", "2019-03-31": "400.74500", "2018-12-31": "353.21410", "2018-09-30": "391.70600", "2018-06-30": "372.84500", "2018-03-31": "373.44700", "2017-12-31": "358.30500", "2017-09-30": "334.14800", "2017-06-30": "317.44800", "2017-03-31": "303.74500", "2016-12-31": "300.09100", "2016-09-30": "279.89600", "2016-06-30": "300.13100", "2016-03-31": "236.73600", "2015-12-31": "227.93600", "2015-09-30": "208.90400", "2015-06-30": "250.13500", "2015-03-31": "202.92000", "2014-12-31": "229.39600", "2014-09-30": "176.54900", "2014-06-30": "191.78700", "2014-03-31": "151.55200", "2013-12-31": "146.87300", "2013-09-30": "136.87400", "2013-06-30": "136.81000", "2013-03-31": "127.92800", "2012-12-31": "131.93800", "2012-09-30": "128.11700", "2012-06-30": "124.01900", "2012-03-31": "116.64900", "2011-12-31": "107.84600", "2011-09-30": "113.42500", "2011-06-30": "110.63100", "2011-03-31": "109.45600", "2010-12-31": "101.61400", "2010-09-30": "97.75000", "2010-06-30": "91.95000", "2010-03-31": "84.95300", "2009-12-31": "87.08200", "2009-09-30": "80.80700", "2009-06-30": "82.78700", "2009-03-31": "73.98000", "2008-12-31": "99.27700", "2008-09-30": "72.64600", "2008-06-30": "64.17400", "2008-03-31": "60.39600", "2007-12-31": "44.85300", "2007-09-30": "25.00600", "2007-06-30": "28.88400", "2007-03-31": "22.83800", "2006-12-31": "5.71000", "2006-09-30": "24.92700", "2006-06-30": "23.45000", "2006-03-31": "13.81200", "2005-12-31": "0.80400", "2005-09-30": "7.57900", "2005-06-30": "3.62600", "2005-03-31": "4.98900"}, "Cost Of Goods Sold": {"2020-09-30": "188.79300", "2020-06-30": "97.96700", "2020-03-31": "111.37400", "2019-12-31": "95.89900", "2019-09-30": "96.94900", "2019-06-30": "77.43600", "2019-03-31": "89.18200", "2018-12-31": "75.01900", "2018-09-30": "78.89300", "2018-06-30": "79.01900", "2018-03-31": "82.33300", "2017-12-31": "75.99500", "2017-09-30": "59.48000", "2017-06-30": "56.30500", "2017-03-31": "50.00600", "2016-12-31": "64.14700", "2016-09-30": "50.73800", "2016-06-30": "51.61700", "2016-03-31": "43.11800", "2015-12-31": "48.04300", "2015-09-30": "34.90400", "2015-06-30": "38.06300", "2015-03-31": "30.99800", "2014-12-31": "38.32100", "2014-09-30": "29.92000", "2014-06-30": "31.21000", "2014-03-31": "22.81600", "2013-12-31": "17.27000", "2013-09-30": "28.05400", "2013-06-30": "22.56700", "2013-03-31": "20.50000", "2012-12-31": "26.53200", "2012-09-30": "24.61900", "2012-06-30": "23.57400", "2012-03-31": "17.10500", "2011-12-31": "21.51900", "2011-09-30": "22.44500", "2011-06-30": "19.26300", "2011-03-31": "20.79600", "2010-12-31": "20.46900", "2010-09-30": "18.00300", "2010-06-30": "14.40100", "2010-03-31": "17.41200", "2009-12-31": "16.72900", "2009-09-30": "14.97000", "2009-06-30": "19.84800", "2009-03-31": "14.36200", "2008-12-31": "11.66500", "2008-09-30": "14.06300", "2008-06-30": "9.59300", "2008-03-31": "17.18800", "2007-12-31": "5.22500", "2007-09-30": "4.46000", "2007-06-30": "4.55700", "2007-03-31": "4.11700", "2006-12-31": "3.61700", "2006-09-30": "2.61200", "2006-06-30": "0.78900", "2006-03-31": "1.72200", "2005-12-31": "1.32700", "2005-09-30": "0.16400", "2005-06-30": "0.47800", "2005-03-31": "0.66000"}, "Gross Profit": {"2020-09-30": "287.99100", "2020-06-30": "331.51800", "2020-03-31": "390.69500", "2019-12-31": "358.54390", "2019-09-30": "364.14800", "2019-06-30": "310.32700", "2019-03-31": "311.56300", "2018-12-31": "278.19510", "2018-09-30": "312.81300", "2018-06-30": "293.82600", "2018-03-31": "291.11400", "2017-12-31": "282.31000", "2017-09-30": "274.66800", "2017-06-30": "261.14300", "2017-03-31": "253.73900", "2016-12-31": "235.94400", "2016-09-30": "229.15800", "2016-06-30": "248.51400", "2016-03-31": "193.61800", "2015-12-31": "179.89300", "2015-09-30": "174.00000", "2015-06-30": "212.07200", "2015-03-31": "171.92200", "2014-12-31": "191.07500", "2014-09-30": "146.62900", "2014-06-30": "160.57700", "2014-03-31": "128.73600", "2013-12-31": "129.60300", "2013-09-30": "108.82000", "2013-06-30": "114.24300", "2013-03-31": "107.42800", "2012-12-31": "105.40600", "2012-09-30": "103.49800", "2012-06-30": "100.44500", "2012-03-31": "99.54400", "2011-12-31": "86.32700", "2011-09-30": "90.98000", "2011-06-30": "91.36800", "2011-03-31": "88.66000", "2010-12-31": "81.14500", "2010-09-30": "79.74700", "2010-06-30": "77.54900", "2010-03-31": "67.54100", "2009-12-31": "70.35300", "2009-09-30": "65.83700", "2009-06-30": "62.93900", "2009-03-31": "59.61800", "2008-12-31": "87.61200", "2008-09-30": "58.58300", "2008-06-30": "54.58100", "2008-03-31": "43.20800", "2007-12-31": "39.62800", "2007-09-30": "20.54600", "2007-06-30": "24.32700", "2007-03-31": "18.72100", "2006-12-31": "2.09300", "2006-09-30": "22.31500", "2006-06-30": "22.66100", "2006-03-31": "12.09000", "2005-12-31": "-0.52300", "2005-09-30": "7.41500", "2005-06-30": "3.14800", "2005-03-31": "4.32900"}, "Research And Development Expenses": {"2020-09-30": "147.05300", "2020-06-30": "182.13900", "2020-03-31": "142.25700", "2019-12-31": "172.81200", "2019-09-30": "172.96300", "2019-06-30": "185.64100", "2019-03-31": "183.59100", "2018-12-31": "175.39000", "2018-09-30": "161.40800", "2018-06-30": "175.58200", "2018-03-31": "183.94800", "2017-12-31": "168.60800", "2017-09-30": "154.10300", "2017-06-30": "143.03900", "2017-03-31": "145.00300", "2016-12-31": "175.24200", "2016-09-30": "160.83100", "2016-06-30": "167.03900", "2016-03-31": "158.79300", "2015-12-31": "176.11800", "2015-09-30": "158.71300", "2015-06-30": "157.90100", "2015-03-31": "142.07400", "2014-12-31": "141.98900", "2014-09-30": "125.68600", "2014-06-30": "107.70200", "2014-03-31": "86.16600", "2013-12-31": "97.31200", "2013-09-30": "88.06400", "2013-06-30": "85.66100", "2013-03-31": "83.74300", "2012-12-31": "84.36300", "2012-09-30": "66.20900", "2012-06-30": "77.81200", "2012-03-31": "73.83400", "2011-12-31": "57.87100", "2011-09-30": "58.57700", "2011-06-30": "52.90900", "2011-03-31": "45.01700", "2010-12-31": "42.19700", "2010-09-30": "39.36600", "2010-06-30": "35.64900", "2010-03-31": "30.09700", "2009-12-31": "27.44300", "2009-09-30": "26.99100", "2009-06-30": "26.32400", "2009-03-31": "34.35800", "2008-12-31": "25.73300", "2008-09-30": "26.17500", "2008-06-30": "23.75500", "2008-03-31": "17.62800", "2007-12-31": "24.01400", "2007-09-30": "17.24100", "2007-06-30": "19.18600", "2007-03-31": "18.15900", "2006-12-31": "20.57200", "2006-09-30": "18.10500", "2006-06-30": "15.77900", "2006-03-31": "12.27900", "2005-12-31": "12.68300", "2005-09-30": "13.89400", "2005-06-30": "14.82200", "2005-03-31": "14.99200"}, "SG&A Expenses": {"2020-09-30": "179.45000", "2020-06-30": "175.41200", "2020-03-31": "187.29500", "2019-12-31": "187.90000", "2019-09-30": "170.11200", "2019-06-30": "160.75400", "2019-03-31": "162.15800", "2018-12-31": "164.17110", "2018-09-30": "148.56600", "2018-06-30": "153.28000", "2018-03-31": "138.33600", "2017-12-31": "160.28000", "2017-09-30": "130.53200", "2017-06-30": "143.50500", "2017-03-31": "120.01900", "2016-12-31": "142.95800", "2016-09-30": "118.75800", "2016-06-30": "109.57700", "2016-03-31": "105.30000", "2015-12-31": "113.90700", "2015-09-30": "94.04400", "2015-06-30": "101.51400", "2015-03-31": "92.80600", "2014-12-31": "99.39400", "2014-09-30": "74.60400", "2014-06-30": "68.08900", "2014-03-31": "60.06900", "2013-12-31": "71.80900", "2013-09-30": "61.84100", "2013-06-30": "50.65600", "2013-03-31": "51.05000", "2012-12-31": "55.04900", "2012-09-30": "46.33700", "2012-06-30": "51.53900", "2012-03-31": "45.24800", "2011-12-31": "48.49100", "2011-09-30": "44.88000", "2011-06-30": "41.01500", "2011-03-31": "41.03700", "2010-12-31": "42.09800", "2010-09-30": "38.34800", "2010-06-30": "37.27700", "2010-03-31": "34.00000", "2009-12-31": "36.52800", "2009-09-30": "28.66700", "2009-06-30": "30.52700", "2009-03-31": "28.56800", "2008-12-31": "28.73000", "2008-09-30": "28.96400", "2008-06-30": "25.20300", "2008-03-31": "23.66900", "2007-12-31": "24.46500", "2007-09-30": "19.52100", "2007-06-30": "17.29500", "2007-03-31": "16.25800", "2006-12-31": "13.45100", "2006-09-30": "12.29200", "2006-06-30": "11.87100", "2006-03-31": "10.89300", "2005-12-31": "11.07500", "2005-09-30": "9.79700", "2005-06-30": "10.11700", "2005-03-31": "10.56700"}, "Other Operating Income Or Expenses": {"2020-09-30": "", "2020-06-30": "-14.91200", "2020-03-31": "43.81800", "2019-12-31": "50.05100", "2019-09-30": "", "2019-06-30": "-5.28600", "2019-03-31": "-19.76500", "2018-12-31": "53.42900", "2018-09-30": "", "2018-06-30": "9.77300", "2018-03-31": "-13.20200", "2017-12-31": "", "2017-09-30": "", "2017-06-30": "", "2017-03-31": "", "2016-12-31": "", "2016-09-30": "", "2016-06-30": "-599.11800", "2016-03-31": "", "2015-12-31": "", "2015-09-30": "", "2015-06-30": "", "2015-03-31": "", "2014-12-31": "3.66800", "2014-09-30": "67.50000", "2014-06-30": "-3.66800", "2014-03-31": "", "2013-12-31": "", "2013-09-30": "", "2013-06-30": "", "2013-03-31": "", "2012-12-31": "", "2012-09-30": "", "2012-06-30": "", "2012-03-31": "", "2011-12-31": "", "2011-09-30": "", "2011-06-30": "", "2011-03-31": "", "2010-12-31": "", "2010-09-30": "", "2010-06-30": "", "2010-03-31": "", "2009-12-31": "", "2009-09-30": "", "2009-06-30": "", "2009-03-31": "", "2008-12-31": "", "2008-09-30": "", "2008-06-30": "", "2008-03-31": "", "2007-12-31": "", "2007-09-30": "", "2007-06-30": "", "2007-03-31": "", "2006-12-31": "", "2006-09-30": "", "2006-06-30": "", "2006-03-31": "", "2005-12-31": "", "2005-09-30": "", "2005-06-30": "", "2005-03-31": ""}, "Operating Expenses": {"2020-09-30": "532.72500", "2020-06-30": "470.43000", "2020-03-31": "397.10800", "2019-12-31": "463.60520", "2019-09-30": "457.08700", "2019-06-30": "429.11700", "2019-03-31": "454.69600", "2018-12-31": "391.36210", "2018-09-30": "407.44700", "2018-06-30": "398.10800", "2018-03-31": "417.81900", "2017-12-31": "300.25790", "2017-09-30": "347.87500", "2017-06-30": "356.26000", "2017-03-31": "323.95300", "2016-12-31": "389.71200", "2016-09-30": "339.98100", "2016-06-30": "872.93700", "2016-03-31": "317.65300", "2015-12-31": "126.61710", "2015-09-30": "290.77700", "2015-06-30": "314.42300", "2015-03-31": "268.78000", "2014-12-31": "288.15200", "2014-09-30": "165.34600", "2014-06-30": "210.66900", "2014-03-31": "178.00800", "2013-12-31": "199.18300", "2013-09-30": "187.59800", "2013-06-30": "156.86200", "2013-03-31": "160.84900", "2012-12-31": "178.84200", "2012-09-30": "138.60800", "2012-06-30": "154.97300", "2012-03-31": "138.51500", "2011-12-31": "129.28100", "2011-09-30": "128.94200", "2011-06-30": "109.86300", "2011-03-31": "107.16200", "2010-12-31": "104.96400", "2010-09-30": "99.68900", "2010-06-30": "88.90700", "2010-03-31": "82.16300", "2009-12-31": "80.70000", "2009-09-30": "70.67400", "2009-06-30": "78.47400", "2009-03-31": "78.38100", "2008-12-31": "67.22000", "2008-09-30": "70.29500", "2008-06-30": "59.64400", "2008-03-31": "59.57800", "2007-12-31": "54.79600", "2007-09-30": "42.31500", "2007-06-30": "42.13100", "2007-03-31": "39.62700", "2006-12-31": "38.73200", "2006-09-30": "34.10200", "2006-06-30": "29.53200", "2006-03-31": "25.26700", "2005-12-31": "25.37100", "2005-09-30": "24.14100", "2005-06-30": "25.70300", "2005-03-31": "26.50500"}, "Operating Income": {"2020-09-30": "-55.94100", "2020-06-30": "-40.94500", "2020-03-31": "104.96100", "2019-12-31": "-9.16220", "2019-09-30": "4.01000", "2019-06-30": "-41.35400", "2019-03-31": "-53.95110", "2018-12-31": "-38.14800", "2018-09-30": "-15.74100", "2018-06-30": "-25.26300", "2018-03-31": "-44.37200", "2017-12-31": "58.04710", "2017-09-30": "-13.72700", "2017-06-30": "-38.81200", "2017-03-31": "-20.20800", "2016-12-31": "-89.62090", "2016-09-30": "-60.08500", "2016-06-30": "-572.80600", "2016-03-31": "-80.91700", "2015-12-31": "101.31900", "2015-09-30": "-81.87300", "2015-06-30": "-64.28800", "2015-03-31": "-65.86000", "2014-12-31": "-58.75600", "2014-09-30": "11.20300", "2014-06-30": "-18.88200", "2014-03-31": "-26.45600", "2013-12-31": "-52.31000", "2013-09-30": "-50.72400", "2013-06-30": "-20.05200", "2013-03-31": "-32.92100", "2012-12-31": "-46.90400", "2012-09-30": "-10.49100", "2012-06-30": "-30.95400", "2012-03-31": "-21.86600", "2011-12-31": "-21.43500", "2011-09-30": "-15.51700", "2011-06-30": "0.76800", "2011-03-31": "2.29400", "2010-12-31": "-3.35000", "2010-09-30": "-1.93900", "2010-06-30": "3.04300", "2010-03-31": "2.79000", "2009-12-31": "6.38200", "2009-09-30": "10.13300", "2009-06-30": "4.31300", "2009-03-31": "-4.40100", "2008-12-31": "32.05700", "2008-09-30": "2.35100", "2008-06-30": "4.53000", "2008-03-31": "0.81800", "2007-12-31": "-9.94300", "2007-09-30": "-17.30900", "2007-06-30": "-13.24700", "2007-03-31": "-16.78900", "2006-12-31": "-33.02200", "2006-09-30": "-9.17500", "2006-06-30": "-6.08200", "2006-03-31": "-11.45500", "2005-12-31": "0.80400", "2005-09-30": "-16.56200", "2005-06-30": "-22.07700", "2005-03-31": "-21.51600"}, "Total Non-Operating Income/Expense": {"2020-09-30": "-5.27500", "2020-06-30": "-1.32800", "2020-03-31": "-3.60900", "2019-12-31": "-0.61900", "2019-09-30": "5.81200", "2019-06-30": "-0.54100", "2019-03-31": "0.99400", "2018-12-31": "-5.16300", "2018-09-30": "-3.67200", "2018-06-30": "-3.91400", "2018-03-31": "-6.43200", "2017-12-31": "-3.44900", "2017-09-30": "-6.89400", "2017-06-30": "-6.73400", "2017-03-31": "-4.09800", "2016-12-31": "-2.54500", "2016-09-30": "-6.72800", "2016-06-30": "-10.13900", "2016-03-31": "-8.20900", "2015-12-31": "-8.35400", "2015-09-30": "-8.57000", "2015-06-30": "-18.25500", "2015-03-31": "-8.84300", "2014-12-31": "-6.98100", "2014-09-30": "-7.98200", "2014-06-30": "-8.84600", "2014-03-31": "-8.16800", "2013-12-31": "-7.06500", "2013-09-30": "-1.59200", "2013-06-30": "-0.23900", "2013-03-31": "-11.60000", "2012-12-31": "-3.19000", "2012-09-30": "-1.27000", "2012-06-30": "-1.46300", "2012-03-31": "-2.14000", "2011-12-31": "-1.68100", "2011-09-30": "-4.21400", "2011-06-30": "-1.94100", "2011-03-31": "-1.90100", "2010-12-31": "-15.88800", "2010-09-30": "-2.67900", "2010-06-30": "-2.46400", "2010-03-31": "-1.00300", "2009-12-31": "-2.50000", "2009-09-30": "-2.54800", "2009-06-30": "-2.47900", "2009-03-31": "-8.33400", "2008-12-31": "-5.50100", "2008-09-30": "-1.27000", "2008-06-30": "-0.56700", "2008-03-31": "1.00600", "2007-12-31": "12.67000", "2007-09-30": "12.28500", "2007-06-30": "9.73700", "2007-03-31": "7.52200", "2006-12-31": "6.39400", "2006-09-30": "2.13900", "2006-06-30": "4.75700", "2006-03-31": "1.67500", "2005-12-31": "0.90000", "2005-09-30": "1.08600", "2005-06-30": "0.73700", "2005-03-31": "-0.94200"}, "Pre-Tax Income": {"2020-09-30": "-61.21600", "2020-06-30": "-42.27300", "2020-03-31": "101.35200", "2019-12-31": "-9.78100", "2019-09-30": "9.82200", "2019-06-30": "-41.89500", "2019-03-31": "-52.95700", "2018-12-31": "-43.31100", "2018-09-30": "-19.41300", "2018-06-30": "-29.17700", "2018-03-31": "-50.80400", "2017-12-31": "54.59800", "2017-09-30": "-20.62100", "2017-06-30": "-45.54600", "2017-03-31": "-24.30600", "2016-12-31": "-92.16600", "2016-09-30": "-66.81300", "2016-06-30": "-582.94500", "2016-03-31": "-89.12600", "2015-12-31": "92.96500", "2015-09-30": "-90.44300", "2015-06-30": "-82.54300", "2015-03-31": "-74.70300", "2014-12-31": "-65.73700", "2014-09-30": "3.22100", "2014-06-30": "-27.72800", "2014-03-31": "-34.62400", "2013-12-31": "-59.37500", "2013-09-30": "-52.31600", "2013-06-30": "-20.29100", "2013-03-31": "-44.52100", "2012-12-31": "-50.09400", "2012-09-30": "-11.76100", "2012-06-30": "-32.41700", "2012-03-31": "-24.00600", "2011-12-31": "-23.11600", "2011-09-30": "-19.73100", "2011-06-30": "-1.17300", "2011-03-31": "0.39300", "2010-12-31": "-19.23800", "2010-09-30": "-4.61800", "2010-06-30": "0.57900", "2010-03-31": "1.78700", "2009-12-31": "3.88200", "2009-09-30": "7.58500", "2009-06-30": "1.83400", "2009-03-31": "-12.73500", "2008-12-31": "26.55600", "2008-09-30": "1.08100", "2008-06-30": "3.96300", "2008-03-31": "1.82400", "2007-12-31": "2.72700", "2007-09-30": "-5.02400", "2007-06-30": "-3.51000", "2007-03-31": "-9.26700", "2006-12-31": "5.71000", "2006-09-30": "-7.03600", "2006-06-30": "-1.32500", "2006-03-31": "-9.78000", "2005-12-31": "0.80400", "2005-09-30": "-15.47600", "2005-06-30": "-21.34000", "2005-03-31": "-22.45800"}, "Income Taxes": {"2020-09-30": "-846.01900", "2020-06-30": "-13.09000", "2020-03-31": "19.97100", "2019-12-31": "-24.80500", "2019-09-30": "-45.21400", "2019-06-30": "-4.46000", "2019-03-31": "3.51600", "2018-12-31": "-39.66100", "2018-09-30": "-6.79300", "2018-06-30": "-12.38500", "2018-03-31": "-6.65500", "2017-12-31": "105.99000", "2017-09-30": "-8.09400", "2017-06-30": "-8.71300", "2017-03-31": "-8.01600", "2016-12-31": "-1.44600", "2016-09-30": "-29.38800", "2016-06-30": "-163.93100", "2016-03-31": "-6.07500", "2015-12-31": "24.34800", "2015-09-30": "0.48300", "2015-06-30": "-0.55400", "2015-03-31": "-7.20200", "2014-12-31": "4.06000", "2014-09-30": "-4.22400", "2014-06-30": "5.77400", "2014-03-31": "3.49100", "2013-12-31": "2.61500", "2013-09-30": "0.70400", "2013-06-30": "1.24200", "2013-03-31": "-4.71100", "2012-12-31": "2.91800", "2012-09-30": "-6.40400", "2012-06-30": "-0.41100", "2012-03-31": "-0.03400", "2011-12-31": "3.61900", "2011-09-30": "-2.07800", "2011-06-30": "3.90400", "2011-03-31": "4.76400", "2010-12-31": "-7.04900", "2010-09-30": "-221.95200", "2010-06-30": "1.05600", "2010-03-31": "0.63600", "2009-12-31": "-0.83000", "2009-09-30": "0.94500", "2009-06-30": "0.52200", "2009-03-31": "0.41700", "2008-12-31": "2.05000", "2008-09-30": "0.25200", "2008-06-30": "0.15300", "2008-03-31": "0.13800", "2007-12-31": "0.15700", "2007-09-30": "0.19200", "2007-06-30": "0.35400", "2007-03-31": "0.02600", "2006-12-31": "", "2006-09-30": "", "2006-06-30": "", "2006-03-31": "", "2005-12-31": "", "2005-09-30": "", "2005-06-30": "", "2005-03-31": ""}, "Income After Taxes": {"2020-09-30": "784.80300", "2020-06-30": "-29.18300", "2020-03-31": "81.38100", "2019-12-31": "15.02400", "2019-09-30": "55.03600", "2019-06-30": "-37.43500", "2019-03-31": "-56.47300", "2018-12-31": "-3.65000", "2018-09-30": "-12.62000", "2018-06-30": "-16.79200", "2018-03-31": "-44.14900", "2017-12-31": "-51.39200", "2017-09-30": "-12.52700", "2017-06-30": "-36.83300", "2017-03-31": "-16.29000", "2016-12-31": "-90.72000", "2016-09-30": "-37.42500", "2016-06-30": "-419.01400", "2016-03-31": "-83.05100", "2015-12-31": "68.61700", "2015-09-30": "-90.92600", "2015-06-30": "-81.98900", "2015-03-31": "-67.50100", "2014-12-31": "-69.79700", "2014-09-30": "7.44500", "2014-06-30": "-33.50200", "2014-03-31": "-38.11500", "2013-12-31": "-61.99000", "2013-09-30": "-53.02000", "2013-06-30": "-21.53300", "2013-03-31": "-39.81000", "2012-12-31": "-53.01200", "2012-09-30": "-5.35700", "2012-06-30": "-32.00600", "2012-03-31": "-23.97200", "2011-12-31": "-26.73500", "2011-09-30": "-17.65300", "2011-06-30": "-5.07700", "2011-03-31": "-4.37100", "2010-12-31": "-12.18900", "2010-09-30": "217.33400", "2010-06-30": "-0.47700", "2010-03-31": "1.15100", "2009-12-31": "4.71200", "2009-09-30": "6.64000", "2009-06-30": "1.31200", "2009-03-31": "-13.15200", "2008-12-31": "24.50600", "2008-09-30": "0.82900", "2008-06-30": "3.81000", "2008-03-31": "1.68600", "2007-12-31": "2.57000", "2007-09-30": "-5.21600", "2007-06-30": "-3.86400", "2007-03-31": "-9.29300", "2006-12-31": "5.71000", "2006-09-30": "-7.03600", "2006-06-30": "-1.32500", "2006-03-31": "-9.78000", "2005-12-31": "0.80400", "2005-09-30": "-15.47600", "2005-06-30": "-21.34000", "2005-03-31": "-22.45800"}, "Other Income": {"2020-09-30": "", "2020-06-30": "", "2020-03-31": "", "2019-12-31": "", "2019-09-30": "", "2019-06-30": "", "2019-03-31": "", "2018-12-31": "", "2018-09-30": "", "2018-06-30": "", "2018-03-31": "", "2017-12-31": "", "2017-09-30": "", "2017-06-30": "", "2017-03-31": "", "2016-12-31": "", "2016-09-30": "", "2016-06-30": "", "2016-03-31": "", "2015-12-31": "", "2015-09-30": "", "2015-06-30": "", "2015-03-31": "", "2014-12-31": "", "2014-09-30": "", "2014-06-30": "", "2014-03-31": "", "2013-12-31": "", "2013-09-30": "", "2013-06-30": "", "2013-03-31": "", "2012-12-31": "", "2012-09-30": "", "2012-06-30": "", "2012-03-31": "", "2011-12-31": "", "2011-09-30": "", "2011-06-30": "", "2011-03-31": "", "2010-12-31": "", "2010-09-30": "", "2010-06-30": "", "2010-03-31": "", "2009-12-31": "", "2009-09-30": "", "2009-06-30": "", "2009-03-31": "", "2008-12-31": "", "2008-09-30": "", "2008-06-30": "", "2008-03-31": "", "2007-12-31": "", "2007-09-30": "", "2007-06-30": "", "2007-03-31": "", "2006-12-31": "", "2006-09-30": "", "2006-06-30": "", "2006-03-31": "", "2005-12-31": "", "2005-09-30": "", "2005-06-30": "", "2005-03-31": ""}, "Income From Continuous Operations": {"2020-09-30": "784.80300", "2020-06-30": "-29.18300", "2020-03-31": "81.38100", "2019-12-31": "15.02400", "2019-09-30": "55.03600", "2019-06-30": "-37.43500", "2019-03-31": "-56.47300", "2018-12-31": "-3.65000", "2018-09-30": "-12.62000", "2018-06-30": "-16.79200", "2018-03-31": "-44.14900", "2017-12-31": "-51.39200", "2017-09-30": "-12.52700", "2017-06-30": "-36.83300", "2017-03-31": "-16.29000", "2016-12-31": "-90.72000", "2016-09-30": "-37.42500", "2016-06-30": "-419.01400", "2016-03-31": "-83.05100", "2015-12-31": "68.61700", "2015-09-30": "-90.92600", "2015-06-30": "-81.98900", "2015-03-31": "-67.50100", "2014-12-31": "-69.79700", "2014-09-30": "7.44500", "2014-06-30": "-33.50200", "2014-03-31": "-38.11500", "2013-12-31": "-61.99000", "2013-09-30": "-53.02000", "2013-06-30": "-21.53300", "2013-03-31": "-39.81000", "2012-12-31": "-53.01200", "2012-09-30": "-5.35700", "2012-06-30": "-32.00600", "2012-03-31": "-23.97200", "2011-12-31": "-26.73500", "2011-09-30": "-17.65300", "2011-06-30": "-5.07700", "2011-03-31": "-4.37100", "2010-12-31": "-12.18900", "2010-09-30": "217.33400", "2010-06-30": "-0.47700", "2010-03-31": "1.15100", "2009-12-31": "4.71200", "2009-09-30": "6.64000", "2009-06-30": "1.31200", "2009-03-31": "-13.15200", "2008-12-31": "24.50600", "2008-09-30": "0.82900", "2008-06-30": "3.81000", "2008-03-31": "1.68600", "2007-12-31": "2.57000", "2007-09-30": "-5.21600", "2007-06-30": "-3.86400", "2007-03-31": "-9.29300", "2006-12-31": "5.71000", "2006-09-30": "-7.03600", "2006-06-30": "-1.32500", "2006-03-31": "-9.78000", "2005-12-31": "0.80400", "2005-09-30": "-15.47600", "2005-06-30": "-21.34000", "2005-03-31": "-22.45800"}, "Income From Discontinued Operations": {"2020-09-30": "", "2020-06-30": "", "2020-03-31": "", "2019-12-31": "", "2019-09-30": "", "2019-06-30": "", "2019-03-31": "", "2018-12-31": "", "2018-09-30": "", "2018-06-30": "", "2018-03-31": "", "2017-12-31": "", "2017-09-30": "", "2017-06-30": "", "2017-03-31": "", "2016-12-31": "", "2016-09-30": "", "2016-06-30": "", "2016-03-31": "", "2015-12-31": "", "2015-09-30": "", "2015-06-30": "", "2015-03-31": "", "2014-12-31": "", "2014-09-30": "", "2014-06-30": "", "2014-03-31": "", "2013-12-31": "", "2013-09-30": "", "2013-06-30": "", "2013-03-31": "", "2012-12-31": "", "2012-09-30": "", "2012-06-30": "", "2012-03-31": "", "2011-12-31": "", "2011-09-30": "", "2011-06-30": "", "2011-03-31": "", "2010-12-31": "", "2010-09-30": "", "2010-06-30": "", "2010-03-31": "", "2009-12-31": "", "2009-09-30": "", "2009-06-30": "", "2009-03-31": "", "2008-12-31": "", "2008-09-30": "", "2008-06-30": "", "2008-03-31": "", "2007-12-31": "", "2007-09-30": "", "2007-06-30": "", "2007-03-31": "", "2006-12-31": "", "2006-09-30": "", "2006-06-30": "", "2006-03-31": "", "2005-12-31": "", "2005-09-30": "", "2005-06-30": "", "2005-03-31": ""}, "Net Income": {"2020-09-30": "784.80300", "2020-06-30": "-29.18300", "2020-03-31": "81.38100", "2019-12-31": "15.02400", "2019-09-30": "55.03600", "2019-06-30": "-37.43500", "2019-03-31": "-56.47300", "2018-12-31": "-3.65000", "2018-09-30": "-12.62000", "2018-06-30": "-16.79200", "2018-03-31": "-44.14900", "2017-12-31": "-51.39200", "2017-09-30": "-12.52700", "2017-06-30": "-36.83300", "2017-03-31": "-16.29000", "2016-12-31": "-90.72000", "2016-09-30": "-37.42500", "2016-06-30": "-419.01400", "2016-03-31": "-83.05100", "2015-12-31": "68.61700", "2015-09-30": "-90.92600", "2015-06-30": "-81.98900", "2015-03-31": "-67.50100", "2014-12-31": "-69.79700", "2014-09-30": "7.44500", "2014-06-30": "-33.50200", "2014-03-31": "-38.11500", "2013-12-31": "-61.99000", "2013-09-30": "-53.02000", "2013-06-30": "-21.53300", "2013-03-31": "-39.81000", "2012-12-31": "-53.01200", "2012-09-30": "-5.35700", "2012-06-30": "-32.00600", "2012-03-31": "-23.97200", "2011-12-31": "-26.73500", "2011-09-30": "-17.65300", "2011-06-30": "-5.07700", "2011-03-31": "-4.37100", "2010-12-31": "-12.18900", "2010-09-30": "217.33400", "2010-06-30": "-0.47700", "2010-03-31": "1.15100", "2009-12-31": "4.71200", "2009-09-30": "6.64000", "2009-06-30": "1.31200", "2009-03-31": "-13.15200", "2008-12-31": "24.50600", "2008-09-30": "0.82900", "2008-06-30": "3.81000", "2008-03-31": "1.68600", "2007-12-31": "2.57000", "2007-09-30": "-5.21600", "2007-06-30": "-3.86400", "2007-03-31": "-9.29300", "2006-12-31": "5.71000", "2006-09-30": "-7.03600", "2006-06-30": "-1.32500", "2006-03-31": "-9.78000", "2005-12-31": "0.80400", "2005-09-30": "-15.47600", "2005-06-30": "-21.34000", "2005-03-31": "-22.45800"}, "EBITDA": {"2020-09-30": "-29.17000", "2020-06-30": "-15.75100", "2020-03-31": "130.98500", "2019-12-31": "16.52480", "2019-09-30": "34.36200", "2019-06-30": "-15.62900", "2019-03-31": "-32.41510", "2018-12-31": "-13.84300", "2018-09-30": "11.41400", "2018-06-30": "-5.08800", "2018-03-31": "-19.97800", "2017-12-31": "87.62610", "2017-09-30": "7.80800", "2017-06-30": "-19.06000", "2017-03-31": "-0.13600", "2016-12-31": "-68.89490", "2016-09-30": "-30.51800", "2016-06-30": "-543.92210", "2016-03-31": "-61.88200", "2015-12-31": "114.76600", "2015-09-30": "-69.16000", "2015-06-30": "-52.31800", "2015-03-31": "-54.62600", "2014-12-31": "-51.32700", "2014-09-30": "27.43500", "2014-06-30": "-3.36500", "2014-03-31": "-12.55200", "2013-12-31": "-52.07400", "2013-09-30": "-36.09200", "2013-06-30": "-5.81100", "2013-03-31": "-20.11700", "2012-12-31": "-34.61300", "2012-09-30": "2.51300", "2012-06-30": "-18.89500", "2012-03-31": "-10.41600", "2011-12-31": "-11.87400", "2011-09-30": "-5.16500", "2011-06-30": "10.27200", "2011-03-31": "11.95900", "2010-12-31": "5.52800", "2010-09-30": "6.88500", "2010-06-30": "10.92300", "2010-03-31": "9.39800", "2009-12-31": "12.19700", "2009-09-30": "15.80400", "2009-06-30": "10.78500", "2009-03-31": "0.05900", "2008-12-31": "35.78200", "2008-09-30": "5.71800", "2008-06-30": "7.53700", "2008-03-31": "1.84900", "2007-12-31": "-9.67500", "2007-09-30": "-17.35700", "2007-06-30": "-13.10900", "2007-03-31": "-15.94600", "2006-12-31": "-32.30100", "2006-09-30": "-6.36500", "2006-06-30": "-2.36600", "2006-03-31": "-8.92000", "2005-12-31": "-22.11900", "2005-09-30": "-14.13300", "2005-06-30": "-19.67200", "2005-03-31": "-19.05000"}, "EBIT": {"2020-09-30": "-55.94100", "2020-06-30": "-40.94500", "2020-03-31": "104.96100", "2019-12-31": "-9.16210", "2019-09-30": "4.01000", "2019-06-30": "-41.35400", "2019-03-31": "-53.95110", "2018-12-31": "-38.14800", "2018-09-30": "-15.74100", "2018-06-30": "-25.26300", "2018-03-31": "-44.37200", "2017-12-31": "58.04710", "2017-09-30": "-13.72700", "2017-06-30": "-38.81200", "2017-03-31": "-20.20800", "2016-12-31": "-89.62090", "2016-09-30": "-60.08500", "2016-06-30": "-572.80600", "2016-03-31": "-80.91700", "2015-12-31": "101.31900", "2015-09-30": "-81.87300", "2015-06-30": "-64.28800", "2015-03-31": "-65.86000", "2014-12-31": "-58.75600", "2014-09-30": "11.20300", "2014-06-30": "-18.88200", "2014-03-31": "-26.45600", "2013-12-31": "-52.31000", "2013-09-30": "-50.72400", "2013-06-30": "-20.05200", "2013-03-31": "-32.92100", "2012-12-31": "-46.90400", "2012-09-30": "-10.49100", "2012-06-30": "-30.95400", "2012-03-31": "-21.86600", "2011-12-31": "-21.43500", "2011-09-30": "-15.51700", "2011-06-30": "0.76800", "2011-03-31": "2.29400", "2010-12-31": "-3.35000", "2010-09-30": "-1.93900", "2010-06-30": "3.04300", "2010-03-31": "2.79000", "2009-12-31": "6.38200", "2009-09-30": "10.13300", "2009-06-30": "4.31300", "2009-03-31": "-4.40100", "2008-12-31": "32.05700", "2008-09-30": "2.35100", "2008-06-30": "4.53000", "2008-03-31": "0.81800", "2007-12-31": "-9.94300", "2007-09-30": "-17.30900", "2007-06-30": "-13.24700", "2007-03-31": "-16.78900", "2006-12-31": "5.71000", "2006-09-30": "-9.17500", "2006-06-30": "-6.08200", "2006-03-31": "-11.45500", "2005-12-31": "0.80400", "2005-09-30": "-16.56200", "2005-06-30": "-22.07700", "2005-03-31": "-21.51600"}, "Basic Shares Outstanding": {"2020-09-30": "181.14200", "2020-06-30": "180.72900", "2020-03-31": "179.89800", "2019-12-31": "179.03900", "2019-09-30": "179.28900", "2019-06-30": "179.04800", "2019-03-31": "178.27100", "2018-12-31": "177.06100", "2018-09-30": "177.48100", "2018-06-30": "176.87300", "2018-03-31": "175.93200", "2017-12-31": "174.42700", "2017-09-30": "175.10300", "2017-06-30": "174.37400", "2017-03-31": "172.71000", "2016-12-31": "165.98500", "2016-09-30": "167.71400", "2016-06-30": "162.58700", "2016-03-31": "161.54800", "2015-12-31": "160.02500", "2015-09-30": "160.88600", "2015-06-30": "160.40600", "2015-03-31": "157.61200", "2014-12-31": "146.34900", "2014-09-30": "147.01600", "2014-06-30": "146.12000", "2014-03-31": "143.98300", "2013-12-31": "137.75500", "2013-09-30": "140.79600", "2013-06-30": "139.40000", "2013-03-31": "127.96900", "2012-12-31": "120.27100", "2012-09-30": "123.43400", "2012-06-30": "117.91200", "2012-03-31": "115.07000", "2011-12-31": "112.12200", "2011-09-30": "112.29000", "2011-06-30": "111.11400", "2011-03-31": "110.65200", "2010-12-31": "103.09300", "2010-09-30": "102.11000", "2010-06-30": "101.71200", "2010-03-31": "101.14400", "2009-12-31": "100.27100", "2009-09-30": "100.33100", "2009-06-30": "100.06500", "2009-03-31": "99.90200", "2008-12-31": "98.97500", "2008-09-30": "99.53700", "2008-06-30": "98.92300", "2008-03-31": "97.64700", "2007-12-31": "95.87800", "2007-09-30": "96.19900", "2007-06-30": "95.79600", "2007-03-31": "94.55700", "2006-12-31": "84.58200", "2006-09-30": "86.26900", "2006-06-30": "85.34100", "2006-03-31": "74.96300", "2005-12-31": "68.83000", "2005-09-30": "71.99600", "2005-06-30": "64.60500", "2005-03-31": "64.51100"}, "Shares Outstanding": {"2020-09-30": "197.67400", "2020-06-30": "180.72900", "2020-03-31": "187.16300", "2019-12-31": "179.03900", "2019-09-30": "185.92400", "2019-06-30": "179.04800", "2019-03-31": "178.27100", "2018-12-31": "177.26800", "2018-09-30": "177.48100", "2018-06-30": "176.87300", "2018-03-31": "176.15000", "2017-12-31": "174.42700", "2017-09-30": "175.10300", "2017-06-30": "174.37400", "2017-03-31": "172.71000", "2016-12-31": "166.21900", "2016-09-30": "167.71400", "2016-06-30": "162.58700", "2016-03-31": "161.54800", "2015-12-31": "160.02500", "2015-09-30": "161.13400", "2015-06-30": "160.40600", "2015-03-31": "157.61200", "2014-12-31": "146.34900", "2014-09-30": "159.30400", "2014-06-30": "146.35100", "2014-03-31": "144.15700", "2013-12-31": "137.75500", "2013-09-30": "140.79600", "2013-06-30": "139.59600", "2013-03-31": "127.96900", "2012-12-31": "120.27100", "2012-09-30": "123.43400", "2012-06-30": "117.91200", "2012-03-31": "115.07000", "2011-12-31": "112.12200", "2011-09-30": "112.29000", "2011-06-30": "111.11400", "2011-03-31": "110.74300", "2010-12-31": "125.67400", "2010-09-30": "131.27800", "2010-06-30": "101.83400", "2010-03-31": "103.72000", "2009-12-31": "100.27100", "2009-09-30": "101.81500", "2009-06-30": "101.21700", "2009-03-31": "99.93300", "2008-12-31": "103.57200", "2008-09-30": "103.40300", "2008-06-30": "104.12000", "2008-03-31": "103.86900", "2007-12-31": "95.87800", "2007-09-30": "96.19900", "2007-06-30": "95.79600", "2007-03-31": "94.55700", "2006-12-31": "84.58200", "2006-09-30": "86.26900", "2006-06-30": "85.34100", "2006-03-31": "74.96300", "2005-12-31": "68.83000", "2005-09-30": "71.99600", "2005-06-30": "64.60500", "2005-03-31": "64.51100"}, "Basic EPS": {"2020-09-30": "4.33000", "2020-06-30": "-0.16000", "2020-03-31": "0.45000", "2019-12-31": "0.09000", "2019-09-30": "0.31000", "2019-06-30": "-0.21000", "2019-03-31": "-0.32000", "2018-12-31": "-0.03000", "2018-09-30": "-0.07000", "2018-06-30": "-0.09000", "2018-03-31": "-0.25000", "2017-12-31": "-0.30000", "2017-09-30": "-0.07000", "2017-06-30": "-0.21000", "2017-03-31": "-0.09000", "2016-12-31": "-0.49000", "2016-09-30": "-0.22000", "2016-06-30": "-2.58000", "2016-03-31": "-0.51000", "2015-12-31": "0.44000", "2015-09-30": "-0.57000", "2015-06-30": "-0.51000", "2015-03-31": "-0.43000", "2014-12-31": "-0.48000", "2014-09-30": "0.05000", "2014-06-30": "-0.23000", "2014-03-31": "-0.26000", "2013-12-31": "-0.44000", "2013-09-30": "-0.38000", "2013-06-30": "-0.15000", "2013-03-31": "-0.31000", "2012-12-31": "-0.43000", "2012-09-30": "-0.04000", "2012-06-30": "-0.27000", "2012-03-31": "-0.21000", "2011-12-31": "-0.23000", "2011-09-30": "-0.16000", "2011-06-30": "-0.05000", "2011-03-31": "-0.04000", "2010-12-31": "-0.14000", "2010-09-30": "2.13000", "2010-06-30": "0.00000", "2010-03-31": "0.01000", "2009-12-31": "0.05000", "2009-09-30": "0.07000", "2009-06-30": "0.01000", "2009-03-31": "-0.13000", "2008-12-31": "0.24000", "2008-09-30": "0.01000", "2008-06-30": "0.04000", "2008-03-31": "0.02000", "2007-12-31": "0.03000", "2007-09-30": "-0.05000", "2007-06-30": "-0.04000", "2007-03-31": "-0.10000", "2006-12-31": "-0.11000", "2006-09-30": "-0.08000", "2006-06-30": "-0.02000", "2006-03-31": "-0.13000", "2005-12-31": "-0.19000", "2005-09-30": "-0.21000", "2005-06-30": "-0.33000", "2005-03-31": "-0.35000"}, "EPS - Earnings Per Share": {"2020-09-30": "4.01000", "2020-06-30": "-0.16000", "2020-03-31": "0.44000", "2019-12-31": "0.10000", "2019-09-30": "0.30000", "2019-06-30": "-0.21000", "2019-03-31": "-0.32000", "2018-12-31": "-0.02000", "2018-09-30": "-0.07000", "2018-06-30": "-0.09000", "2018-03-31": "-0.26000", "2017-12-31": "-0.30000", "2017-09-30": "-0.07000", "2017-06-30": "-0.21000", "2017-03-31": "-0.09000", "2016-12-31": "-0.50000", "2016-09-30": "-0.22000", "2016-06-30": "-2.58000", "2016-03-31": "-0.51000", "2015-12-31": "0.47000", "2015-09-30": "-0.60000", "2015-06-30": "-0.51000", "2015-03-31": "-0.43000", "2014-12-31": "-0.47000", "2014-09-30": "0.05000", "2014-06-30": "-0.23000", "2014-03-31": "-0.27000", "2013-12-31": "-0.43000", "2013-09-30": "-0.38000", "2013-06-30": "-0.16000", "2013-03-31": "-0.31000", "2012-12-31": "-0.43000", "2012-09-30": "-0.04000", "2012-06-30": "-0.27000", "2012-03-31": "-0.21000", "2011-12-31": "-0.23000", "2011-09-30": "-0.16000", "2011-06-30": "-0.05000", "2011-03-31": "-0.04000", "2010-12-31": "0.05000", "2010-09-30": "1.68000", "2010-06-30": "-0.01000", "2010-03-31": "0.01000", "2009-12-31": "0.05000", "2009-09-30": "0.07000", "2009-06-30": "0.01000", "2009-03-31": "-0.13000", "2008-12-31": "0.22000", "2008-09-30": "0.01000", "2008-06-30": "0.04000", "2008-03-31": "0.02000", "2007-12-31": "0.03000", "2007-09-30": "-0.05000", "2007-06-30": "-0.04000", "2007-03-31": "-0.10000", "2006-12-31": "-0.11000", "2006-09-30": "-0.08000", "2006-06-30": "-0.02000", "2006-03-31": "-0.13000", "2005-12-31": "-0.19000", "2005-09-30": "-0.21000", "2005-06-30": "-0.33000", "2005-03-31": "-0.35000"}}, "balance sheet": {"Cash On Hand": {"2019-12-31": "753.80700", "2018-12-31": "1084.30800", "2017-12-31": "1395.96800", "2016-12-31": "789.67700", "2015-12-31": "592.61900", "2014-12-31": "945.19200", "2013-12-31": "784.72300", "2012-12-31": "447.80500", "2011-12-31": "195.09200", "2010-12-31": "274.11200", "2009-12-31": "300.67700", "2008-12-31": "559.79200", "2007-12-31": "585.59400", "2006-12-31": "288.84700", "2005-12-31": "47.79200"}, "Receivables": {"2019-12-31": "377.40400", "2018-12-31": "342.63300", "2017-12-31": "261.36500", "2016-12-31": "215.28000", "2015-12-31": "164.95900", "2014-12-31": "144.47200", "2013-12-31": "117.82200", "2012-12-31": "109.06600", "2011-12-31": "104.83900", "2010-12-31": "86.57600", "2009-12-31": "73.54000", "2008-12-31": "54.29800", "2007-12-31": "16.97600", "2006-12-31": "14.67000", "2005-12-31": "5.86000"}, "Inventory": {"2019-12-31": "680.27500", "2018-12-31": "530.87100", "2017-12-31": "475.77500", "2016-12-31": "355.12600", "2015-12-31": "271.68300", "2014-12-31": "199.45200", "2013-12-31": "162.60500", "2012-12-31": "128.69500", "2011-12-31": "130.11800", "2010-12-31": "109.69800", "2009-12-31": "78.66200", "2008-12-31": "73.16200", "2007-12-31": "32.44500", "2006-12-31": "25.07500", "2005-12-31": "10.89800"}, "Pre-Paid Expenses": {"2019-12-31": "", "2018-12-31": "", "2017-12-31": "", "2016-12-31": "", "2015-12-31": "", "2014-12-31": "", "2013-12-31": "", "2012-12-31": "", "2011-12-31": "", "2010-12-31": "", "2009-12-31": "", "2008-12-31": "", "2007-12-31": "", "2006-12-31": "", "2005-12-31": ""}, "Other Current Assets": {"2019-12-31": "130.65700", "2018-12-31": "98.40300", "2017-12-31": "74.03600", "2016-12-31": "61.70800", "2015-12-31": "60.37800", "2014-12-31": "108.52400", "2013-12-31": "41.70700", "2012-12-31": "25.50900", "2011-12-31": "18.63800", "2010-12-31": "33.87400", "2009-12-31": "14.84800", "2008-12-31": "50.44400", "2007-12-31": "9.28200", "2006-12-31": "5.63200", "2005-12-31": "4.39100"}, "Total Current Assets": {"2019-12-31": "1942.14300", "2018-12-31": "2056.21500", "2017-12-31": "2207.14400", "2016-12-31": "1421.79100", "2015-12-31": "1089.63900", "2014-12-31": "1397.64000", "2013-12-31": "1137.41800", "2012-12-31": "743.43100", "2011-12-31": "469.80200", "2010-12-31": "504.26000", "2009-12-31": "467.72700", "2008-12-31": "737.69600", "2007-12-31": "644.29700", "2006-12-31": "334.22400", "2005-12-31": "68.94100"}, "Property, Plant, And Equipment": {"2019-12-31": "1010.86800", "2018-12-31": "948.68200", "2017-12-31": "896.70000", "2016-12-31": "798.76800", "2015-12-31": "704.20700", "2014-12-31": "523.51600", "2013-12-31": "319.31600", "2012-12-31": "284.47300", "2011-12-31": "268.97100", "2010-12-31": "221.86600", "2009-12-31": "199.14100", "2008-12-31": "124.97900", "2007-12-31": "76.81800", "2006-12-31": "55.46600", "2005-12-31": "37.32100"}, "Long-Term Investments": {"2019-12-31": "411.97800", "2018-12-31": "235.86400", "2017-12-31": "385.78500", "2016-12-31": "572.71100", "2015-12-31": "425.65200", "2014-12-31": "97.85600", "2013-12-31": "268.51600", "2012-12-31": "117.07300", "2011-12-31": "94.94400", "2010-12-31": "129.25300", "2009-12-31": "170.29000", "2008-12-31": "2.54800", "2007-12-31": "44.88100", "2006-12-31": "31.45700", "2005-12-31": "31.98300"}, "Goodwill And Intangible Assets": {"2019-12-31": "653.61900", "2018-12-31": "688.84700", "2017-12-31": "714.54900", "2016-12-31": "750.81900", "2015-12-31": "881.03500", "2014-12-31": "210.83600", "2013-12-31": "217.40500", "2012-12-31": "214.52300", "2011-12-31": "231.82000", "2010-12-31": "157.01200", "2009-12-31": "64.69900", "2008-12-31": "28.88800", "2007-12-31": "30.85800", "2006-12-31": "32.91700", "2005-12-31": "36.56800"}, "Other Long-Term Assets": {"2019-12-31": "122.00900", "2018-12-31": "36.56800", "2017-12-31": "29.85200", "2016-12-31": "32.81500", "2015-12-31": "408.64400", "2014-12-31": "54.55700", "2013-12-31": "156.17100", "2012-12-31": "19.54400", "2011-12-31": "15.49500", "2010-12-31": "14.21500", "2009-12-31": "15.30600", "2008-12-31": "12.58400", "2007-12-31": "18.42500", "2006-12-31": "9.37200", "2005-12-31": "20.49000"}, "Total Long-Term Assets": {"2019-12-31": "2747.89600", "2018-12-31": "2370.91300", "2017-12-31": "2425.98100", "2016-12-31": "2601.89900", "2015-12-31": "2639.72900", "2014-12-31": "1077.73900", "2013-12-31": "1106.64200", "2012-12-31": "824.91600", "2011-12-31": "835.90700", "2010-12-31": "758.36300", "2009-12-31": "449.43600", "2008-12-31": "168.99900", "2007-12-31": "170.98200", "2006-12-31": "129.21200", "2005-12-31": "126.36200"}, "Total Assets": {"2019-12-31": "4690.03900", "2018-12-31": "4427.12800", "2017-12-31": "4633.12500", "2016-12-31": "4023.69000", "2015-12-31": "3729.36800", "2014-12-31": "2475.37900", "2013-12-31": "2244.06000", "2012-12-31": "1568.34700", "2011-12-31": "1305.70900", "2010-12-31": "1262.62300", "2009-12-31": "917.16300", "2008-12-31": "906.69500", "2007-12-31": "815.27900", "2006-12-31": "463.43600", "2005-12-31": "195.30300"}, "Total Current Liabilities": {"2019-12-31": "932.50300", "2018-12-31": "523.24100", "2017-12-31": "816.51800", "2016-12-31": "439.31000", "2015-12-31": "445.45700", "2014-12-31": "235.73900", "2013-12-31": "183.27100", "2012-12-31": "170.43300", "2011-12-31": "94.12500", "2010-12-31": "83.84400", "2009-12-31": "78.15400", "2008-12-31": "130.08100", "2007-12-31": "61.54300", "2006-12-31": "46.04500", "2005-12-31": "40.36700"}, "Long Term Debt": {"2019-12-31": "486.23800", "2018-12-31": "830.41700", "2017-12-31": "813.52100", "2016-12-31": "660.76100", "2015-12-31": "662.28600", "2014-12-31": "642.90200", "2013-12-31": "655.56600", "2012-12-31": "324.85900", "2011-12-31": "348.32900", "2010-12-31": "377.52100", "2009-12-31": "497.08300", "2008-12-31": "497.08300", "2007-12-31": "563.92800", "2006-12-31": "292.48800", "2005-12-31": "212.92200"}, "Other Non-Current Liabilities": {"2019-12-31": "148.91700", "2018-12-31": "105.53000", "2017-12-31": "194.42300", "2016-12-31": "157.34400", "2015-12-31": "77.25100", "2014-12-31": "68.84400", "2013-12-31": "64.18200", "2012-12-31": "57.29200", "2011-12-31": "53.05200", "2010-12-31": "84.00100", "2009-12-31": "19.74100", "2008-12-31": "2.85600", "2007-12-31": "2.08200", "2006-12-31": "2.07800", "2005-12-31": "7.65100"}, "Total Long Term Liabilities": {"2019-12-31": "635.15500", "2018-12-31": "935.94700", "2017-12-31": "1007.94400", "2016-12-31": "818.10500", "2015-12-31": "883.06400", "2014-12-31": "711.74600", "2013-12-31": "719.74800", "2012-12-31": "382.15100", "2011-12-31": "438.53600", "2010-12-31": "461.52200", "2009-12-31": "516.82400", "2008-12-31": "499.93900", "2007-12-31": "566.00990", "2006-12-31": "299.58900", "2005-12-31": "232.39800"}, "Total Liabilities": {"2019-12-31": "1567.65800", "2018-12-31": "1459.18800", "2017-12-31": "1824.46200", "2016-12-31": "1257.41500", "2015-12-31": "1328.52100", "2014-12-31": "947.48500", "2013-12-31": "903.01900", "2012-12-31": "552.58400", "2011-12-31": "532.66100", "2010-12-31": "545.36600", "2009-12-31": "594.97800", "2008-12-31": "630.02000", "2007-12-31": "627.55300", "2006-12-31": "345.63400", "2005-12-31": "272.76500"}, "Common Stock Net": {"2019-12-31": "0.18000", "2018-12-31": "0.17800", "2017-12-31": "0.17600", "2016-12-31": "0.17300", "2015-12-31": "0.16200", "2014-12-31": "0.14900", "2013-12-31": "0.14400", "2012-12-31": "0.12600", "2011-12-31": "0.11500", "2010-12-31": "0.11100", "2009-12-31": "0.10100", "2008-12-31": "0.10000", "2007-12-31": "0.09700", "2006-12-31": "0.09200", "2005-12-31": "0.07500"}, "Retained Earnings (Accumulated Deficit)": {"2019-12-31": "-1720.70900", "2018-12-31": "-1694.13400", "2017-12-31": "-1637.54800", "2016-12-31": "-1520.50600", "2015-12-31": "-1021.56900", "2014-12-31": "-849.77000", "2013-12-31": "-715.80100", "2012-12-31": "-539.44800", "2011-12-31": "-425.10100", "2010-12-31": "-371.26500", "2009-12-31": "-577.08400", "2008-12-31": "-576.59600", "2007-12-31": "-607.42700", "2006-12-31": "-591.62400", "2005-12-31": "-563.09100"}, "Comprehensive Income": {"2019-12-31": "20.16400", "2018-12-31": "5.27100", "2017-12-31": "-22.96100", "2016-12-31": "12.81600", "2015-12-31": "21.03300", "2014-12-31": "27.46600", "2013-12-31": "5.01800", "2012-12-31": "-0.20200", "2011-12-31": "4.88700", "2010-12-31": "0.18800", "2009-12-31": "0.93300", "2008-12-31": "1.10600", "2007-12-31": "0.13900", "2006-12-31": "-0.02500", "2005-12-31": "-0.01600"}, "Other Share Holders Equity": {"2019-12-31": "", "2018-12-31": "", "2017-12-31": "", "2016-12-31": "", "2015-12-31": "", "2014-12-31": "", "2013-12-31": "", "2012-12-31": "", "2011-12-31": "", "2010-12-31": "", "2009-12-31": "", "2008-12-31": "", "2007-12-31": "", "2006-12-31": "", "2005-12-31": ""}, "Share Holder Equity": {"2019-12-31": "3122.38100", "2018-12-31": "2967.94000", "2017-12-31": "2808.66300", "2016-12-31": "2766.27500", "2015-12-31": "2400.84700", "2014-12-31": "1527.89400", "2013-12-31": "1341.04100", "2012-12-31": "1015.76300", "2011-12-31": "773.04800", "2010-12-31": "717.25700", "2009-12-31": "322.18500", "2008-12-31": "276.67500", "2007-12-31": "187.72600", "2006-12-31": "117.80200", "2005-12-31": "-77.46200"}, "Total Liabilities And Share Holders Equity": {"2019-12-31": "4690.03900", "2018-12-31": "4427.12800", "2017-12-31": "4633.12500", "2016-12-31": "4023.69000", "2015-12-31": "3729.36800", "2014-12-31": "2475.37900", "2013-12-31": "2244.06000", "2012-12-31": "1568.34700", "2011-12-31": "1305.70900", "2010-12-31": "1262.62300", "2009-12-31": "917.16300", "2008-12-31": "906.69500", "2007-12-31": "815.27900", "2006-12-31": "463.43600", "2005-12-31": "195.30300"}}, "balance sheet, quarterly": {"Cash On Hand": {"2020-09-30": "1505.67300", "2020-06-30": "1380.37200", "2020-03-31": "858.39600", "2019-12-31": "753.80700", "2019-09-30": "720.79200", "2019-06-30": "731.10300", "2019-03-31": "894.85400", "2018-12-31": "1084.30800", "2018-09-30": "1443.37600", "2018-06-30": "1363.07300", "2018-03-31": "1382.79500", "2017-12-31": "1395.96800", "2017-09-30": "1257.09900", "2017-06-30": "727.77600", "2017-03-31": "678.05510", "2016-12-31": "789.67700", "2016-09-30": "1034.84800", "2016-06-30": "503.28700", "2016-03-31": "456.85300", "2015-12-31": "592.61900", "2015-09-30": "618.33000", "2015-06-30": "681.55300", "2015-03-31": "1008.68900", "2014-12-31": "945.19200", "2014-09-30": "666.37300", "2014-06-30": "836.61800", "2014-03-31": "887.48100", "2013-12-31": "784.72300", "2013-09-30": "379.65100", "2013-06-30": "400.56100", "2013-03-31": "401.88200", "2012-12-31": "447.80500", "2012-09-30": "426.45500", "2012-06-30": "402.58600", "2012-03-31": "232.97900", "2011-12-31": "195.09200", "2011-09-30": "224.37400", "2011-06-30": "258.92000", "2011-03-31": "252.58100", "2010-12-31": "274.11200", "2010-09-30": "351.96700", "2010-06-30": "337.67300", "2010-03-31": "323.64200", "2009-12-31": "300.67700", "2009-09-30": "363.34400", "2009-06-30": "346.39100", "2009-03-31": "551.86900", "2008-12-31": "559.79200", "2008-09-30": "562.96900", "2008-06-30": "575.65700", "2008-03-31": "574.76200", "2007-12-31": "585.59400", "2007-09-30": "586.68600", "2007-06-30": "587.71000", "2007-03-31": "273.30700", "2006-12-31": "288.84700", "2006-09-30": "293.90000", "2006-06-30": "305.90000", "2006-03-31": "347.68900", "2005-12-31": "47.79200", "2005-09-30": "65.91300", "2005-06-30": "26.80400", "2005-03-31": "42.68900"}, "Receivables": {"2020-09-30": "411.71200", "2020-06-30": "381.21500", "2020-03-31": "396.38400", "2019-12-31": "377.40400", "2019-09-30": "402.97000", "2019-06-30": "377.15000", "2019-03-31": "393.42900", "2018-12-31": "342.63300", "2018-09-30": "384.34300", "2018-06-30": "363.56600", "2018-03-31": "318.39400", "2017-12-31": "261.36500", "2017-09-30": "251.89100", "2017-06-30": "238.33800", "2017-03-31": "230.25000", "2016-12-31": "215.28000", "2016-09-30": "215.89400", "2016-06-30": "214.15800", "2016-03-31": "180.75100", "2015-12-31": "164.95900", "2015-09-30": "148.94900", "2015-06-30": "186.08300", "2015-03-31": "175.73800", "2014-12-31": "144.47200", "2014-09-30": "121.39500", "2014-06-30": "122.28200", "2014-03-31": "110.46200", "2013-12-31": "117.82200", "2013-09-30": "124.74500", "2013-06-30": "115.06300", "2013-03-31": "120.34500", "2012-12-31": "109.06600", "2012-09-30": "117.29000", "2012-06-30": "100.75000", "2012-03-31": "105.82800", "2011-12-31": "104.83900", "2011-09-30": "107.05700", "2011-06-30": "106.60600", "2011-03-31": "106.19800", "2010-12-31": "86.57600", "2010-09-30": "78.73400", "2010-06-30": "77.68200", "2010-03-31": "82.60600", "2009-12-31": "73.54000", "2009-09-30": "68.37800", "2009-06-30": "72.57600", "2009-03-31": "61.35500", "2008-12-31": "54.29800", "2008-09-30": "51.13500", "2008-06-30": "52.15600", "2008-03-31": "47.25300", "2007-12-31": "16.97600", "2007-09-30": "15.96800", "2007-06-30": "15.90000", "2007-03-31": "14.52500", "2006-12-31": "14.67000", "2006-09-30": "13.00000", "2006-06-30": "10.94600", "2006-03-31": "7.49300", "2005-12-31": "5.86000", "2005-09-30": "5.32800", "2005-06-30": "2.87100", "2005-03-31": "1.83100"}, "Inventory": {"2020-09-30": "700.84700", "2020-06-30": "743.85200", "2020-03-31": "705.65200", "2019-12-31": "680.27500", "2019-09-30": "609.04900", "2019-06-30": "578.73600", "2019-03-31": "534.69600", "2018-12-31": "530.87100", "2018-09-30": "508.48200", "2018-06-30": "473.35600", "2018-03-31": "468.16100", "2017-12-31": "475.77500", "2017-09-30": "457.39300", "2017-06-30": "429.83100", "2017-03-31": "384.14300", "2016-12-31": "355.12600", "2016-09-30": "347.42000", "2016-06-30": "326.55600", "2016-03-31": "296.97900", "2015-12-31": "271.68300", "2015-09-30": "262.10000", "2015-06-30": "237.53200", "2015-03-31": "222.83300", "2014-12-31": "199.45200", "2014-09-30": "204.44400", "2014-06-30": "193.49800", "2014-03-31": "176.89300", "2013-12-31": "162.60500", "2013-09-30": "148.68400", "2013-06-30": "142.29600", "2013-03-31": "135.82200", "2012-12-31": "128.69500", "2012-09-30": "120.82500", "2012-06-30": "120.12500", "2012-03-31": "124.06400", "2011-12-31": "130.11800", "2011-09-30": "115.62800", "2011-06-30": "112.29900", "2011-03-31": "110.06700", "2010-12-31": "109.69800", "2010-09-30": "91.74100", "2010-06-30": "83.77800", "2010-03-31": "79.76100", "2009-12-31": "78.66200", "2009-09-30": "75.44100", "2009-06-30": "72.83600", "2009-03-31": "76.42300", "2008-12-31": "73.16200", "2008-09-30": "68.09400", "2008-06-30": "61.80200", "2008-03-31": "54.73600", "2007-12-31": "32.44500", "2007-09-30": "31.55100", "2007-06-30": "30.71400", "2007-03-31": "27.43800", "2006-12-31": "25.07500", "2006-09-30": "25.76200", "2006-06-30": "24.24700", "2006-03-31": "18.13700", "2005-12-31": "10.89800", "2005-09-30": "7.72000", "2005-06-30": "3.38600", "2005-03-31": "2.43900"}, "Pre-Paid Expenses": {"2020-09-30": "", "2020-06-30": "", "2020-03-31": "", "2019-12-31": "", "2019-09-30": "", "2019-06-30": "", "2019-03-31": "", "2018-12-31": "", "2018-09-30": "", "2018-06-30": "", "2018-03-31": "", "2017-12-31": "", "2017-09-30": "", "2017-06-30": "", "2017-03-31": "", "2016-12-31": "", "2016-09-30": "", "2016-06-30": "", "2016-03-31": "", "2015-12-31": "", "2015-09-30": "", "2015-06-30": "", "2015-03-31": "", "2014-12-31": "", "2014-09-30": "", "2014-06-30": "", "2014-03-31": "", "2013-12-31": "", "2013-09-30": "", "2013-06-30": "", "2013-03-31": "", "2012-12-31": "", "2012-09-30": "", "2012-06-30": "", "2012-03-31": "", "2011-12-31": "", "2011-09-30": "", "2011-06-30": "", "2011-03-31": "", "2010-12-31": "", "2010-09-30": "", "2010-06-30": "", "2010-03-31": "", "2009-12-31": "", "2009-09-30": "", "2009-06-30": "", "2009-03-31": "", "2008-12-31": "", "2008-09-30": "", "2008-06-30": "", "2008-03-31": "", "2007-12-31": "", "2007-09-30": "", "2007-06-30": "", "2007-03-31": "", "2006-12-31": "", "2006-09-30": "", "2006-06-30": "", "2006-03-31": "", "2005-12-31": "", "2005-09-30": "", "2005-06-30": "", "2005-03-31": ""}, "Other Current Assets": {"2020-09-30": "120.74700", "2020-06-30": "142.12700", "2020-03-31": "155.81700", "2019-12-31": "130.65700", "2019-09-30": "126.54800", "2019-06-30": "119.77900", "2019-03-31": "93.87600", "2018-12-31": "98.40300", "2018-09-30": "71.65200", "2018-06-30": "80.07200", "2018-03-31": "71.76000", "2017-12-31": "74.03600", "2017-09-30": "83.64600", "2017-06-30": "62.87500", "2017-03-31": "60.34000", "2016-12-31": "61.70800", "2016-09-30": "68.40900", "2016-06-30": "61.94500", "2016-03-31": "58.20700", "2015-12-31": "60.37800", "2015-09-30": "115.33000", "2015-06-30": "77.55800", "2015-03-31": "84.26500", "2014-12-31": "108.52400", "2014-09-30": "56.45800", "2014-06-30": "37.26800", "2014-03-31": "41.01300", "2013-12-31": "41.70700", "2013-09-30": "28.16100", "2013-06-30": "33.52600", "2013-03-31": "35.50100", "2012-12-31": "25.50900", "2012-09-30": "54.81600", "2012-06-30": "58.07300", "2012-03-31": "50.51900", "2011-12-31": "18.63800", "2011-09-30": "39.96500", "2011-06-30": "36.28600", "2011-03-31": "34.98400", "2010-12-31": "33.87400", "2010-09-30": "31.74700", "2010-06-30": "22.77500", "2010-03-31": "14.42200", "2009-12-31": "14.84800", "2009-09-30": "13.10400", "2009-06-30": "15.17800", "2009-03-31": "23.92800", "2008-12-31": "50.44400", "2008-09-30": "14.81500", "2008-06-30": "12.19900", "2008-03-31": "6.97700", "2007-12-31": "9.28200", "2007-09-30": "7.02900", "2007-06-30": "6.60800", "2007-03-31": "5.37500", "2006-12-31": "5.63200", "2006-09-30": "6.70400", "2006-06-30": "3.71400", "2006-03-31": "5.44000", "2005-12-31": "4.39100", "2005-09-30": "3.22700", "2005-06-30": "6.27500", "2005-03-31": "6.64000"}, "Total Current Assets": {"2020-09-30": "2738.97900", "2020-06-30": "2647.56600", "2020-03-31": "2116.24900", "2019-12-31": "1942.14300", "2019-09-30": "1859.35900", "2019-06-30": "1806.76800", "2019-03-31": "1916.85500", "2018-12-31": "2056.21500", "2018-09-30": "2407.85300", "2018-06-30": "2280.06700", "2018-03-31": "2241.11000", "2017-12-31": "2207.14400", "2017-09-30": "2050.02900", "2017-06-30": "1458.82000", "2017-03-31": "1352.78800", "2016-12-31": "1421.79100", "2016-09-30": "1666.57100", "2016-06-30": "1105.94600", "2016-03-31": "992.79000", "2015-12-31": "1089.63900", "2015-09-30": "1175.58900", "2015-06-30": "1213.92900", "2015-03-31": "1522.72800", "2014-12-31": "1397.64000", "2014-09-30": "1077.81900", "2014-06-30": "1220.22700", "2014-03-31": "1246.41000", "2013-12-31": "1137.41800", "2013-09-30": "713.47900", "2013-06-30": "720.92000", "2013-03-31": "723.02400", "2012-12-31": "743.43100", "2012-09-30": "719.38600", "2012-06-30": "681.53400", "2012-03-31": "513.39000", "2011-12-31": "469.80200", "2011-09-30": "487.02400", "2011-06-30": "514.11100", "2011-03-31": "503.83000", "2010-12-31": "504.26000", "2010-09-30": "554.18900", "2010-06-30": "521.90800", "2010-03-31": "500.43100", "2009-12-31": "467.72700", "2009-09-30": "520.26700", "2009-06-30": "506.98100", "2009-03-31": "713.57500", "2008-12-31": "737.69600", "2008-09-30": "697.01300", "2008-06-30": "701.81400", "2008-03-31": "683.72800", "2007-12-31": "644.29700", "2007-09-30": "641.23400", "2007-06-30": "640.93200", "2007-03-31": "320.64500", "2006-12-31": "334.22400", "2006-09-30": "339.36600", "2006-06-30": "344.80700", "2006-03-31": "378.75900", "2005-12-31": "68.94100", "2005-09-30": "82.18800", "2005-06-30": "39.33600", "2005-03-31": "53.59900"}, "Property, Plant, And Equipment": {"2020-09-30": "1015.06200", "2020-06-30": "1010.91700", "2020-03-31": "1009.97200", "2019-12-31": "1010.86800", "2019-09-30": "969.30000", "2019-06-30": "962.97000", "2019-03-31": "951.89000", "2018-12-31": "948.68200", "2018-09-30": "924.03300", "2018-06-30": "900.48000", "2018-03-31": "895.39200", "2017-12-31": "896.70000", "2017-09-30": "878.62400", "2017-06-30": "851.09700", "2017-03-31": "824.01300", "2016-12-31": "798.76800", "2016-09-30": "729.83600", "2016-06-30": "724.49400", "2016-03-31": "716.91600", "2015-12-31": "704.20700", "2015-09-30": "604.51300", "2015-06-30": "568.05100", "2015-03-31": "538.11700", "2014-12-31": "523.51600", "2014-09-30": "486.74100", "2014-06-30": "469.86200", "2014-03-31": "437.06600", "2013-12-31": "319.31600", "2013-09-30": "285.66400", "2013-06-30": "282.00200", "2013-03-31": "281.86500", "2012-12-31": "284.47300", "2012-09-30": "273.72400", "2012-06-30": "267.37400", "2012-03-31": "264.31700", "2011-12-31": "268.97100", "2011-09-30": "266.19000", "2011-06-30": "216.49600", "2011-03-31": "217.88400", "2010-12-31": "221.86600", "2010-09-30": "213.75500", "2010-06-30": "212.62000", "2010-03-31": "203.94900", "2009-12-31": "199.14100", "2009-09-30": "182.09900", "2009-06-30": "159.78900", "2009-03-31": "142.25200", "2008-12-31": "124.97900", "2008-09-30": "110.71600", "2008-06-30": "105.19900", "2008-03-31": "95.73200", "2007-12-31": "76.81800", "2007-09-30": "66.24900", "2007-06-30": "58.78000", "2007-03-31": "56.48700", "2006-12-31": "55.46600", "2006-09-30": "52.46900", "2006-06-30": "51.49500", "2006-03-31": "36.25100", "2005-12-31": "37.32100", "2005-09-30": "37.79900", "2005-06-30": "39.55600", "2005-03-31": "41.17900"}, "Long-Term Investments": {"2020-09-30": "265.12200", "2020-06-30": "323.05800", "2020-03-31": "290.79600", "2019-12-31": "411.97800", "2019-09-30": "431.80400", "2019-06-30": "374.96500", "2019-03-31": "320.00000", "2018-12-31": "235.86400", "2018-09-30": "204.88300", "2018-06-30": "279.98800", "2018-03-31": "313.59900", "2017-12-31": "385.78500", "2017-09-30": "416.30400", "2017-06-30": "482.03600", "2017-03-31": "533.62800", "2016-12-31": "572.71100", "2016-09-30": "362.95600", "2016-06-30": "201.62000", "2016-03-31": "314.40400", "2015-12-31": "425.65200", "2015-09-30": "514.38100", "2015-06-30": "509.62700", "2015-03-31": "224.81000", "2014-12-31": "97.85600", "2014-09-30": "449.14300", "2014-06-30": "244.58800", "2014-03-31": "251.92800", "2013-12-31": "268.51600", "2013-09-30": "148.62500", "2013-06-30": "124.90600", "2013-03-31": "124.49800", "2012-12-31": "117.07300", "2012-09-30": "107.58900", "2012-06-30": "123.15500", "2012-03-31": "55.83300", "2011-12-31": "94.94400", "2011-09-30": "146.80800", "2011-06-30": "154.32700", "2011-03-31": "142.51100", "2010-12-31": "129.25300", "2010-09-30": "90.11600", "2010-06-30": "118.08500", "2010-03-31": "129.93700", "2009-12-31": "170.29000", "2009-09-30": "128.95700", "2009-06-30": "139.32500", "2009-03-31": "4.37800", "2008-12-31": "2.54800", "2008-09-30": "5.00200", "2008-06-30": "0.31500", "2008-03-31": "0.90500", "2007-12-31": "44.88100", "2007-09-30": "35.51600", "2007-06-30": "33.26900", "2007-03-31": "31.61900", "2006-12-31": "31.45700", "2006-09-30": "33.58700", "2006-06-30": "28.52800", "2006-03-31": "27.78300", "2005-12-31": "31.98300", "2005-09-30": "30.41100", "2005-06-30": "28.52300", "2005-03-31": "25.21700"}, "Goodwill And Intangible Assets": {"2020-09-30": "623.37100", "2020-06-30": "629.58000", "2020-03-31": "639.91600", "2019-12-31": "653.61900", "2019-09-30": "659.88800", "2019-06-30": "673.67100", "2019-03-31": "683.02000", "2018-12-31": "688.84700", "2018-09-30": "691.72600", "2018-06-30": "699.33400", "2018-03-31": "706.94100", "2017-12-31": "714.54900", "2017-09-30": "727.99600", "2017-06-30": "735.60400", "2017-03-31": "743.21100", "2016-12-31": "750.81900", "2016-09-30": "758.42600", "2016-06-30": "766.00500", "2016-03-31": "1374.27100", "2015-12-31": "881.03500", "2015-09-30": "1123.33500", "2015-06-30": "1126.25300", "2015-03-31": "1129.28800", "2014-12-31": "210.83600", "2014-09-30": "214.20700", "2014-06-30": "217.30300", "2014-03-31": "219.65500", "2013-12-31": "217.40500", "2013-09-30": "220.04900", "2013-06-30": "223.40900", "2013-03-31": "226.99100", "2012-12-31": "214.52300", "2012-09-30": "217.16700", "2012-06-30": "219.81000", "2012-03-31": "222.45700", "2011-12-31": "231.82000", "2011-09-30": "152.32300", "2011-06-30": "154.79100", "2011-03-31": "155.74700", "2010-12-31": "157.01200", "2010-09-30": "157.96800", "2010-06-30": "118.34500", "2010-03-31": "117.77600", "2009-12-31": "64.69900", "2009-09-30": "25.45600", "2009-06-30": "25.65300", "2009-03-31": "27.57800", "2008-12-31": "28.88800", "2008-09-30": "27.33000", "2008-06-30": "28.50600", "2008-03-31": "29.68200", "2007-12-31": "30.85800", "2007-09-30": "29.63900", "2007-06-30": "30.73200", "2007-03-31": "31.82500", "2006-12-31": "32.91700", "2006-09-30": "34.01000", "2006-06-30": "35.10300", "2006-03-31": "36.19600", "2005-12-31": "36.56800", "2005-09-30": "36.85400", "2005-06-30": "37.14000", "2005-03-31": "37.42700"}, "Other Long-Term Assets": {"2020-09-30": "119.00900", "2020-06-30": "135.85200", "2020-03-31": "125.91800", "2019-12-31": "122.00900", "2019-09-30": "112.64600", "2019-06-30": "99.45600", "2019-03-31": "96.30000", "2018-12-31": "36.56800", "2018-09-30": "37.56500", "2018-06-30": "39.43000", "2018-03-31": "32.66600", "2017-12-31": "29.85200", "2017-09-30": "22.98500", "2017-06-30": "21.44700", "2017-03-31": "26.58000", "2016-12-31": "32.81500", "2016-09-30": "36.44300", "2016-06-30": "23.05700", "2016-03-31": "25.40000", "2015-12-31": "408.64400", "2015-09-30": "60.79000", "2015-06-30": "58.28400", "2015-03-31": "80.33200", "2014-12-31": "54.55700", "2014-09-30": "61.53200", "2014-06-30": "46.56200", "2014-03-31": "41.54500", "2013-12-31": "156.17100", "2013-09-30": "14.01000", "2013-06-30": "14.88300", "2013-03-31": "15.15800", "2012-12-31": "19.54400", "2012-09-30": "19.73900", "2012-06-30": "20.06100", "2012-03-31": "19.84900", "2011-12-31": "15.49500", "2011-09-30": "13.55900", "2011-06-30": "12.26700", "2011-03-31": "12.22700", "2010-12-31": "14.21500", "2010-09-30": "228.50500", "2010-06-30": "14.55800", "2010-03-31": "14.11200", "2009-12-31": "15.30600", "2009-09-30": "12.57800", "2009-06-30": "12.68900", "2009-03-31": "12.50000", "2008-12-31": "12.58400", "2008-09-30": "18.97700", "2008-06-30": "18.72100", "2008-03-31": "17.65500", "2007-12-31": "18.42500", "2007-09-30": "18.41800", "2007-06-30": "17.92600", "2007-03-31": "9.18800", "2006-12-31": "9.37200", "2006-09-30": "7.64000", "2006-06-30": "8.66100", "2006-03-31": "9.24000", "2005-12-31": "20.49000", "2005-09-30": "21.59000", "2005-06-30": "22.69200", "2005-03-31": "23.51100"}, "Total Long-Term Assets": {"2020-09-30": "3419.11100", "2020-06-30": "2654.54400", "2020-03-31": "2606.59200", "2019-12-31": "2747.89600", "2019-09-30": "2698.76900", "2019-06-30": "2586.61600", "2019-03-31": "2518.54300", "2018-12-31": "2370.91300", "2018-09-30": "2287.40100", "2018-06-30": "2344.61200", "2018-03-31": "2355.60700", "2017-12-31": "2425.98100", "2017-09-30": "2530.66800", "2017-06-30": "2561.14500", "2017-03-31": "2585.81900", "2016-12-31": "2601.89900", "2016-09-30": "2175.66700", "2016-06-30": "1981.35800", "2016-03-31": "2674.20300", "2015-12-31": "2639.72900", "2015-09-30": "2449.26400", "2015-06-30": "2434.76000", "2015-03-31": "2135.95800", "2014-12-31": "1077.73900", "2014-09-30": "1362.61400", "2014-06-30": "1125.45800", "2014-03-31": "1094.31800", "2013-12-31": "1106.64200", "2013-09-30": "907.05100", "2013-06-30": "880.60000", "2013-03-31": "875.26900", "2012-12-31": "824.91600", "2012-09-30": "847.99000", "2012-06-30": "850.99300", "2012-03-31": "783.69500", "2011-12-31": "835.90700", "2011-09-30": "808.05200", "2011-06-30": "766.28110", "2011-03-31": "760.31600", "2010-12-31": "758.36300", "2010-09-30": "690.34400", "2010-06-30": "463.60800", "2010-03-31": "465.77400", "2009-12-31": "449.43600", "2009-09-30": "349.09000", "2009-06-30": "337.45600", "2009-03-31": "186.70800", "2008-12-31": "168.99900", "2008-09-30": "162.02500", "2008-06-30": "152.74100", "2008-03-31": "143.97400", "2007-12-31": "170.98200", "2007-09-30": "149.82200", "2007-06-30": "140.70700", "2007-03-31": "129.11900", "2006-12-31": "129.21200", "2006-09-30": "127.70600", "2006-06-30": "123.78700", "2006-03-31": "109.47000", "2005-12-31": "126.36200", "2005-09-30": "126.65400", "2005-06-30": "127.91100", "2005-03-31": "127.33400"}, "Total Assets": {"2020-09-30": "6158.09000", "2020-06-30": "5302.11000", "2020-03-31": "4722.84100", "2019-12-31": "4690.03900", "2019-09-30": "4558.12800", "2019-06-30": "4393.38400", "2019-03-31": "4435.39800", "2018-12-31": "4427.12800", "2018-09-30": "4695.25400", "2018-06-30": "4624.67900", "2018-03-31": "4596.71700", "2017-12-31": "4633.12500", "2017-09-30": "4580.69700", "2017-06-30": "4019.96500", "2017-03-31": "3938.60700", "2016-12-31": "4023.69000", "2016-09-30": "3842.23800", "2016-06-30": "3087.30400", "2016-03-31": "3666.99300", "2015-12-31": "3729.36800", "2015-09-30": "3624.85300", "2015-06-30": "3648.68900", "2015-03-31": "3658.68600", "2014-12-31": "2475.37900", "2014-09-30": "2440.43300", "2014-06-30": "2345.68500", "2014-03-31": "2340.72800", "2013-12-31": "2244.06000", "2013-09-30": "1620.53000", "2013-06-30": "1601.52000", "2013-03-31": "1598.29300", "2012-12-31": "1568.34700", "2012-09-30": "1567.37600", "2012-06-30": "1532.52700", "2012-03-31": "1297.08500", "2011-12-31": "1305.70900", "2011-09-30": "1295.07600", "2011-06-30": "1280.39200", "2011-03-31": "1264.14600", "2010-12-31": "1262.62300", "2010-09-30": "1244.53300", "2010-06-30": "985.51600", "2010-03-31": "966.20500", "2009-12-31": "917.16300", "2009-09-30": "869.35700", "2009-06-30": "844.43700", "2009-03-31": "900.28300", "2008-12-31": "906.69500", "2008-09-30": "859.03800", "2008-06-30": "854.55500", "2008-03-31": "827.70200", "2007-12-31": "815.27900", "2007-09-30": "791.05600", "2007-06-30": "781.63900", "2007-03-31": "449.76400", "2006-12-31": "463.43600", "2006-09-30": "467.07200", "2006-06-30": "468.71400", "2006-03-31": "488.22900", "2005-12-31": "195.30300", "2005-09-30": "208.84200", "2005-06-30": "167.24700", "2005-03-31": "180.93300"}, "Total Current Liabilities": {"2020-09-30": "854.69300", "2020-06-30": "813.30200", "2020-03-31": "820.47000", "2019-12-31": "932.50300", "2019-09-30": "493.74500", "2019-06-30": "439.42800", "2019-03-31": "500.98600", "2018-12-31": "523.24100", "2018-09-30": "838.66000", "2018-06-30": "804.95000", "2018-03-31": "773.47100", "2017-12-31": "816.51800", "2017-09-30": "417.52900", "2017-06-30": "374.30300", "2017-03-31": "340.20600", "2016-12-31": "439.31000", "2016-09-30": "377.33500", "2016-06-30": "364.58000", "2016-03-31": "388.01100", "2015-12-31": "445.45700", "2015-09-30": "390.49100", "2015-06-30": "347.70400", "2015-03-31": "305.50600", "2014-12-31": "235.73900", "2014-09-30": "206.55000", "2014-06-30": "166.72000", "2014-03-31": "156.03800", "2013-12-31": "183.27100", "2013-09-30": "167.63300", "2013-06-30": "142.24100", "2013-03-31": "144.00800", "2012-12-31": "170.43300", "2012-09-30": "134.92900", "2012-06-30": "119.99700", "2012-03-31": "119.81400", "2011-12-31": "94.12500", "2011-09-30": "83.25400", "2011-06-30": "82.03500", "2011-03-31": "75.98600", "2010-12-31": "83.84400", "2010-09-30": "92.09700", "2010-06-30": "83.93000", "2010-03-31": "78.69900", "2009-12-31": "78.15400", "2009-09-30": "64.07000", "2009-06-30": "60.03300", "2009-03-31": "126.31400", "2008-12-31": "130.08100", "2008-09-30": "120.73500", "2008-06-30": "63.42300", "2008-03-31": "53.31100", "2007-12-31": "61.54300", "2007-09-30": "49.06200", "2007-06-30": "44.54300", "2007-03-31": "38.82900", "2006-12-31": "46.04500", "2006-09-30": "43.22900", "2006-06-30": "38.00400", "2006-03-31": "56.88700", "2005-12-31": "40.36700", "2005-09-30": "44.22400", "2005-06-30": "43.70200", "2005-03-31": "50.69500"}, "Long Term Debt": {"2020-09-30": "1074.16400", "2020-06-30": "1073.20200", "2020-03-31": "486.71300", "2019-12-31": "486.23800", "2019-09-30": "843.61600", "2019-06-30": "839.16500", "2019-03-31": "834.76600", "2018-12-31": "830.41700", "2018-09-30": "826.11900", "2018-06-30": "821.87100", "2018-03-31": "817.67200", "2017-12-31": "813.52100", "2017-09-30": "1166.03600", "2017-06-30": "676.20500", "2017-03-31": "668.43700", "2016-12-31": "660.76100", "2016-09-30": "653.17800", "2016-06-30": "645.68500", "2016-03-31": "668.00900", "2015-12-31": "662.28600", "2015-09-30": "667.79300", "2015-06-30": "661.49200", "2015-03-31": "655.49100", "2014-12-31": "642.90200", "2014-09-30": "656.88400", "2014-06-30": "650.87200", "2014-03-31": "661.41900", "2013-12-31": "655.56600", "2013-09-30": "78.31000", "2013-06-30": "109.82200", "2013-03-31": "109.84900", "2012-12-31": "324.85900", "2012-09-30": "324.86100", "2012-06-30": "324.86500", "2012-03-31": "324.87200", "2011-12-31": "348.32900", "2011-09-30": "348.33900", "2011-06-30": "377.52000", "2011-03-31": "377.52100", "2010-12-31": "377.52100", "2010-09-30": "497.08300", "2010-06-30": "497.08300", "2010-03-31": "497.08300", "2009-12-31": "497.08300", "2009-09-30": "497.08300", "2009-06-30": "497.08300", "2009-03-31": "497.08300", "2008-12-31": "497.08300", "2008-09-30": "497.24000", "2008-06-30": "562.99700", "2008-03-31": "563.45600", "2007-12-31": "563.92800", "2007-09-30": "564.32100", "2007-06-30": "564.70700", "2007-03-31": "240.44500", "2006-12-31": "292.48800", "2006-09-30": "293.08400", "2006-06-30": "367.31100", "2006-03-31": "367.83600", "2005-12-31": "212.92200", "2005-09-30": "214.44700", "2005-06-30": "215.96500", "2005-03-31": "217.42400"}, "Other Non-Current Liabilities": {"2020-09-30": "175.34000", "2020-06-30": "178.92700", "2020-03-31": "175.69600", "2019-12-31": "148.91700", "2019-09-30": "146.36200", "2019-06-30": "153.83700", "2019-03-31": "163.01900", "2018-12-31": "105.53000", "2018-09-30": "115.53000", "2018-06-30": "112.75400", "2018-03-31": "198.57100", "2017-12-31": "194.42300", "2017-09-30": "183.57000", "2017-06-30": "173.87800", "2017-03-31": "160.87700", "2016-12-31": "157.34400", "2016-09-30": "165.91700", "2016-06-30": "159.46300", "2016-03-31": "177.21000", "2015-12-31": "77.25100", "2015-09-30": "80.72700", "2015-06-30": "89.33400", "2015-03-31": "79.03200", "2014-12-31": "68.84400", "2014-09-30": "68.55700", "2014-06-30": "66.12400", "2014-03-31": "63.15000", "2013-12-31": "64.18200", "2013-09-30": "60.91100", "2013-06-30": "54.01700", "2013-03-31": "56.76300", "2012-12-31": "57.29200", "2012-09-30": "92.39200", "2012-06-30": "87.23900", "2012-03-31": "80.44900", "2011-12-31": "53.05200", "2011-09-30": "88.94400", "2011-06-30": "88.53200", "2011-03-31": "89.79900", "2010-12-31": "84.00100", "2010-09-30": "69.68900", "2010-06-30": "41.54100", "2010-03-31": "45.18300", "2009-12-31": "19.74100", "2009-09-30": "4.35100", "2009-06-30": "3.88700", "2009-03-31": "2.94600", "2008-12-31": "2.85600", "2008-09-30": "3.16200", "2008-06-30": "2.10800", "2008-03-31": "1.76900", "2007-12-31": "2.08200", "2007-09-30": "2.85400", "2007-06-30": "3.27800", "2007-03-31": "2.47900", "2006-12-31": "2.07800", "2006-09-30": "1.84600", "2006-06-30": "6.52200", "2006-03-31": "7.59300", "2005-12-31": "7.65100", "2005-09-30": "3.05000", "2005-06-30": "3.24900", "2005-03-31": "3.04900"}, "Total Long Term Liabilities": {"2020-09-30": "1249.50400", "2020-06-30": "1252.12900", "2020-03-31": "662.40900", "2019-12-31": "635.15500", "2019-09-30": "989.97800", "2019-06-30": "993.00200", "2019-03-31": "997.78500", "2018-12-31": "935.94700", "2018-09-30": "941.64900", "2018-06-30": "934.62500", "2018-03-31": "1016.24300", "2017-12-31": "1007.94400", "2017-09-30": "1349.60600", "2017-06-30": "850.08300", "2017-03-31": "829.31400", "2016-12-31": "818.10500", "2016-09-30": "819.09500", "2016-06-30": "805.14800", "2016-03-31": "988.74600", "2015-12-31": "883.06400", "2015-09-30": "941.72200", "2015-06-30": "944.02800", "2015-03-31": "927.72500", "2014-12-31": "711.74600", "2014-09-30": "725.44100", "2014-06-30": "716.99600", "2014-03-31": "724.56900", "2013-12-31": "719.74800", "2013-09-30": "176.41100", "2013-06-30": "201.02100", "2013-03-31": "204.13300", "2012-12-31": "382.15100", "2012-09-30": "417.25300", "2012-06-30": "412.10400", "2012-03-31": "405.32100", "2011-12-31": "438.53600", "2011-09-30": "437.28300", "2011-06-30": "466.05200", "2011-03-31": "467.32000", "2010-12-31": "461.52200", "2010-09-30": "566.77200", "2010-06-30": "538.62400", "2010-03-31": "542.26600", "2009-12-31": "516.82400", "2009-09-30": "501.43400", "2009-06-30": "500.97000", "2009-03-31": "500.02900", "2008-12-31": "499.93900", "2008-09-30": "500.40200", "2008-06-30": "565.10500", "2008-03-31": "565.22500", "2007-12-31": "566.00990", "2007-09-30": "567.44900", "2007-06-30": "569.49400", "2007-03-31": "246.22100", "2006-12-31": "299.58900", "2006-09-30": "301.72600", "2006-06-30": "381.82300", "2006-03-31": "385.33700", "2005-12-31": "232.39800", "2005-09-30": "229.99700", "2005-06-30": "233.98700", "2005-03-31": "220.47300"}, "Total Liabilities": {"2020-09-30": "2104.19700", "2020-06-30": "2065.43100", "2020-03-31": "1482.87900", "2019-12-31": "1567.65800", "2019-09-30": "1483.72300", "2019-06-30": "1432.43000", "2019-03-31": "1498.77100", "2018-12-31": "1459.18800", "2018-09-30": "1780.30900", "2018-06-30": "1739.57500", "2018-03-31": "1789.71400", "2017-12-31": "1824.46200", "2017-09-30": "1767.13500", "2017-06-30": "1224.38600", "2017-03-31": "1169.52000", "2016-12-31": "1257.41500", "2016-09-30": "1196.43000", "2016-06-30": "1169.72800", "2016-03-31": "1376.75700", "2015-12-31": "1328.52100", "2015-09-30": "1332.21300", "2015-06-30": "1291.73200", "2015-03-31": "1233.23100", "2014-12-31": "947.48500", "2014-09-30": "931.99100", "2014-06-30": "883.71600", "2014-03-31": "880.60700", "2013-12-31": "903.01900", "2013-09-30": "344.04400", "2013-06-30": "343.26200", "2013-03-31": "348.14100", "2012-12-31": "552.58400", "2012-09-30": "552.18200", "2012-06-30": "532.10100", "2012-03-31": "525.13500", "2011-12-31": "532.66100", "2011-09-30": "520.53700", "2011-06-30": "548.08700", "2011-03-31": "543.30600", "2010-12-31": "545.36600", "2010-09-30": "658.86900", "2010-06-30": "622.55400", "2010-03-31": "620.96500", "2009-12-31": "594.97800", "2009-09-30": "565.50400", "2009-06-30": "561.00300", "2009-03-31": "626.34300", "2008-12-31": "630.02000", "2008-09-30": "621.13700", "2008-06-30": "628.52800", "2008-03-31": "618.53600", "2007-12-31": "627.55300", "2007-09-30": "616.51100", "2007-06-30": "614.03700", "2007-03-31": "285.05000", "2006-12-31": "345.63400", "2006-09-30": "344.95500", "2006-06-30": "419.82700", "2006-03-31": "442.22400", "2005-12-31": "272.76500", "2005-09-30": "274.22100", "2005-06-30": "277.68900", "2005-03-31": "271.16800"}, "Common Stock Net": {"2020-09-30": "0.18100", "2020-06-30": "0.18100", "2020-03-31": "0.18100", "2019-12-31": "0.18000", "2019-09-30": "0.18000", "2019-06-30": "0.17900", "2019-03-31": "0.17900", "2018-12-31": "0.17800", "2018-09-30": "0.17800", "2018-06-30": "0.17800", "2018-03-31": "0.17700", "2017-12-31": "0.17600", "2017-09-30": "0.17600", "2017-06-30": "0.17500", "2017-03-31": "0.17300", "2016-12-31": "0.17300", "2016-09-30": "0.17300", "2016-06-30": "0.16400", "2016-03-31": "0.16300", "2015-12-31": "0.16200", "2015-09-30": "0.16200", "2015-06-30": "0.16100", "2015-03-31": "0.16100", "2014-12-31": "0.14900", "2014-09-30": "0.14800", "2014-06-30": "0.14700", "2014-03-31": "0.14600", "2013-12-31": "0.14400", "2013-09-30": "0.14200", "2013-06-30": "0.14000", "2013-03-31": "0.13900", "2012-12-31": "0.12600", "2012-09-30": "0.12400", "2012-06-30": "0.12300", "2012-03-31": "0.11600", "2011-12-31": "0.11500", "2011-09-30": "0.11400", "2011-06-30": "0.11200", "2011-03-31": "0.11100", "2010-12-31": "0.11100", "2010-09-30": "0.10300", "2010-06-30": "0.10200", "2010-03-31": "0.10200", "2009-12-31": "0.10100", "2009-09-30": "0.10100", "2009-06-30": "0.10000", "2009-03-31": "0.10000", "2008-12-31": "0.10000", "2008-09-30": "0.10000", "2008-06-30": "0.09900", "2008-03-31": "0.09800", "2007-12-31": "0.09700", "2007-09-30": "0.09700", "2007-06-30": "0.09600", "2007-03-31": "0.09600", "2006-12-31": "0.09200", "2006-09-30": "0.09100", "2006-06-30": "0.08500", "2006-03-31": "0.08500", "2005-12-31": "0.07500", "2005-09-30": "0.07400", "2005-06-30": "0.06500", "2005-03-31": "0.06500"}, "Retained Earnings (Accumulated Deficit)": {"2020-09-30": "-883.70800", "2020-06-30": "-1668.51100", "2020-03-31": "-1639.32800", "2019-12-31": "-1720.70900", "2019-09-30": "-1735.73300", "2019-06-30": "-1790.76900", "2019-03-31": "-1753.33400", "2018-12-31": "-1694.13400", "2018-09-30": "-1690.47500", "2018-06-30": "-1677.85500", "2018-03-31": "-1661.06300", "2017-12-31": "-1637.54800", "2017-09-30": "-1586.15600", "2017-06-30": "-1573.62900", "2017-03-31": "-1536.79600", "2016-12-31": "-1520.50600", "2016-09-30": "-1573.06800", "2016-06-30": "-1530.27100", "2016-03-31": "-1106.71100", "2015-12-31": "-1021.56900", "2015-09-30": "-1090.18600", "2015-06-30": "-999.26000", "2015-03-31": "-917.27100", "2014-12-31": "-849.77000", "2014-09-30": "-779.97300", "2014-06-30": "-787.41800", "2014-03-31": "-753.91600", "2013-12-31": "-715.80100", "2013-09-30": "-653.81100", "2013-06-30": "-600.79100", "2013-03-31": "-579.25800", "2012-12-31": "-539.44800", "2012-09-30": "-486.43600", "2012-06-30": "-481.07900", "2012-03-31": "-449.07300", "2011-12-31": "-425.10100", "2011-09-30": "-398.36600", "2011-06-30": "-380.71300", "2011-03-31": "-375.63600", "2010-12-31": "-371.26500", "2010-09-30": "-359.07600", "2010-06-30": "-576.41000", "2010-03-31": "-575.93300", "2009-12-31": "-577.08400", "2009-09-30": "-581.79500", "2009-06-30": "-588.43600", "2009-03-31": "-589.74800", "2008-12-31": "-576.59600", "2008-09-30": "-601.10200", "2008-06-30": "-601.93100", "2008-03-31": "-605.74100", "2007-12-31": "-607.42700", "2007-09-30": "-609.99700", "2007-06-30": "-604.78100", "2007-03-31": "-600.91700", "2006-12-31": "-591.62400", "2006-09-30": "-581.23300", "2006-06-30": "-574.19700", "2006-03-31": "-572.87100", "2005-12-31": "-563.09100", "2005-09-30": "-548.09500", "2005-06-30": "-532.61900", "2005-03-31": "-511.27900"}, "Comprehensive Income": {"2020-09-30": "10.38500", "2020-06-30": "30.05000", "2020-03-31": "34.12700", "2019-12-31": "20.16400", "2019-09-30": "37.00300", "2019-06-30": "17.43900", "2019-03-31": "19.79400", "2018-12-31": "5.27100", "2018-09-30": "-2.16000", "2018-06-30": "-1.12900", "2018-03-31": "-28.54500", "2017-12-31": "-22.96100", "2017-09-30": "-21.43400", "2017-06-30": "-14.65800", "2017-03-31": "5.02000", "2016-12-31": "12.81600", "2016-09-30": "2.15800", "2016-06-30": "4.52800", "2016-03-31": "0.04700", "2015-12-31": "21.03300", "2015-09-30": "25.18400", "2015-06-30": "32.46100", "2015-03-31": "43.81900", "2014-12-31": "27.46600", "2014-09-30": "19.18900", "2014-06-30": "9.94100", "2014-03-31": "7.27500", "2013-12-31": "5.01800", "2013-09-30": "11.47300", "2013-06-30": "2.44100", "2013-03-31": "1.15500", "2012-12-31": "-0.20200", "2012-09-30": "2.33300", "2012-06-30": "4.65000", "2012-03-31": "2.51200", "2011-12-31": "4.88700", "2011-09-30": "1.30400", "2011-06-30": "-5.92300", "2011-03-31": "-5.78700", "2010-12-31": "0.18800", "2010-09-30": "-1.58100", "2010-06-30": "10.22400", "2010-03-31": "4.40500", "2009-12-31": "0.93300", "2009-09-30": "-0.70400", "2009-06-30": "0.10100", "2009-03-31": "2.06900", "2008-12-31": "1.10600", "2008-09-30": "-1.81800", "2008-06-30": "-0.57500", "2008-03-31": "0.35100", "2007-12-31": "0.13900", "2007-09-30": "0.12800", "2007-06-30": "-0.00700", "2007-03-31": "-0.00500", "2006-12-31": "-0.02500", "2006-09-30": "-0.02400", "2006-06-30": "-0.04900", "2006-03-31": "-0.01500", "2005-12-31": "-0.01600", "2005-09-30": "-0.01600", "2005-06-30": "-0.14400", "2005-03-31": "-0.23500"}, "Other Share Holders Equity": {"2020-09-30": "", "2020-06-30": "", "2020-03-31": "", "2019-12-31": "", "2019-09-30": "", "2019-06-30": "", "2019-03-31": "", "2018-12-31": "", "2018-09-30": "", "2018-06-30": "", "2018-03-31": "", "2017-12-31": "", "2017-09-30": "", "2017-06-30": "", "2017-03-31": "", "2016-12-31": "", "2016-09-30": "", "2016-06-30": "", "2016-03-31": "", "2015-12-31": "", "2015-09-30": "", "2015-06-30": "", "2015-03-31": "", "2014-12-31": "", "2014-09-30": "", "2014-06-30": "", "2014-03-31": "", "2013-12-31": "", "2013-09-30": "", "2013-06-30": "", "2013-03-31": "", "2012-12-31": "", "2012-09-30": "", "2012-06-30": "", "2012-03-31": "", "2011-12-31": "", "2011-09-30": "", "2011-06-30": "", "2011-03-31": "", "2010-12-31": "", "2010-09-30": "", "2010-06-30": "", "2010-03-31": "", "2009-12-31": "", "2009-09-30": "", "2009-06-30": "", "2009-03-31": "", "2008-12-31": "", "2008-09-30": "", "2008-06-30": "", "2008-03-31": "", "2007-12-31": "", "2007-09-30": "", "2007-06-30": "", "2007-03-31": "", "2006-12-31": "", "2006-09-30": "", "2006-06-30": "", "2006-03-31": "", "2005-12-31": "", "2005-09-30": "", "2005-06-30": "", "2005-03-31": ""}, "Share Holder Equity": {"2020-09-30": "4053.89300", "2020-06-30": "3236.67900", "2020-03-31": "3239.96200", "2019-12-31": "3122.38100", "2019-09-30": "3074.40500", "2019-06-30": "2960.95400", "2019-03-31": "2936.62700", "2018-12-31": "2967.94000", "2018-09-30": "2914.94500", "2018-06-30": "2885.10400", "2018-03-31": "2807.00300", "2017-12-31": "2808.66300", "2017-09-30": "2813.56200", "2017-06-30": "2795.57900", "2017-03-31": "2769.08700", "2016-12-31": "2766.27500", "2016-09-30": "2645.80800", "2016-06-30": "1917.57600", "2016-03-31": "2290.23600", "2015-12-31": "2400.84700", "2015-09-30": "2292.64000", "2015-06-30": "2356.95700", "2015-03-31": "2425.45500", "2014-12-31": "1527.89400", "2014-09-30": "1508.44200", "2014-06-30": "1461.96900", "2014-03-31": "1460.12100", "2013-12-31": "1341.04100", "2013-09-30": "1276.48600", "2013-06-30": "1258.25800", "2013-03-31": "1250.15200", "2012-12-31": "1015.76300", "2012-09-30": "1015.19400", "2012-06-30": "1000.42600", "2012-03-31": "771.95000", "2011-12-31": "773.04800", "2011-09-30": "774.53900", "2011-06-30": "732.30500", "2011-03-31": "720.84000", "2010-12-31": "717.25700", "2010-09-30": "585.66400", "2010-06-30": "362.96200", "2010-03-31": "345.24000", "2009-12-31": "322.18500", "2009-09-30": "303.85300", "2009-06-30": "283.43400", "2009-03-31": "273.94000", "2008-12-31": "276.67500", "2008-09-30": "237.90100", "2008-06-30": "226.02700", "2008-03-31": "209.16600", "2007-12-31": "187.72600", "2007-09-30": "174.54500", "2007-06-30": "167.60200", "2007-03-31": "164.71400", "2006-12-31": "117.80200", "2006-09-30": "122.11700", "2006-06-30": "48.88700", "2006-03-31": "46.00500", "2005-12-31": "-77.46200", "2005-09-30": "-65.37900", "2005-06-30": "-110.44200", "2005-03-31": "-90.23500"}, "Total Liabilities And Share Holders Equity": {"2020-09-30": "6158.09000", "2020-06-30": "5302.11000", "2020-03-31": "4722.84100", "2019-12-31": "4690.03900", "2019-09-30": "4558.12800", "2019-06-30": "4393.38400", "2019-03-31": "4435.39800", "2018-12-31": "4427.12800", "2018-09-30": "4695.25400", "2018-06-30": "4624.67900", "2018-03-31": "4596.71700", "2017-12-31": "4633.12500", "2017-09-30": "4580.69700", "2017-06-30": "4019.96500", "2017-03-31": "3938.60700", "2016-12-31": "4023.69000", "2016-09-30": "3842.23800", "2016-06-30": "3087.30400", "2016-03-31": "3666.99300", "2015-12-31": "3729.36800", "2015-09-30": "3624.85300", "2015-06-30": "3648.68900", "2015-03-31": "3658.68600", "2014-12-31": "2475.37900", "2014-09-30": "2440.43300", "2014-06-30": "2345.68500", "2014-03-31": "2340.72800", "2013-12-31": "2244.06000", "2013-09-30": "1620.53000", "2013-06-30": "1601.52000", "2013-03-31": "1598.29300", "2012-12-31": "1568.34700", "2012-09-30": "1567.37600", "2012-06-30": "1532.52700", "2012-03-31": "1297.08500", "2011-12-31": "1305.70900", "2011-09-30": "1295.07600", "2011-06-30": "1280.39200", "2011-03-31": "1264.14600", "2010-12-31": "1262.62300", "2010-09-30": "1244.53300", "2010-06-30": "985.51600", "2010-03-31": "966.20500", "2009-12-31": "917.16300", "2009-09-30": "869.35700", "2009-06-30": "844.43700", "2009-03-31": "900.28300", "2008-12-31": "906.69500", "2008-09-30": "859.03800", "2008-06-30": "854.55500", "2008-03-31": "827.70200", "2007-12-31": "815.27900", "2007-09-30": "791.05600", "2007-06-30": "781.63900", "2007-03-31": "449.76400", "2006-12-31": "463.43600", "2006-09-30": "467.07200", "2006-06-30": "468.71400", "2006-03-31": "488.22900", "2005-12-31": "195.30300", "2005-09-30": "208.84200", "2005-06-30": "167.24700", "2005-03-31": "180.93300"}}, "cash flow statement": {"Net Income/Loss": {"2019-12-31": "-23.84800", "2018-12-31": "-77.21100", "2017-12-31": "-117.04200", "2016-12-31": "-630.21000", "2015-12-31": "-171.79900", "2014-12-31": "-133.96900", "2013-12-31": "-176.35300", "2012-12-31": "-114.34700", "2011-12-31": "-53.83600", "2010-12-31": "205.81900", "2009-12-31": "-0.48800", "2008-12-31": "30.83100", "2007-12-31": "-15.80300", "2006-12-31": "-28.53300", "2005-12-31": "-74.27000"}, "Total Depreciation And Amortization - Cash Flow": {"2019-12-31": "103.30000", "2018-12-31": "96.02900", "2017-12-31": "90.93800", "2016-12-31": "98.21200", "2015-12-31": "49.36400", "2014-12-31": "53.08200", "2013-12-31": "41.91300", "2012-12-31": "48.80400", "2011-12-31": "39.08200", "2010-12-31": "32.19000", "2009-12-31": "22.41800", "2008-12-31": "11.13000", "2007-12-31": "1.20100", "2006-12-31": "9.78200", "2005-12-31": "9.74800"}, "Other Non-Cash Items": {"2019-12-31": "69.90200", "2018-12-31": "50.81000", "2017-12-31": "111.31000", "2016-12-31": "464.43700", "2015-12-31": "-143.39600", "2014-12-31": "26.34900", "2013-12-31": "85.20500", "2012-12-31": "50.09300", "2011-12-31": "58.60600", "2010-12-31": "-177.17000", "2009-12-31": "45.92800", "2008-12-31": "37.85100", "2007-12-31": "-6.41800", "2006-12-31": "-3.99300", "2005-12-31": "-5.66300"}, "Total Non-Cash Items": {"2019-12-31": "173.20200", "2018-12-31": "146.83900", "2017-12-31": "202.24800", "2016-12-31": "562.64900", "2015-12-31": "-94.03200", "2014-12-31": "79.43100", "2013-12-31": "127.11800", "2012-12-31": "98.89700", "2011-12-31": "97.68800", "2010-12-31": "-144.98000", "2009-12-31": "68.34600", "2008-12-31": "48.98100", "2007-12-31": "-5.21700", "2006-12-31": "5.78900", "2005-12-31": "4.08500"}, "Change In Accounts Receivable": {"2019-12-31": "-37.85200", "2018-12-31": "-54.27400", "2017-12-31": "-25.25600", "2016-12-31": "-51.48300", "2015-12-31": "-16.36700", "2014-12-31": "-25.95100", "2013-12-31": "-8.74000", "2012-12-31": "-4.22700", "2011-12-31": "-18.45600", "2010-12-31": "-13.03600", "2009-12-31": "-19.24200", "2008-12-31": "-37.32200", "2007-12-31": "-2.30600", "2006-12-31": "-8.80900", "2005-12-31": "-1.81300"}, "Change In Inventories": {"2019-12-31": "-107.55400", "2018-12-31": "-23.74700", "2017-12-31": "-96.89000", "2016-12-31": "-64.51200", "2015-12-31": "-50.98900", "2014-12-31": "-22.33900", "2013-12-31": "-21.10200", "2012-12-31": "1.42300", "2011-12-31": "-20.42000", "2010-12-31": "-31.03600", "2009-12-31": "-5.50000", "2008-12-31": "-13.93800", "2007-12-31": "-7.37100", "2006-12-31": "-14.17700", "2005-12-31": "-8.58200"}, "Change In Accounts Payable": {"2019-12-31": "", "2018-12-31": "", "2017-12-31": "", "2016-12-31": "", "2015-12-31": "", "2014-12-31": "", "2013-12-31": "", "2012-12-31": "", "2011-12-31": "", "2010-12-31": "", "2009-12-31": "", "2008-12-31": "", "2007-12-31": "", "2006-12-31": "", "2005-12-31": ""}, "Change In Assets/Liabilities": {"2019-12-31": "-32.77500", "2018-12-31": "-9.78800", "2017-12-31": "-17.33400", "2016-12-31": "8.92400", "2015-12-31": "23.39000", "2014-12-31": "-5.63400", "2013-12-31": "1.43800", "2012-12-31": "-1.54800", "2011-12-31": "3.66800", "2010-12-31": "-0.18700", "2009-12-31": "36.81600", "2008-12-31": "-45.16000", "2007-12-31": "-15.17900", "2006-12-31": "-17.02600", "2005-12-31": "25.07100"}, "Total Change In Assets/Liabilities": {"2019-12-31": "-101.09200", "2018-12-31": "-49.42000", "2017-12-31": "-93.96300", "2016-12-31": "-160.27600", "2015-12-31": "46.33200", "2014-12-31": "-15.88400", "2013-12-31": "-8.10000", "2012-12-31": "33.05900", "2011-12-31": "-25.43700", "2010-12-31": "-42.09300", "2009-12-31": "19.87400", "2008-12-31": "-88.98700", "2007-12-31": "-14.00600", "2006-12-31": "-29.52200", "2005-12-31": "11.03400"}, "Cash Flow From Operating Activities": {"2019-12-31": "48.26200", "2018-12-31": "20.20800", "2017-12-31": "-8.75700", "2016-12-31": "-227.83700", "2015-12-31": "-219.49900", "2014-12-31": "-70.42200", "2013-12-31": "-57.33500", "2012-12-31": "17.60900", "2011-12-31": "18.41500", "2010-12-31": "18.74600", "2009-12-31": "87.73200", "2008-12-31": "-9.17500", "2007-12-31": "-35.02600", "2006-12-31": "-52.26600", "2005-12-31": "-59.15100"}, "Net Change In Property, Plant, And Equipment": {"2019-12-31": "-145.02600", "2018-12-31": "-144.62000", "2017-12-31": "-199.21900", "2016-12-31": "-148.38000", "2015-12-31": "-227.65300", "2014-12-31": "-117.06200", "2013-12-31": "-181.69300", "2012-12-31": "-44.57100", "2011-12-31": "-73.21900", "2010-12-31": "-49.46100", "2009-12-31": "-89.80100", "2008-12-31": "-56.36800", "2007-12-31": "-22.41300", "2006-12-31": "-24.58300", "2005-12-31": "-6.48600"}, "Net Change In Intangible Assets": {"2019-12-31": "6.62000", "2018-12-31": "50.00000", "2017-12-31": "125.00000", "2016-12-31": "", "2015-12-31": "38.24400", "2014-12-31": "67.50000", "2013-12-31": "", "2012-12-31": "0.00000", "2011-12-31": "-81.00000", "2010-12-31": "0.00000", "2009-12-31": "", "2008-12-31": "", "2007-12-31": "", "2006-12-31": "", "2005-12-31": ""}, "Net Acquisitions/Divestitures": {"2019-12-31": "", "2018-12-31": "", "2017-12-31": "", "2016-12-31": "-2.78900", "2015-12-31": "-538.39200", "2014-12-31": "", "2013-12-31": "-9.87500", "2012-12-31": "", "2011-12-31": "", "2010-12-31": "-32.95000", "2009-12-31": "-17.51700", "2008-12-31": "", "2007-12-31": "", "2006-12-31": "", "2005-12-31": ""}, "Net Change In Short-term Investments": {"2019-12-31": "108.18800", "2018-12-31": "358.98100", "2017-12-31": "-229.48700", "2016-12-31": "-332.18000", "2015-12-31": "-448.47100", "2014-12-31": "301.27700", "2013-12-31": "-106.39900", "2012-12-31": "-144.33100", "2011-12-31": "66.56200", "2010-12-31": "-15.29800", "2009-12-31": "29.76300", "2008-12-31": "28.04700", "2007-12-31": "-145.05000", "2006-12-31": "-187.81800", "2005-12-31": "26.38000"}, "Net Change In Long-Term Investments": {"2019-12-31": "", "2018-12-31": "", "2017-12-31": "", "2016-12-31": "", "2015-12-31": "", "2014-12-31": "", "2013-12-31": "", "2012-12-31": "-1.74300", "2011-12-31": "-1.90300", "2010-12-31": "-3.63300", "2009-12-31": "-2.12000", "2008-12-31": "9.24400", "2007-12-31": "17.10000", "2006-12-31": "19.80000", "2005-12-31": "3.00000"}, "Net Change In Investments - Total": {"2019-12-31": "108.18800", "2018-12-31": "358.98100", "2017-12-31": "-229.48700", "2016-12-31": "-332.18000", "2015-12-31": "-448.47100", "2014-12-31": "301.27700", "2013-12-31": "-106.39900", "2012-12-31": "-146.07400", "2011-12-31": "64.65900", "2010-12-31": "-18.93100", "2009-12-31": "27.64300", "2008-12-31": "37.29100", "2007-12-31": "-127.95000", "2006-12-31": "-168.01800", "2005-12-31": "29.38000"}, "Investing Activities - Other": {"2019-12-31": "-0.80800", "2018-12-31": "-0.01000", "2017-12-31": "-1.75300", "2016-12-31": "-0.69800", "2015-12-31": "-3.32600", "2014-12-31": "-55.38800", "2013-12-31": "-0.88500", "2012-12-31": "-5.00000", "2011-12-31": "", "2010-12-31": "", "2009-12-31": "", "2008-12-31": "", "2007-12-31": "", "2006-12-31": "", "2005-12-31": "31.18000"}, "Cash Flow From Investing Activities": {"2019-12-31": "-31.02600", "2018-12-31": "264.35100", "2017-12-31": "-305.45900", "2016-12-31": "-484.04700", "2015-12-31": "-1179.59800", "2014-12-31": "196.32700", "2013-12-31": "-298.85200", "2012-12-31": "-195.64500", "2011-12-31": "-89.56000", "2010-12-31": "-101.34200", "2009-12-31": "-79.67500", "2008-12-31": "-19.07700", "2007-12-31": "-150.36300", "2006-12-31": "-192.60100", "2005-12-31": "54.07400"}, "Net Long-Term Debt": {"2019-12-31": "-5.08700", "2018-12-31": "-374.95300", "2017-12-31": "481.68700", "2016-12-31": "", "2015-12-31": "", "2014-12-31": "", "2013-12-31": "726.20200", "2012-12-31": "", "2011-12-31": "-0.87900", "2010-12-31": "-0.19500", "2009-12-31": "-0.18500", "2008-12-31": "-0.09400", "2007-12-31": "316.35000", "2006-12-31": "166.97900", "2005-12-31": ""}, "Net Current Debt": {"2019-12-31": "", "2018-12-31": "", "2017-12-31": "", "2016-12-31": "", "2015-12-31": "", "2014-12-31": "", "2013-12-31": "", "2012-12-31": "", "2011-12-31": "", "2010-12-31": "", "2009-12-31": "", "2008-12-31": "", "2007-12-31": "", "2006-12-31": "-20.90900", "2005-12-31": "0.82000"}, "Debt Issuance/Retirement Net - Total": {"2019-12-31": "-5.08700", "2018-12-31": "-374.95300", "2017-12-31": "481.68700", "2016-12-31": "", "2015-12-31": "", "2014-12-31": "", "2013-12-31": "726.20200", "2012-12-31": "", "2011-12-31": "-0.87900", "2010-12-31": "-0.19500", "2009-12-31": "-0.18500", "2008-12-31": "-0.09400", "2007-12-31": "316.35000", "2006-12-31": "146.07000", "2005-12-31": "0.82000"}, "Net Common Equity Issued/Repurchased": {"2019-12-31": "31.61100", "2018-12-31": "67.48800", "2017-12-31": "60.85900", "2016-12-31": "787.16500", "2015-12-31": "951.30200", "2014-12-31": "197.36800", "2013-12-31": "42.76600", "2012-12-31": "318.56000", "2011-12-31": "33.59200", "2010-12-31": "33.10300", "2009-12-31": "10.88600", "2008-12-31": "28.44300", "2007-12-31": "15.22000", "2006-12-31": "140.51800", "2005-12-31": "64.11000"}, "Net Total Equity Issued/Repurchased": {"2019-12-31": "31.61100", "2018-12-31": "67.48800", "2017-12-31": "60.85900", "2016-12-31": "787.16500", "2015-12-31": "951.30200", "2014-12-31": "197.36800", "2013-12-31": "42.76600", "2012-12-31": "318.56000", "2011-12-31": "33.59200", "2010-12-31": "33.10300", "2009-12-31": "10.88600", "2008-12-31": "28.44300", "2007-12-31": "15.22000", "2006-12-31": "140.51800", "2005-12-31": "64.11000"}, "Total Common And Preferred Stock Dividends Paid": {"2019-12-31": "", "2018-12-31": "", "2017-12-31": "", "2016-12-31": "", "2015-12-31": "", "2014-12-31": "", "2013-12-31": "", "2012-12-31": "", "2011-12-31": "", "2010-12-31": "", "2009-12-31": "", "2008-12-31": "", "2007-12-31": "", "2006-12-31": "", "2005-12-31": ""}, "Financial Activities - Other": {"2019-12-31": "-101.19800", "2018-12-31": "-80.54200", "2017-12-31": "-35.40100", "2016-12-31": "-60.05700", "2015-12-31": "-25.57900", "2014-12-31": "-13.17000", "2013-12-31": "-22.29700", "2012-12-31": "-6.26900", "2011-12-31": "-3.37500", "2010-12-31": "-29.40400", "2009-12-31": "-74.48700", "2008-12-31": "-5.54000", "2007-12-31": "-7.00000", "2006-12-31": "9.34900", "2005-12-31": "-34.84300"}, "Cash Flow From Financial Activities": {"2019-12-31": "-74.67400", "2018-12-31": "-388.00700", "2017-12-31": "507.14500", "2016-12-31": "727.10800", "2015-12-31": "925.72300", "2014-12-31": "184.19800", "2013-12-31": "746.67100", "2012-12-31": "312.29100", "2011-12-31": "29.33800", "2010-12-31": "3.50400", "2009-12-31": "-63.78600", "2008-12-31": "22.80900", "2007-12-31": "324.57000", "2006-12-31": "295.93700", "2005-12-31": "30.08700"}, "Net Cash Flow": {"2019-12-31": "-56.53600", "2018-12-31": "-104.04600", "2017-12-31": "189.69800", "2016-12-31": "11.29000", "2015-12-31": "-478.44600", "2014-12-31": "306.70500", "2013-12-31": "388.25400", "2012-12-31": "134.25500", "2011-12-31": "-41.80700", "2010-12-31": "-79.09200", "2009-12-31": "-55.72900", "2008-12-31": "-5.44300", "2007-12-31": "139.18100", "2006-12-31": "51.07000", "2005-12-31": "25.01100"}, "Stock-Based Compensation": {"2019-12-31": "159.86500", "2018-12-31": "148.81900", "2017-12-31": "140.26300", "2016-12-31": "134.64100", "2015-12-31": "111.52500", "2014-12-31": "86.41000", "2013-12-31": "64.37600", "2012-12-31": "47.34000", "2011-12-31": "43.90900", "2010-12-31": "38.36200", "2009-12-31": "36.00500", "2008-12-31": "28.33500", "2007-12-31": "19.41500", "2006-12-31": "10.59600", "2005-12-31": "0.32700"}, "Common Stock Dividends Paid": {"2019-12-31": "", "2018-12-31": "", "2017-12-31": "", "2016-12-31": "", "2015-12-31": "", "2014-12-31": "", "2013-12-31": "", "2012-12-31": "", "2011-12-31": "", "2010-12-31": "", "2009-12-31": "", "2008-12-31": "", "2007-12-31": "", "2006-12-31": "", "2005-12-31": ""}}, "cash flow statement, quarterly": {"Net Income/Loss": {"2020-09-30": 784.803, "2020-06-30": -29.183, "2020-03-31": "81.38100", "2019-12-31": 15.024, "2019-09-30": 55.036, "2019-06-30": -37.435, "2019-03-31": "-56.47300", "2018-12-31": -3.65, "2018-09-30": -12.62, "2018-06-30": -16.792, "2018-03-31": "-44.14900", "2017-12-31": -51.392, "2017-09-30": -12.527, "2017-06-30": -36.833, "2017-03-31": "-16.29000", "2016-12-31": -90.72, "2016-09-30": -37.425, "2016-06-30": -419.014, "2016-03-31": "-83.05100", "2015-12-31": 68.617, "2015-09-30": -90.926, "2015-06-30": -81.989, "2015-03-31": "-67.50100", "2014-12-31": -69.797, "2014-09-30": 7.445, "2014-06-30": -33.502, "2014-03-31": "-38.11500", "2013-12-31": -61.99, "2013-09-30": -53.02, "2013-06-30": -21.533, "2013-03-31": "-39.81000", "2012-12-31": -53.012, "2012-09-30": -5.357, "2012-06-30": -32.006, "2012-03-31": "-23.97200", "2011-12-31": -26.735, "2011-09-30": -17.653, "2011-06-30": -5.077, "2011-03-31": "-4.37100", "2010-12-31": -12.189, "2010-09-30": 217.334, "2010-06-30": -0.477, "2010-03-31": "1.15100", "2009-12-31": 4.711, "2009-09-30": 6.641, "2009-06-30": 1.312, "2009-03-31": "-13.15200", "2008-12-31": 24.506, "2008-09-30": 0.829, "2008-06-30": 3.81, "2008-03-31": "1.68600", "2007-12-31": 2.57, "2007-09-30": -5.216, "2007-06-30": -3.864, "2007-03-31": "-9.29300", "2006-12-31": -10.391, "2006-09-30": -7.036, "2006-06-30": -1.326, "2006-03-31": "-9.78000", "2005-12-31": -14.996, "2005-09-30": -15.476, "2005-06-30": -21.34, "2005-03-31": "-22.45800"}, "Total Depreciation And Amortization - Cash Flow": {"2020-09-30": 26.771, "2020-06-30": 25.194, "2020-03-31": "26.02400", "2019-12-31": 25.687, "2019-09-30": 30.352, "2019-06-30": 25.725, "2019-03-31": "21.53600", "2018-12-31": 24.305, "2018-09-30": 27.155, "2018-06-30": 20.175, "2018-03-31": "24.39400", "2017-12-31": 29.579, "2017-09-30": 21.535, "2017-06-30": 19.752, "2017-03-31": "20.07200", "2016-12-31": 20.726, "2016-09-30": 29.567, "2016-06-30": 28.884, "2016-03-31": "19.03500", "2015-12-31": 13.447, "2015-09-30": 12.713, "2015-06-30": 11.97, "2015-03-31": "11.23400", "2014-12-31": 7.429, "2014-09-30": 16.232, "2014-06-30": 15.517, "2014-03-31": "13.90400", "2013-12-31": 0.236, "2013-09-30": 14.632, "2013-06-30": 14.241, "2013-03-31": "12.80400", "2012-12-31": 12.291, "2012-09-30": 13.004, "2012-06-30": 12.059, "2012-03-31": "11.45000", "2011-12-31": 9.561, "2011-09-30": 10.352, "2011-06-30": 9.504, "2011-03-31": "9.66500", "2010-12-31": 8.878, "2010-09-30": 8.824, "2010-06-30": 7.88, "2010-03-31": "6.60800", "2009-12-31": 5.815, "2009-09-30": 5.671, "2009-06-30": 6.472, "2009-03-31": "4.46000", "2008-12-31": 3.725, "2008-09-30": 3.367, "2008-06-30": 3.007, "2008-03-31": "1.03100", "2007-12-31": 0.268, "2007-09-30": -0.048, "2007-06-30": 0.138, "2007-03-31": "0.84300", "2006-12-31": 0.721, "2006-09-30": 2.81, "2006-06-30": 3.716, "2006-03-31": "2.53500", "2005-12-31": 2.448, "2005-09-30": 2.429, "2005-06-30": 2.405, "2005-03-31": "2.46600"}, "Other Non-Cash Items": {"2020-09-30": -707.4699, "2020-06-30": 25.365, "2020-03-31": "11.73300", "2019-12-31": 7.112, "2019-09-30": -5.674, "2019-06-30": 10.176, "2019-03-31": "58.28800", "2018-12-31": -35.195, "2018-09-30": 45.265, "2018-06-30": -2.39, "2018-03-31": "43.13000", "2017-12-31": 7.855, "2017-09-30": 36.97, "2017-06-30": 41.157, "2017-03-31": "25.32800", "2016-12-31": 29.374, "2016-09-30": 12.455, "2016-06-30": 409.526, "2016-03-31": "13.08200", "2015-12-31": -269.213, "2015-09-30": 59.968, "2015-06-30": 50.018, "2015-03-31": "15.83100", "2014-12-31": 24.072, "2014-09-30": -45.511, "2014-06-30": 23.326, "2014-03-31": "24.46200", "2013-12-31": 39.836, "2013-09-30": 17.897, "2013-06-30": 0.711, "2013-03-31": "26.76100", "2012-12-31": 25.881, "2012-09-30": -0.328, "2012-06-30": 12.312, "2012-03-31": "12.22800", "2011-12-31": 12.128, "2011-09-30": 19.874, "2011-06-30": 13.31, "2011-03-31": "13.29400", "2010-12-31": 15.205, "2010-09-30": -211.201, "2010-06-30": 9.862, "2010-03-31": "8.96400", "2009-12-31": 6.47, "2009-09-30": 10.557, "2009-06-30": 11.275, "2009-03-31": "17.62600", "2008-12-31": 13.325, "2008-09-30": 9.435, "2008-06-30": 8.401, "2008-03-31": "6.69000", "2007-12-31": -2.463, "2007-09-30": -2.008, "2007-06-30": -0.733, "2007-03-31": "-1.21400", "2006-12-31": -1.285, "2006-09-30": -1.042, "2006-06-30": -1.16, "2006-03-31": "-0.50600", "2005-12-31": -1.567, "2005-09-30": -1.82, "2005-06-30": -1.861, "2005-03-31": "-0.41500"}, "Total Non-Cash Items": {"2020-09-30": -680.6989, "2020-06-30": 50.559, "2020-03-31": "37.75700", "2019-12-31": 32.799, "2019-09-30": 24.678, "2019-06-30": 35.901, "2019-03-31": "79.82400", "2018-12-31": -10.89, "2018-09-30": 72.42, "2018-06-30": 17.785, "2018-03-31": "67.52400", "2017-12-31": 37.434, "2017-09-30": 58.505, "2017-06-30": 60.909, "2017-03-31": "45.40000", "2016-12-31": 50.1, "2016-09-30": 42.022, "2016-06-30": 438.41, "2016-03-31": "32.11700", "2015-12-31": -255.766, "2015-09-30": 72.681, "2015-06-30": 61.988, "2015-03-31": "27.06500", "2014-12-31": 31.501, "2014-09-30": -29.279, "2014-06-30": 38.843, "2014-03-31": "38.36600", "2013-12-31": 40.072, "2013-09-30": 32.529, "2013-06-30": 14.952, "2013-03-31": "39.56500", "2012-12-31": 38.172, "2012-09-30": 12.676, "2012-06-30": 24.371, "2012-03-31": "23.67800", "2011-12-31": 21.689, "2011-09-30": 30.226, "2011-06-30": 22.814, "2011-03-31": "22.95900", "2010-12-31": 24.083, "2010-09-30": -202.377, "2010-06-30": 17.742, "2010-03-31": "15.57200", "2009-12-31": 12.285, "2009-09-30": 16.228, "2009-06-30": 17.747, "2009-03-31": "22.08600", "2008-12-31": 17.05, "2008-09-30": 12.802, "2008-06-30": 11.408, "2008-03-31": "7.72100", "2007-12-31": -2.195, "2007-09-30": -2.056, "2007-06-30": -0.595, "2007-03-31": "-0.37100", "2006-12-31": -0.564, "2006-09-30": 1.768, "2006-06-30": 2.556, "2006-03-31": "2.02900", "2005-12-31": 0.881, "2005-09-30": 0.609, "2005-06-30": 0.544, "2005-03-31": "2.05100"}, "Change In Accounts Receivable": {"2020-09-30": -24.887, "2020-06-30": 23.87, "2020-03-31": "-31.89800", "2019-12-31": 23.951, "2019-09-30": -30.773, "2019-06-30": 20.66, "2019-03-31": "-51.69000", "2018-12-31": 41.61, "2018-09-30": -18.468, "2018-06-30": -51.159, "2018-03-31": "-26.25700", "2017-12-31": -3.658, "2017-09-30": -4.764, "2017-06-30": -2.783, "2017-03-31": "-14.05100", "2016-12-31": 0.54, "2016-09-30": -1.773, "2016-06-30": -34.206, "2016-03-31": "-16.04400", "2015-12-31": -16.513, "2015-09-30": 37.733, "2015-06-30": -10.798, "2015-03-31": "-26.78900", "2014-12-31": -22.469, "2014-09-30": 0.902, "2014-06-30": -11.79, "2014-03-31": "7.40600", "2013-12-31": 6.939, "2013-09-30": -9.682, "2013-06-30": 5.282, "2013-03-31": "-11.27900", "2012-12-31": 8.224, "2012-09-30": -16.54, "2012-06-30": 5.078, "2012-03-31": "-0.98900", "2011-12-31": 2.025, "2011-09-30": -0.451, "2011-06-30": -0.408, "2011-03-31": "-19.62200", "2010-12-31": -7.842, "2010-09-30": -1.052, "2010-06-30": 4.924, "2010-03-31": "-9.06600", "2009-12-31": -5.162, "2009-09-30": 4.198, "2009-06-30": -11.221, "2009-03-31": "-7.05700", "2008-12-31": -3.163, "2008-09-30": 1.021, "2008-06-30": -4.903, "2008-03-31": "-30.27700", "2007-12-31": -1.008, "2007-09-30": -0.067, "2007-06-30": -1.376, "2007-03-31": "0.14500", "2006-12-31": -1.669, "2006-09-30": -2.054, "2006-06-30": -3.453, "2006-03-31": "-1.63300", "2005-12-31": -0.532, "2005-09-30": -2.458, "2005-06-30": -1.039, "2005-03-31": "2.21600"}, "Change In Inventories": {"2020-09-30": -27.012, "2020-06-30": -25.592, "2020-03-31": "-20.70600", "2019-12-31": -54.983, "2019-09-30": -19.452, "2019-06-30": -34.854, "2019-03-31": "1.73500", "2018-12-31": -13.515, "2018-09-30": -25.725, "2018-06-30": 4.65, "2018-03-31": "10.84300", "2017-12-31": -16.005, "2017-09-30": -20.516, "2017-06-30": -37.709, "2017-03-31": "-22.66000", "2016-12-31": -4.71, "2016-09-30": -18.202, "2016-06-30": -31.315, "2016-03-31": "-10.28500", "2015-12-31": -3.52, "2015-09-30": -18.546, "2015-06-30": -9.579, "2015-03-31": "-19.34400", "2014-12-31": 18.775, "2014-09-30": -10.704, "2014-06-30": -16.54, "2014-03-31": "-13.87000", "2013-12-31": -1.113, "2013-09-30": -6.388, "2013-06-30": -6.474, "2013-03-31": "-7.12700", "2012-12-31": -7.87, "2012-09-30": -0.7, "2012-06-30": 3.939, "2012-03-31": "6.05400", "2011-12-31": -14.49, "2011-09-30": -3.329, "2011-06-30": -2.232, "2011-03-31": "-0.36900", "2010-12-31": -17.957, "2010-09-30": -7.963, "2010-06-30": -4.017, "2010-03-31": "-1.09900", "2009-12-31": -3.221, "2009-09-30": -2.605, "2009-06-30": 3.586, "2009-03-31": "-3.26000", "2008-12-31": -5.069, "2008-09-30": -6.293, "2008-06-30": -7.05, "2008-03-31": "4.47400", "2007-12-31": -0.895, "2007-09-30": -0.837, "2007-06-30": -3.276, "2007-03-31": "-2.36300", "2006-12-31": 0.687, "2006-09-30": -1.515, "2006-06-30": -6.109, "2006-03-31": "-7.24000", "2005-12-31": -3.178, "2005-09-30": -4.334, "2005-06-30": -0.947, "2005-03-31": "-0.12300"}, "Change In Accounts Payable": {"2020-09-30": 0, "2020-06-30": 0, "2020-03-31": "", "2019-12-31": 0, "2019-09-30": 0, "2019-06-30": 0, "2019-03-31": "", "2018-12-31": 0, "2018-09-30": 0, "2018-06-30": 0, "2018-03-31": "", "2017-12-31": 0, "2017-09-30": 0, "2017-06-30": 0, "2017-03-31": "", "2016-12-31": 0, "2016-09-30": 0, "2016-06-30": 0, "2016-03-31": "", "2015-12-31": 0, "2015-09-30": 0, "2015-06-30": 0, "2015-03-31": "", "2014-12-31": 0, "2014-09-30": 0, "2014-06-30": 0, "2014-03-31": "", "2013-12-31": 0, "2013-09-30": 0, "2013-06-30": 0, "2013-03-31": "", "2012-12-31": 0, "2012-09-30": 0, "2012-06-30": 0, "2012-03-31": "", "2011-12-31": 0, "2011-09-30": 0, "2011-06-30": 0, "2011-03-31": "", "2010-12-31": 0, "2010-09-30": 0, "2010-06-30": 0, "2010-03-31": "", "2009-12-31": 0, "2009-09-30": 0, "2009-06-30": 0, "2009-03-31": "", "2008-12-31": 0, "2008-09-30": 0, "2008-06-30": 0, "2008-03-31": "", "2007-12-31": 0, "2007-09-30": 0, "2007-06-30": 0, "2007-03-31": "", "2006-12-31": 0, "2006-09-30": 0, "2006-06-30": 0, "2006-03-31": "", "2005-12-31": 0, "2005-09-30": 0, "2005-06-30": 0, "2005-03-31": ""}, "Change In Assets/Liabilities": {"2020-09-30": 15.75, "2020-06-30": 7.775, "2020-03-31": "13.00500", "2019-12-31": -14.79, "2019-09-30": -18.682, "2019-06-30": -13.109, "2019-03-31": "13.80600", "2018-12-31": -14.66, "2018-09-30": 10.694, "2018-06-30": -7.239, "2018-03-31": "1.41700", "2017-12-31": 0.986, "2017-09-30": -16.96, "2017-06-30": -6.34, "2017-03-31": "4.98000", "2016-12-31": 19.933, "2016-09-30": -4.698, "2016-06-30": -2.864, "2016-03-31": "-3.44700", "2015-12-31": 51.961, "2015-09-30": -38.349, "2015-06-30": 3.784, "2015-03-31": "5.99400", "2014-12-31": 10.973, "2014-09-30": -13.925, "2014-06-30": -1.422, "2014-03-31": "-1.26000", "2013-12-31": -1.847, "2013-09-30": 8.012, "2013-06-30": 1.919, "2013-03-31": "-6.64600", "2012-12-31": 4.886, "2012-09-30": 9.742, "2012-06-30": -0.408, "2012-03-31": "-15.76800", "2011-12-31": 8.686, "2011-09-30": -4.078, "2011-06-30": -1.048, "2011-03-31": "0.10800", "2010-12-31": 0.275, "2010-09-30": 0.55, "2010-06-30": -4.115, "2010-03-31": "3.10300", "2009-12-31": 3.673, "2009-09-30": 1.169, "2009-06-30": 6.525, "2009-03-31": "25.44900", "2008-12-31": -36.331, "2008-09-30": -1.276, "2008-06-30": -8.451, "2008-03-31": "0.89800", "2007-12-31": -7.355, "2007-09-30": -3.501, "2007-06-30": -2.875, "2007-03-31": "-1.44800", "2006-12-31": -2.727, "2006-09-30": -10.112, "2006-06-30": -2.424, "2006-03-31": "-1.76300", "2005-12-31": 1.154, "2005-09-30": -1.67, "2005-06-30": 23.197, "2005-03-31": "2.39000"}, "Total Change In Assets/Liabilities": {"2020-09-30": -17.898, "2020-06-30": 6.361, "2020-03-31": "-134.33200", "2019-12-31": 9.52, "2019-09-30": -9.589, "2019-06-30": -22.804, "2019-03-31": "-78.21900", "2018-12-31": 63.914, "2018-09-30": -12.6, "2018-06-30": -34.85, "2018-03-31": "-65.88400", "2017-12-31": 28.572, "2017-09-30": -7.686, "2017-06-30": -5.296, "2017-03-31": "-109.55300", "2016-12-31": 40.41, "2016-09-30": -14.965, "2016-06-30": -65.201, "2016-03-31": "-120.52000", "2015-12-31": 121.302, "2015-09-30": 15.395, "2015-06-30": 7.01, "2015-03-31": "-97.37500", "2014-12-31": 14.389, "2014-09-30": 13.277, "2014-06-30": -16.806, "2014-03-31": "-26.74400", "2013-12-31": 12.921, "2013-09-30": 10.999, "2013-06-30": -0.236, "2013-03-31": "-31.78400", "2012-12-31": 26.826, "2012-09-30": 6.895, "2012-06-30": 6.215, "2012-03-31": "-6.87700", "2011-12-31": 4.533, "2011-09-30": -3.712, "2011-06-30": -4.171, "2011-03-31": "-22.08700", "2010-12-31": -27.676, "2010-09-30": -5.9, "2010-06-30": 4.956, "2010-03-31": "-13.47300", "2009-12-31": 2.47, "2009-09-30": 5.565, "2009-06-30": 0.753, "2009-03-31": "11.08600", "2008-12-31": -38.242, "2008-09-30": -9.878, "2008-06-30": -8.281, "2008-03-31": "-32.58600", "2007-12-31": 1.141, "2007-09-30": -2.415, "2007-06-30": -2.249, "2007-03-31": "-10.48300", "2006-12-31": -0.898, "2006-09-30": -8.333, "2006-06-30": -8.659, "2006-03-31": "-11.63200", "2005-12-31": -1.026, "2005-09-30": -7.216, "2005-06-30": 17.272, "2005-03-31": "2.00400"}, "Cash Flow From Operating Activities": {"2020-09-30": 86.206, "2020-06-30": 27.737, "2020-03-31": "-15.19400", "2019-12-31": 57.343, "2019-09-30": 70.125, "2019-06-30": -24.338, "2019-03-31": "-54.86800", "2018-12-31": 49.374, "2018-09-30": 47.2, "2018-06-30": -33.857, "2018-03-31": "-42.50900", "2017-12-31": 14.614, "2017-09-30": 38.292, "2017-06-30": 18.78, "2017-03-31": "-80.44300", "2016-12-31": -0.21, "2016-09-30": -10.368, "2016-06-30": -45.805, "2016-03-31": "-171.45400", "2015-12-31": -65.847, "2015-09-30": -2.85, "2015-06-30": -12.991, "2015-03-31": "-137.81100", "2014-12-31": -23.907, "2014-09-30": -8.557, "2014-06-30": -11.465, "2014-03-31": "-26.49300", "2013-12-31": -8.997, "2013-09-30": -9.492, "2013-06-30": -6.817, "2013-03-31": "-32.02900", "2012-12-31": 11.986, "2012-09-30": 14.214, "2012-06-30": -1.42, "2012-03-31": "-7.17100", "2011-12-31": -0.513, "2011-09-30": 8.861, "2011-06-30": 13.566, "2011-03-31": "-3.49900", "2010-12-31": -15.782, "2010-09-30": 9.057, "2010-06-30": 22.221, "2010-03-31": "3.25000", "2009-12-31": 19.466, "2009-09-30": 28.434, "2009-06-30": 19.812, "2009-03-31": "20.02000", "2008-12-31": 3.314, "2008-09-30": 3.753, "2008-06-30": 6.937, "2008-03-31": "-23.17900", "2007-12-31": 1.516, "2007-09-30": -9.687, "2007-06-30": -6.708, "2007-03-31": "-20.14700", "2006-12-31": -11.853, "2006-09-30": -13.601, "2006-06-30": -7.429, "2006-03-31": "-19.38300", "2005-12-31": -15.141, "2005-09-30": -22.083, "2005-06-30": -3.524, "2005-03-31": "-18.40300"}, "Net Change In Property, Plant, And Equipment": {"2020-09-30": -83.729, "2020-06-30": 40.997, "2020-03-31": "-40.55400", "2019-12-31": -50.785, "2019-09-30": -32.854, "2019-06-30": -32.631, "2019-03-31": "-28.75600", "2018-12-31": -42.079, "2018-09-30": -49.859, "2018-06-30": -22.518, "2018-03-31": "-30.16400", "2017-12-31": -39.89, "2017-09-30": -42.482, "2017-06-30": -47.757, "2017-03-31": "-69.09000", "2016-12-31": -43.191, "2016-09-30": -34.479, "2016-06-30": -25.506, "2016-03-31": "-45.20400", "2015-12-31": -91.309, "2015-09-30": -57.056, "2015-06-30": -35.456, "2015-03-31": "-43.83200", "2014-12-31": -27.767, "2014-09-30": -25.17, "2014-06-30": -40.518, "2014-03-31": "-23.60700", "2013-12-31": -146.253, "2013-09-30": -13.202, "2013-06-30": -10.412, "2013-03-31": "-11.82600", "2012-12-31": -13.895, "2012-09-30": -15.013, "2012-06-30": -9.484, "2012-03-31": "-6.17900", "2011-12-31": -8.68, "2011-09-30": -56.388, "2011-06-30": -1.91, "2011-03-31": "-6.24100", "2010-12-31": -10.741, "2010-09-30": -9.372, "2010-06-30": -15.24, "2010-03-31": "-14.10800", "2009-12-31": -22.621, "2009-09-30": -26.559, "2009-06-30": -21.884, "2009-03-31": "-18.73700", "2008-12-31": -11.923, "2008-09-30": -12.113, "2008-06-30": -12.443, "2008-03-31": "-19.88900", "2007-12-31": -9.937, "2007-09-30": -5.648, "2007-06-30": -3.593, "2007-03-31": "-3.23500", "2006-12-31": -3.936, "2006-09-30": -1.69, "2006-06-30": -18.096, "2006-03-31": "-0.86100", "2005-12-31": -4.939, "2005-09-30": -0.512, "2005-06-30": -0.453, "2005-03-31": "-0.58200"}, "Net Change In Intangible Assets": {"2020-09-30": 63.576, "2020-06-30": -74.482, "2020-03-31": "63.69600", "2019-12-31": -0.057, "2019-09-30": 12.447, "2019-06-30": -4.064, "2019-03-31": "-1.70600", "2018-12-31": 30, "2018-09-30": 0, "2018-06-30": 20, "2018-03-31": "", "2017-12-31": 125, "2017-09-30": 0, "2017-06-30": 0, "2017-03-31": "", "2016-12-31": 0, "2016-09-30": 0, "2016-06-30": 0, "2016-03-31": "", "2015-12-31": 38.244, "2015-09-30": 0, "2015-06-30": 0, "2015-03-31": "", "2014-12-31": 0, "2014-09-30": 67.5, "2014-06-30": 0, "2014-03-31": "", "2013-12-31": 0, "2013-09-30": 0, "2013-06-30": 0, "2013-03-31": "", "2012-12-31": 0, "2012-09-30": 0, "2012-06-30": 0, "2012-03-31": "", "2011-12-31": -81, "2011-09-30": 0, "2011-06-30": 0, "2011-03-31": "", "2010-12-31": 0, "2010-09-30": 0, "2010-06-30": 0, "2010-03-31": "", "2009-12-31": 0, "2009-09-30": 0, "2009-06-30": 0, "2009-03-31": "", "2008-12-31": 0, "2008-09-30": 0, "2008-06-30": 0, "2008-03-31": "", "2007-12-31": 0, "2007-09-30": 0, "2007-06-30": 0, "2007-03-31": "", "2006-12-31": 0, "2006-09-30": 0, "2006-06-30": 0, "2006-03-31": "", "2005-12-31": 0, "2005-09-30": 0, "2005-06-30": 0, "2005-03-31": ""}, "Net Acquisitions/Divestitures": {"2020-09-30": 0, "2020-06-30": 0, "2020-03-31": "", "2019-12-31": 0, "2019-09-30": 0, "2019-06-30": 0, "2019-03-31": "", "2018-12-31": 0, "2018-09-30": 0, "2018-06-30": 0, "2018-03-31": "", "2017-12-31": 0, "2017-09-30": 0, "2017-06-30": 0, "2017-03-31": "", "2016-12-31": -1.322, "2016-09-30": 0, "2016-06-30": -1.467, "2016-03-31": "", "2015-12-31": 0, "2015-09-30": 0, "2015-06-30": 0, "2015-03-31": "-538.39200", "2014-12-31": 0, "2014-09-30": 0, "2014-06-30": 0, "2014-03-31": "", "2013-12-31": 0, "2013-09-30": 0, "2013-06-30": 0, "2013-03-31": "-9.87500", "2012-12-31": 0, "2012-09-30": 0, "2012-06-30": 0, "2012-03-31": "", "2011-12-31": 0, "2011-09-30": 0, "2011-06-30": 0, "2011-03-31": "", "2010-12-31": 0, "2010-09-30": -18.826, "2010-06-30": 0, "2010-03-31": "-14.12400", "2009-12-31": -11.267, "2009-09-30": 0, "2009-06-30": 0, "2009-03-31": "-6.25000", "2008-12-31": 0, "2008-09-30": 0, "2008-06-30": 0, "2008-03-31": "", "2007-12-31": 0, "2007-09-30": 0, "2007-06-30": 0, "2007-03-31": "", "2006-12-31": 0, "2006-09-30": 0, "2006-06-30": 0, "2006-03-31": "", "2005-12-31": 0, "2005-09-30": 0, "2005-06-30": 0, "2005-03-31": ""}, "Net Change In Short-term Investments": {"2020-09-30": 126.855, "2020-06-30": -206.17, "2020-03-31": "54.59700", "2019-12-31": 1.007, "2019-09-30": 70.024, "2019-06-30": 57.106, "2019-03-31": "-19.94900", "2018-12-31": -58.884, "2018-09-30": 451.354, "2018-06-30": 7.982, "2018-03-31": "-41.47100", "2017-12-31": 54.629, "2017-09-30": -387.747, "2017-06-30": 8.103, "2017-03-31": "95.52800", "2016-12-31": -264.588, "2016-09-30": -292.458, "2016-06-30": 102.513, "2016-03-31": "122.35300", "2015-12-31": 132.616, "2015-09-30": -6.024, "2015-06-30": -410.769, "2015-03-31": "-164.29400", "2014-12-31": 542.739, "2014-09-30": -228.208, "2014-06-30": 1.661, "2014-03-31": "-14.91500", "2013-12-31": -159.832, "2013-09-30": 16.515, "2013-06-30": 23.157, "2013-03-31": "13.76100", "2012-12-31": -32.973, "2012-09-30": -5.934, "2012-06-30": -142.899, "2012-03-31": "37.47500", "2011-12-31": 54.766, "2011-09-30": -1.278, "2011-06-30": 3.271, "2011-03-31": "9.80300", "2010-12-31": -2.151, "2010-09-30": 25.643, "2010-06-30": 2.111, "2010-03-31": "-40.90100", "2009-12-31": -10.893, "2009-09-30": -14.928, "2009-06-30": 58.285, "2009-03-31": "-2.70100", "2008-12-31": -40.807, "2008-09-30": 31.116, "2008-06-30": -67.793, "2008-03-31": "105.53100", "2007-12-31": -58.932, "2007-09-30": 91.512, "2007-06-30": -204.522, "2007-03-31": "26.89200", "2006-12-31": -95.736, "2006-09-30": -81.907, "2006-06-30": -13.875, "2006-03-31": "3.70000", "2005-12-31": 0, "2005-09-30": 0, "2005-06-30": 9.097, "2005-03-31": "17.28300"}, "Net Change In Long-Term Investments": {"2020-09-30": 0, "2020-06-30": 0, "2020-03-31": "", "2019-12-31": 0, "2019-09-30": 0, "2019-06-30": 0, "2019-03-31": "", "2018-12-31": 0, "2018-09-30": 0, "2018-06-30": 0, "2018-03-31": "", "2017-12-31": 0, "2017-09-30": 0, "2017-06-30": 0, "2017-03-31": "", "2016-12-31": 0, "2016-09-30": 0, "2016-06-30": 0, "2016-03-31": "", "2015-12-31": 0, "2015-09-30": 0, "2015-06-30": 0, "2015-03-31": "", "2014-12-31": 0, "2014-09-30": 0, "2014-06-30": 0, "2014-03-31": "", "2013-12-31": 0.485, "2013-09-30": 0, "2013-06-30": -0.485, "2013-03-31": "", "2012-12-31": -0.485, "2012-09-30": 0, "2012-06-30": 0, "2012-03-31": "-1.25800", "2011-12-31": 0, "2011-09-30": -0.655, "2011-06-30": -0.655, "2011-03-31": "-0.59300", "2010-12-31": -0.718, "2010-09-30": -1.45, "2010-06-30": 0, "2010-03-31": "-1.46500", "2009-12-31": -0.74, "2009-09-30": -0.74, "2009-06-30": -0.64, "2009-03-31": "", "2008-12-31": -1.15, "2008-09-30": -6.285, "2008-06-30": 0, "2008-03-31": "16.67900", "2007-12-31": 0, "2007-09-30": 6.2, "2007-06-30": 4.9, "2007-03-31": "6.00000", "2006-12-31": 7.8, "2006-09-30": 0, "2006-06-30": 4, "2006-03-31": "8.00000", "2005-12-31": 1.5, "2005-09-30": 1.5, "2005-06-30": 0, "2005-03-31": ""}, "Net Change In Investments - Total": {"2020-09-30": 126.855, "2020-06-30": -206.17, "2020-03-31": "54.59700", "2019-12-31": 1.007, "2019-09-30": 70.024, "2019-06-30": 57.106, "2019-03-31": "-19.94900", "2018-12-31": -58.884, "2018-09-30": 451.354, "2018-06-30": 7.982, "2018-03-31": "-41.47100", "2017-12-31": 54.629, "2017-09-30": -387.747, "2017-06-30": 8.103, "2017-03-31": "95.52800", "2016-12-31": -264.588, "2016-09-30": -292.458, "2016-06-30": 102.513, "2016-03-31": "122.35300", "2015-12-31": 132.616, "2015-09-30": -6.024, "2015-06-30": -410.769, "2015-03-31": "-164.29400", "2014-12-31": 542.739, "2014-09-30": -228.208, "2014-06-30": 1.661, "2014-03-31": "-14.91500", "2013-12-31": -159.347, "2013-09-30": 16.515, "2013-06-30": 22.672, "2013-03-31": "13.76100", "2012-12-31": -33.458, "2012-09-30": -5.934, "2012-06-30": -142.899, "2012-03-31": "36.21700", "2011-12-31": 54.766, "2011-09-30": -1.933, "2011-06-30": 2.616, "2011-03-31": "9.21000", "2010-12-31": -2.869, "2010-09-30": 24.193, "2010-06-30": 2.111, "2010-03-31": "-42.36600", "2009-12-31": -11.633, "2009-09-30": -15.668, "2009-06-30": 57.645, "2009-03-31": "-2.70100", "2008-12-31": -41.957, "2008-09-30": 24.831, "2008-06-30": -67.793, "2008-03-31": "122.21000", "2007-12-31": -58.932, "2007-09-30": 97.712, "2007-06-30": -199.622, "2007-03-31": "32.89200", "2006-12-31": -87.936, "2006-09-30": -81.907, "2006-06-30": -9.875, "2006-03-31": "11.70000", "2005-12-31": 1.5, "2005-09-30": 1.5, "2005-06-30": 9.097, "2005-03-31": "17.28300"}, "Investing Activities - Other": {"2020-09-30": -0.003, "2020-06-30": -9.096, "2020-03-31": "-0.33500", "2019-12-31": 0.939, "2019-09-30": -0.939, "2019-06-30": -0.74, "2019-03-31": "-0.06800", "2018-12-31": 0, "2018-09-30": 0.831, "2018-06-30": -0.742, "2018-03-31": "-0.09900", "2017-12-31": -0.193, "2017-09-30": 0, "2017-06-30": -0.169, "2017-03-31": "-1.39100", "2016-12-31": -0.548, "2016-09-30": 0, "2016-06-30": 0, "2016-03-31": "-0.15000", "2015-12-31": 0, "2015-09-30": 0, "2015-06-30": 1.027, "2015-03-31": "-4.35300", "2014-12-31": -52.288, "2014-09-30": -1.6, "2014-06-30": -1.5, "2014-03-31": "", "2013-12-31": -0.885, "2013-09-30": 0, "2013-06-30": 0, "2013-03-31": "", "2012-12-31": -5, "2012-09-30": 0, "2012-06-30": 0, "2012-03-31": "", "2011-12-31": 0, "2011-09-30": 0, "2011-06-30": 0, "2011-03-31": "", "2010-12-31": 0, "2010-09-30": 0, "2010-06-30": 0, "2010-03-31": "", "2009-12-31": 0, "2009-09-30": 0, "2009-06-30": 0, "2009-03-31": "", "2008-12-31": 0, "2008-09-30": 0, "2008-06-30": 0, "2008-03-31": "", "2007-12-31": 0.565, "2007-09-30": -0.47, "2007-06-30": -0.063, "2007-03-31": "-0.03200", "2006-12-31": 0, "2006-09-30": 0, "2006-06-30": 0, "2006-03-31": "", "2005-12-31": 0, "2005-09-30": 2.001, "2005-06-30": 14.811, "2005-03-31": "14.36800"}, "Cash Flow From Investing Activities": {"2020-09-30": 106.699, "2020-06-30": -248.751, "2020-03-31": "77.40400", "2019-12-31": -48.896, "2019-09-30": 48.678, "2019-06-30": 19.671, "2019-03-31": "-50.47900", "2018-12-31": -70.963, "2018-09-30": 402.326, "2018-06-30": 4.722, "2018-03-31": "-71.73400", "2017-12-31": 139.546, "2017-09-30": -430.229, "2017-06-30": -39.823, "2017-03-31": "25.04700", "2016-12-31": -309.649, "2016-09-30": -326.937, "2016-06-30": 75.54, "2016-03-31": "76.99900", "2015-12-31": 79.551, "2015-09-30": -63.08, "2015-06-30": -445.198, "2015-03-31": "-750.87100", "2014-12-31": 462.684, "2014-09-30": -187.478, "2014-06-30": -40.357, "2014-03-31": "-38.52200", "2013-12-31": -306.485, "2013-09-30": 3.313, "2013-06-30": 12.26, "2013-03-31": "-7.94000", "2012-12-31": -52.353, "2012-09-30": -20.947, "2012-06-30": -152.383, "2012-03-31": "30.03800", "2011-12-31": -34.914, "2011-09-30": -58.321, "2011-06-30": 0.706, "2011-03-31": "2.96900", "2010-12-31": -13.61, "2010-09-30": -4.005, "2010-06-30": -13.129, "2010-03-31": "-70.59800", "2009-12-31": -45.521, "2009-09-30": -42.227, "2009-06-30": 35.761, "2009-03-31": "-27.68800", "2008-12-31": -53.88, "2008-09-30": 12.718, "2008-06-30": -80.236, "2008-03-31": "102.32100", "2007-12-31": -68.304, "2007-09-30": 91.594, "2007-06-30": -203.278, "2007-03-31": "29.62500", "2006-12-31": -91.872, "2006-09-30": -83.597, "2006-06-30": -27.971, "2006-03-31": "10.83900", "2005-12-31": -3.439, "2005-09-30": 2.989, "2005-06-30": 23.455, "2005-03-31": "31.06900"}, "Net Long-Term Debt": {"2020-09-30": -4.063, "2020-06-30": 584.678, "2020-03-31": "-0.94300", "2019-12-31": -3.062, "2019-09-30": -0.678, "2019-06-30": -0.673, "2019-03-31": "-0.67400", "2018-12-31": -374.953, "2018-09-30": 0, "2018-06-30": 0, "2018-03-31": "", "2017-12-31": -0.026, "2017-09-30": 481.713, "2017-06-30": 0, "2017-03-31": "", "2016-12-31": 0, "2016-09-30": 0, "2016-06-30": 0, "2016-03-31": "", "2015-12-31": 0, "2015-09-30": 0, "2015-06-30": 0, "2015-03-31": "", "2014-12-31": 0, "2014-09-30": 0, "2014-06-30": 0, "2014-03-31": "", "2013-12-31": 726.202, "2013-09-30": 0, "2013-06-30": 0.143, "2013-03-31": "-0.14300", "2012-12-31": 0.535, "2012-09-30": -0.142, "2012-06-30": -0.393, "2012-03-31": "", "2011-12-31": -0.355, "2011-09-30": -0.053, "2011-06-30": -0.156, "2011-03-31": "-0.31500", "2010-12-31": -0.077, "2010-09-30": -0.033, "2010-06-30": -0.042, "2010-03-31": "-0.04300", "2009-12-31": -0.049, "2009-09-30": -0.045, "2009-06-30": -0.043, "2009-03-31": "-0.04800", "2008-12-31": -0.094, "2008-09-30": 0, "2008-06-30": 0, "2008-03-31": "", "2007-12-31": 0.01, "2007-09-30": 0, "2007-06-30": 316.34, "2007-03-31": "", "2006-12-31": 0, "2006-09-30": 0.045, "2006-06-30": -0.08, "2006-03-31": "167.01400", "2005-12-31": 0, "2005-09-30": 0, "2005-06-30": 0, "2005-03-31": ""}, "Net Current Debt": {"2020-09-30": 0, "2020-06-30": 0, "2020-03-31": "", "2019-12-31": 0, "2019-09-30": 0, "2019-06-30": 0, "2019-03-31": "", "2018-12-31": 0, "2018-09-30": 0, "2018-06-30": 0, "2018-03-31": "", "2017-12-31": 0, "2017-09-30": 0, "2017-06-30": 0, "2017-03-31": "", "2016-12-31": 0, "2016-09-30": 0, "2016-06-30": 0, "2016-03-31": "", "2015-12-31": 0, "2015-09-30": 0, "2015-06-30": 0, "2015-03-31": "", "2014-12-31": 0, "2014-09-30": 0, "2014-06-30": 0, "2014-03-31": "", "2013-12-31": 0, "2013-09-30": 0, "2013-06-30": 0.098, "2013-03-31": "-0.09800", "2012-12-31": 0, "2012-09-30": 0, "2012-06-30": 0, "2012-03-31": "", "2011-12-31": 0, "2011-09-30": 0, "2011-06-30": 0, "2011-03-31": "", "2010-12-31": 0, "2010-09-30": 0, "2010-06-30": 0, "2010-03-31": "", "2009-12-31": 0, "2009-09-30": 0, "2009-06-30": 0, "2009-03-31": "", "2008-12-31": 0, "2008-09-30": 0, "2008-06-30": 0, "2008-03-31": "", "2007-12-31": 0, "2007-09-30": 0, "2007-06-30": 0, "2007-03-31": "", "2006-12-31": 0, "2006-09-30": 0, "2006-06-30": -19.944, "2006-03-31": "-0.96500", "2005-12-31": -0.989, "2005-09-30": -1.083, "2005-06-30": -0.732, "2005-03-31": "3.62400"}, "Debt Issuance/Retirement Net - Total": {"2020-09-30": -4.063, "2020-06-30": 584.678, "2020-03-31": "-0.94300", "2019-12-31": -3.062, "2019-09-30": -0.678, "2019-06-30": -0.673, "2019-03-31": "-0.67400", "2018-12-31": -374.953, "2018-09-30": 0, "2018-06-30": 0, "2018-03-31": "", "2017-12-31": -0.026, "2017-09-30": 481.713, "2017-06-30": 0, "2017-03-31": "", "2016-12-31": 0, "2016-09-30": 0, "2016-06-30": 0, "2016-03-31": "", "2015-12-31": 0, "2015-09-30": 0, "2015-06-30": 0, "2015-03-31": "", "2014-12-31": 0, "2014-09-30": 0, "2014-06-30": 0, "2014-03-31": "", "2013-12-31": 726.202, "2013-09-30": 0, "2013-06-30": 0.241, "2013-03-31": "-0.24100", "2012-12-31": 0.535, "2012-09-30": -0.142, "2012-06-30": -0.393, "2012-03-31": "", "2011-12-31": -0.355, "2011-09-30": -0.053, "2011-06-30": -0.156, "2011-03-31": "-0.31500", "2010-12-31": -0.077, "2010-09-30": -0.033, "2010-06-30": -0.042, "2010-03-31": "-0.04300", "2009-12-31": -0.049, "2009-09-30": -0.045, "2009-06-30": -0.043, "2009-03-31": "-0.04800", "2008-12-31": -0.094, "2008-09-30": 0, "2008-06-30": 0, "2008-03-31": "", "2007-12-31": 0.01, "2007-09-30": 0, "2007-06-30": 316.34, "2007-03-31": "", "2006-12-31": 0, "2006-09-30": 0.045, "2006-06-30": -20.024, "2006-03-31": "166.04900", "2005-12-31": -0.989, "2005-09-30": -1.083, "2005-06-30": -0.732, "2005-03-31": "3.62400"}, "Net Common Equity Issued/Repurchased": {"2020-09-30": 13.341, "2020-06-30": -13.189, "2020-03-31": "10.11600", "2019-12-31": 9.843, "2019-09-30": 2.755, "2019-06-30": 13.215, "2019-03-31": "5.79800", "2018-12-31": 11.845, "2018-09-30": 10.717, "2018-06-30": 31.792, "2018-03-31": "13.13400", "2017-12-31": 14.74, "2017-09-30": 5.46, "2017-06-30": 27.573, "2017-03-31": "13.08600", "2016-12-31": 24.729, "2016-09-30": 739.422, "2016-06-30": 19.493, "2016-03-31": "3.52100", "2015-12-31": 11.53, "2015-09-30": 6.088, "2015-06-30": 17.401, "2015-03-31": "916.28300", "2014-12-31": 42.269, "2014-09-30": 9.533, "2014-06-30": 8.39, "2014-03-31": "137.17600", "2013-12-31": -17.463, "2013-09-30": 14.447, "2013-06-30": 21.202, "2013-03-31": "24.58000", "2012-12-31": 45.394, "2012-09-30": 10.436, "2012-06-30": 249.051, "2012-03-31": "13.67900", "2011-12-31": 10.156, "2011-09-30": 11.858, "2011-06-30": 8.445, "2011-03-31": "3.13300", "2010-12-31": 13.215, "2010-09-30": 6.722, "2010-06-30": 3.983, "2010-03-31": "9.18300", "2009-12-31": 2.515, "2009-09-30": 5.566, "2009-06-30": 1.914, "2009-03-31": "0.89100", "2008-12-31": 3.048, "2008-09-30": 3.872, "2008-06-30": 7.268, "2008-03-31": "14.25500", "2007-12-31": 5.046, "2007-09-30": 6.658, "2007-06-30": 2.076, "2007-03-31": "1.44000", "2006-12-31": 2.847, "2006-09-30": 4.695, "2006-06-30": 1.834, "2006-03-31": "131.14200", "2005-12-31": 2.583, "2005-09-30": 60.412, "2005-06-30": 1.042, "2005-03-31": "0.07300"}, "Net Total Equity Issued/Repurchased": {"2020-09-30": 13.341, "2020-06-30": -13.189, "2020-03-31": "10.11600", "2019-12-31": 9.843, "2019-09-30": 2.755, "2019-06-30": 13.215, "2019-03-31": "5.79800", "2018-12-31": 11.845, "2018-09-30": 10.717, "2018-06-30": 31.792, "2018-03-31": "13.13400", "2017-12-31": 14.74, "2017-09-30": 5.46, "2017-06-30": 27.573, "2017-03-31": "13.08600", "2016-12-31": 24.729, "2016-09-30": 739.422, "2016-06-30": 19.493, "2016-03-31": "3.52100", "2015-12-31": 11.53, "2015-09-30": 6.088, "2015-06-30": 17.401, "2015-03-31": "916.28300", "2014-12-31": 42.269, "2014-09-30": 9.533, "2014-06-30": 8.39, "2014-03-31": "137.17600", "2013-12-31": -17.463, "2013-09-30": 14.447, "2013-06-30": 21.202, "2013-03-31": "24.58000", "2012-12-31": 45.394, "2012-09-30": 10.436, "2012-06-30": 249.051, "2012-03-31": "13.67900", "2011-12-31": 10.156, "2011-09-30": 11.858, "2011-06-30": 8.445, "2011-03-31": "3.13300", "2010-12-31": 13.215, "2010-09-30": 6.722, "2010-06-30": 3.983, "2010-03-31": "9.18300", "2009-12-31": 2.515, "2009-09-30": 5.566, "2009-06-30": 1.914, "2009-03-31": "0.89100", "2008-12-31": 3.048, "2008-09-30": 3.872, "2008-06-30": 7.268, "2008-03-31": "14.25500", "2007-12-31": 5.046, "2007-09-30": 6.658, "2007-06-30": 2.076, "2007-03-31": "1.44000", "2006-12-31": 2.847, "2006-09-30": 4.695, "2006-06-30": 1.834, "2006-03-31": "131.14200", "2005-12-31": 2.583, "2005-09-30": 60.412, "2005-06-30": 1.042, "2005-03-31": "0.07300"}, "Total Common And Preferred Stock Dividends Paid": {"2020-09-30": 0, "2020-06-30": 0, "2020-03-31": "", "2019-12-31": 0, "2019-09-30": 0, "2019-06-30": 0, "2019-03-31": "", "2018-12-31": 0, "2018-09-30": 0, "2018-06-30": 0, "2018-03-31": "", "2017-12-31": 0, "2017-09-30": 0, "2017-06-30": 0, "2017-03-31": "", "2016-12-31": 0, "2016-09-30": 0, "2016-06-30": 0, "2016-03-31": "", "2015-12-31": 0, "2015-09-30": 0, "2015-06-30": 0, "2015-03-31": "", "2014-12-31": 0, "2014-09-30": 0, "2014-06-30": 0, "2014-03-31": "", "2013-12-31": 0, "2013-09-30": 0, "2013-06-30": 0, "2013-03-31": "", "2012-12-31": 0, "2012-09-30": 0, "2012-06-30": 0, "2012-03-31": "", "2011-12-31": 0, "2011-09-30": 0, "2011-06-30": 0, "2011-03-31": "", "2010-12-31": 0, "2010-09-30": 0, "2010-06-30": 0, "2010-03-31": "", "2009-12-31": 0, "2009-09-30": 0, "2009-06-30": 0, "2009-03-31": "", "2008-12-31": 0, "2008-09-30": 0, "2008-06-30": 0, "2008-03-31": "", "2007-12-31": 0, "2007-09-30": 0, "2007-06-30": 0, "2007-03-31": "", "2006-12-31": 0, "2006-09-30": 0, "2006-06-30": 0, "2006-03-31": "", "2005-12-31": 0, "2005-09-30": 0, "2005-06-30": 0, "2005-03-31": ""}, "Financial Activities - Other": {"2020-09-30": -6.022, "2020-06-30": -7.801, "2020-03-31": "-28.84400", "2019-12-31": -2.739, "2019-09-30": -4.052, "2019-06-30": -64.302, "2019-03-31": "-30.10500", "2018-12-31": -3.254, "2018-09-30": -5.566, "2018-06-30": -48.823, "2018-03-31": "-22.89900", "2017-12-31": -1.618, "2017-09-30": -5.237, "2017-06-30": -8.717, "2017-03-31": "-19.82900", "2016-12-31": -4.816, "2016-09-30": -2.417, "2016-06-30": -12.039, "2016-03-31": "-40.78500", "2015-12-31": -2.012, "2015-09-30": -2.323, "2015-06-30": -19.752, "2015-03-31": "-1.49200", "2014-12-31": -0.747, "2014-09-30": -0.662, "2014-06-30": -11.549, "2014-03-31": "-0.21200", "2013-12-31": -3.811, "2013-09-30": -2.148, "2013-06-30": -5.821, "2013-03-31": "-10.51700", "2012-12-31": -6.365, "2012-09-30": 0.012, "2012-06-30": 0.316, "2012-03-31": "-0.23200", "2011-12-31": 0.644, "2011-09-30": -4.047, "2011-06-30": -0.387, "2011-03-31": "0.41500", "2010-12-31": -23.206, "2010-09-30": 0.019, "2010-06-30": -6.217, "2010-03-31": "", "2009-12-31": -1.018, "2009-09-30": 0, "2009-06-30": -71.973, "2009-03-31": "-1.49600", "2008-12-31": -0.705, "2008-09-30": -1.335, "2008-06-30": -1.75, "2008-03-31": "-1.75000", "2007-12-31": -1.75, "2007-09-30": -1.75, "2007-06-30": -1.75, "2007-03-31": "-1.75000", "2006-12-31": -1.75, "2006-09-30": -1.75, "2006-06-30": -2.1, "2006-03-31": "14.94900", "2005-12-31": -1.135, "2005-09-30": -1.135, "2005-06-30": -14.376, "2005-03-31": "-18.19700"}, "Cash Flow From Financial Activities": {"2020-09-30": 3.256, "2020-06-30": 563.688, "2020-03-31": "-19.67100", "2019-12-31": 4.042, "2019-09-30": -1.975, "2019-06-30": -51.76, "2019-03-31": "-24.98100", "2018-12-31": -366.362, "2018-09-30": 5.151, "2018-06-30": -17.031, "2018-03-31": "-9.76500", "2017-12-31": 13.096, "2017-09-30": 481.936, "2017-06-30": 18.856, "2017-03-31": "-6.74300", "2016-12-31": 19.913, "2016-09-30": 737.005, "2016-06-30": 7.454, "2016-03-31": "-37.26400", "2015-12-31": 9.518, "2015-09-30": 3.765, "2015-06-30": -2.351, "2015-03-31": "914.79100", "2014-12-31": 41.522, "2014-09-30": 8.871, "2014-06-30": -3.159, "2014-03-31": "136.96400", "2013-12-31": 704.928, "2013-09-30": 12.299, "2013-06-30": 15.622, "2013-03-31": "13.82200", "2012-12-31": 39.564, "2012-09-30": 10.306, "2012-06-30": 248.974, "2012-03-31": "13.44700", "2011-12-31": 10.445, "2011-09-30": 7.758, "2011-06-30": 7.902, "2011-03-31": "3.23300", "2010-12-31": -10.068, "2010-09-30": 6.708, "2010-06-30": -2.276, "2010-03-31": "9.14000", "2009-12-31": 1.448, "2009-09-30": 5.521, "2009-06-30": -70.102, "2009-03-31": "-0.65300", "2008-12-31": 2.249, "2008-09-30": 2.537, "2008-06-30": 5.518, "2008-03-31": "12.50500", "2007-12-31": 3.306, "2007-09-30": 4.908, "2007-06-30": 316.666, "2007-03-31": "-0.31000", "2006-12-31": 1.097, "2006-09-30": 2.99, "2006-06-30": -20.29, "2006-03-31": "312.14000", "2005-12-31": 0.459, "2005-09-30": 58.194, "2005-06-30": -14.066, "2005-03-31": "-14.50000"}, "Net Cash Flow": {"2020-09-30": 196.775, "2020-06-30": 342.268, "2020-03-31": "39.18600", "2019-12-31": 14.226, "2019-09-30": 115.643, "2019-06-30": -56.792, "2019-03-31": "-129.61300", "2018-12-31": -388.202, "2018-09-30": 454.773, "2018-06-30": -46.569, "2018-03-31": "-124.04800", "2017-12-31": 166.629, "2017-09-30": 76.535, "2017-06-30": 6.63, "2017-03-31": "-60.09600", "2016-12-31": -299.019, "2016-09-30": 401.38, "2016-06-30": 35.516, "2016-03-31": "-126.58700", "2015-12-31": 20.694, "2015-09-30": -64.318, "2015-06-30": -459.906, "2015-03-31": "25.08400", "2014-12-31": 477.481, "2014-09-30": -186.712, "2014-06-30": -55.061, "2014-03-31": "70.99700", "2013-12-31": 387.216, "2013-09-30": 6.12, "2013-06-30": 21.065, "2013-03-31": "-26.14700", "2012-12-31": -0.803, "2012-09-30": 3.573, "2012-06-30": 95.171, "2012-03-31": "36.31400", "2011-12-31": -24.982, "2011-09-30": -41.702, "2011-06-30": 22.174, "2011-03-31": "2.70300", "2010-12-31": -39.46, "2010-09-30": 11.76, "2010-06-30": 6.816, "2010-03-31": "-58.20800", "2009-12-31": -24.607, "2009-09-30": -8.272, "2009-06-30": -14.529, "2009-03-31": "-8.32100", "2008-12-31": -48.317, "2008-09-30": 19.008, "2008-06-30": -67.781, "2008-03-31": "91.64700", "2007-12-31": -63.482, "2007-09-30": 86.815, "2007-06-30": 106.679, "2007-03-31": "9.16900", "2006-12-31": -102.62, "2006-09-30": -94.208, "2006-06-30": -55.699, "2006-03-31": "303.59700", "2005-12-31": -18.121, "2005-09-30": 39.102, "2005-06-30": 5.865, "2005-03-31": "-1.83500"}, "Stock-Based Compensation": {"2020-09-30": 50.169, "2020-06-30": 44.962, "2020-03-31": "46.99400", "2019-12-31": 38.102, "2019-09-30": 39.173, "2019-06-30": 39.829, "2019-03-31": "42.76100", "2018-12-31": 36.558, "2018-09-30": 37.047, "2018-06-30": 38.606, "2018-03-31": "36.60800", "2017-12-31": 33.585, "2017-09-30": 35.903, "2017-06-30": 40.101, "2017-03-31": "30.67400", "2016-12-31": 37.421, "2016-09-30": 33.145, "2016-06-30": 33.898, "2016-03-31": "30.17700", "2015-12-31": 30.566, "2015-09-30": 28.758, "2015-06-30": 29.509, "2015-03-31": "22.69200", "2014-12-31": 31.159, "2014-09-30": 20.463, "2014-06-30": 17.521, "2014-03-31": "17.26700", "2013-12-31": 21.738, "2013-09-30": 16.79, "2013-06-30": 14.34, "2013-03-31": "11.50800", "2012-12-31": 11.926, "2012-09-30": 11.99, "2012-06-30": 12.269, "2012-03-31": "11.15500", "2011-12-31": 11.188, "2011-09-30": 11.784, "2011-06-30": 10.786, "2011-03-31": "10.15100", "2010-12-31": 9.835, "2010-09-30": 10.294, "2010-06-30": 9.627, "2010-03-31": "8.60600", "2009-12-31": 9.356, "2009-09-30": 9.155, "2009-06-30": 8.96, "2009-03-31": "8.53400", "2008-12-31": 8.227, "2008-09-30": 8.243, "2008-06-30": 6.655, "2008-03-31": "5.21000", "2007-12-31": 5.544, "2007-09-30": 5.365, "2007-06-30": 4.691, "2007-03-31": "3.81500", "2006-12-31": 3.23, "2006-09-30": 2.854, "2006-06-30": 2.408, "2006-03-31": "2.10400", "2005-12-31": 0.327, "2005-09-30": 0, "2005-06-30": 0, "2005-03-31": ""}, "Common Stock Dividends Paid": {"2020-09-30": 0, "2020-06-30": 0, "2020-03-31": "", "2019-12-31": 0, "2019-09-30": 0, "2019-06-30": 0, "2019-03-31": "", "2018-12-31": 0, "2018-09-30": 0, "2018-06-30": 0, "2018-03-31": "", "2017-12-31": 0, "2017-09-30": 0, "2017-06-30": 0, "2017-03-31": "", "2016-12-31": 0, "2016-09-30": 0, "2016-06-30": 0, "2016-03-31": "", "2015-12-31": 0, "2015-09-30": 0, "2015-06-30": 0, "2015-03-31": "", "2014-12-31": 0, "2014-09-30": 0, "2014-06-30": 0, "2014-03-31": "", "2013-12-31": 0, "2013-09-30": 0, "2013-06-30": 0, "2013-03-31": "", "2012-12-31": 0, "2012-09-30": 0, "2012-06-30": 0, "2012-03-31": "", "2011-12-31": 0, "2011-09-30": 0, "2011-06-30": 0, "2011-03-31": "", "2010-12-31": 0, "2010-09-30": 0, "2010-06-30": 0, "2010-03-31": "", "2009-12-31": 0, "2009-09-30": 0, "2009-06-30": 0, "2009-03-31": "", "2008-12-31": 0, "2008-09-30": 0, "2008-06-30": 0, "2008-03-31": "", "2007-12-31": 0, "2007-09-30": 0, "2007-06-30": 0, "2007-03-31": "", "2006-12-31": 0, "2006-09-30": 0, "2006-06-30": 0, "2006-03-31": "", "2005-12-31": 0, "2005-09-30": 0, "2005-06-30": 0, "2005-03-31": ""}}, "financial ratios": {"Current Ratio": {"2019-12-31": "2.08270", "2018-12-31": "3.92980", "2017-12-31": "2.70310", "2016-12-31": "3.23640", "2015-12-31": "2.44610", "2014-12-31": "5.92880", "2013-12-31": "6.20620", "2012-12-31": "4.36200", "2011-12-31": "4.99130", "2010-12-31": "6.01430", "2009-12-31": "5.98470", "2008-12-31": "5.67110", "2007-12-31": "10.46910", "2006-12-31": "7.25860", "2005-12-31": "1.70790"}, "Long-term Debt / Capital": {"2019-12-31": "0.13470", "2018-12-31": "0.21860", "2017-12-31": "0.22460", "2016-12-31": "0.19280", "2015-12-31": "0.21620", "2014-12-31": "0.29620", "2013-12-31": "0.32830", "2012-12-31": "0.24230", "2011-12-31": "0.31060", "2010-12-31": "0.34480", "2009-12-31": "0.60670", "2008-12-31": "0.64240", "2007-12-31": "0.75020", "2006-12-31": "0.71290", "2005-12-31": "1.57180"}, "Debt/Equity Ratio": {"2019-12-31": "0.27160", "2018-12-31": "0.27980", "2017-12-31": "0.41820", "2016-12-31": "0.24700", "2015-12-31": "0.27590", "2014-12-31": "0.42080", "2013-12-31": "0.48880", "2012-12-31": "0.34280", "2011-12-31": "0.45060", "2010-12-31": "0.52630", "2009-12-31": "1.54290", "2008-12-31": "2.05230", "2007-12-31": "3.03760", "2006-12-31": "2.54050", "2005-12-31": "-2.89510"}, "Gross Margin": {"2019-12-31": "78.90520", "2018-12-31": "78.85850", "2017-12-31": "81.59430", "2016-12-31": "81.23120", "2015-12-31": "82.91840", "2014-12-31": "83.68220", "2013-12-31": "83.88450", "2012-12-31": "81.66050", "2011-12-31": "80.96260", "2010-12-31": "81.32050", "2009-12-31": "79.69880", "2008-12-31": "82.29000", "2007-12-31": "84.89980", "2006-12-31": "89.62110", "2005-12-31": "89.75810"}, "Operating Margin": {"2019-12-31": "-5.89520", "2018-12-31": "-8.28350", "2017-12-31": "-1.11900", "2016-12-31": "-71.93680", "2015-12-31": "-12.43990", "2014-12-31": "-12.39730", "2013-12-31": "-28.44330", "2012-12-31": "-22.01120", "2011-12-31": "-7.67860", "2010-12-31": "0.14460", "2009-12-31": "5.05980", "2008-12-31": "13.40880", "2007-12-31": "-47.11920", "2006-12-31": "-51.56690", "2005-12-31": "-296.27570"}, "EBIT Margin": {"2019-12-31": "-5.89520", "2018-12-31": "-8.28350", "2017-12-31": "-1.11900", "2016-12-31": "-71.93680", "2015-12-31": "-12.43990", "2014-12-31": "-12.39730", "2013-12-31": "-28.44330", "2012-12-31": "-22.01120", "2011-12-31": "-7.67860", "2010-12-31": "0.14460", "2009-12-31": "5.05980", "2008-12-31": "13.40880", "2007-12-31": "-47.11920", "2006-12-31": "-51.56690", "2005-12-31": "-296.27570"}, "EBITDA Margin": {"2019-12-31": "0.16680", "2018-12-31": "-1.84380", "2017-12-31": "5.80350", "2016-12-31": "-63.14320", "2015-12-31": "-6.89270", "2014-12-31": "-5.31290", "2013-12-31": "-20.80170", "2012-12-31": "-12.26450", "2011-12-31": "1.17640", "2010-12-31": "8.69970", "2009-12-31": "11.96500", "2008-12-31": "17.16260", "2007-12-31": "-46.13140", "2006-12-31": "-39.95060", "2005-12-31": "-258.29990"}, "Pre-Tax Profit Margin": {"2019-12-31": "-5.56390", "2018-12-31": "-9.56970", "2017-12-31": "-2.73090", "2016-12-31": "-74.40990", "2015-12-31": "-17.38680", "2014-12-31": "-16.66500", "2013-12-31": "-32.18010", "2012-12-31": "-23.62140", "2011-12-31": "-9.88470", "2010-12-31": "-5.71140", "2009-12-31": "0.17430", "2008-12-31": "11.27310", "2007-12-31": "-12.39830", "2006-12-31": "-33.79570", "2005-12-31": "-289.33730"}, "Net Profit Margin": {"2019-12-31": "-1.39950", "2018-12-31": "-5.17770", "2017-12-31": "-8.90970", "2016-12-31": "-56.42730", "2015-12-31": "-19.30550", "2014-12-31": "-17.87960", "2013-12-31": "-32.15280", "2012-12-31": "-22.83640", "2011-12-31": "-12.19780", "2010-12-31": "54.70030", "2009-12-31": "-0.15030", "2008-12-31": "10.39860", "2007-12-31": "-12.99790", "2006-12-31": "-33.88360", "2005-12-31": "-289.33730"}, "Asset Turnover": {"2019-12-31": "0.36330", "2018-12-31": "0.33680", "2017-12-31": "0.28350", "2016-12-31": "0.27760", "2015-12-31": "0.23860", "2014-12-31": "0.30270", "2013-12-31": "0.24440", "2012-12-31": "0.31930", "2011-12-31": "0.33800", "2010-12-31": "0.29800", "2009-12-31": "0.35400", "2008-12-31": "0.32700", "2007-12-31": "0.14910", "2006-12-31": "0.18170", "2005-12-31": "0.13140"}, "Inventory Turnover Ratio": {"2019-12-31": "0.52840", "2018-12-31": "0.59390", "2017-12-31": "0.50820", "2016-12-31": "0.59030", "2015-12-31": "0.55950", "2014-12-31": "0.61300", "2013-12-31": "0.54360", "2012-12-31": "0.71350", "2011-12-31": "0.64570", "2010-12-31": "0.64070", "2009-12-31": "0.83790", "2008-12-31": "0.71770", "2007-12-31": "0.56580", "2006-12-31": "0.34860", "2005-12-31": "0.24120"}, "Receiveable Turnover": {"2019-12-31": "4.51520", "2018-12-31": "4.35220", "2017-12-31": "5.02610", "2016-12-31": "5.18790", "2015-12-31": "5.39460", "2014-12-31": "5.18640", "2013-12-31": "4.65520", "2012-12-31": "4.59100", "2011-12-31": "4.20990", "2010-12-31": "4.34610", "2009-12-31": "4.41470", "2008-12-31": "5.46050", "2007-12-31": "7.16190", "2006-12-31": "5.74020", "2005-12-31": "4.38040"}, "Days Sales In Receivables": {"2019-12-31": "80.83840", "2018-12-31": "83.86540", "2017-12-31": "72.62100", "2016-12-31": "70.35580", "2015-12-31": "67.65970", "2014-12-31": "70.37690", "2013-12-31": "78.40690", "2012-12-31": "79.50320", "2011-12-31": "86.70110", "2010-12-31": "83.98350", "2009-12-31": "82.67860", "2008-12-31": "66.84400", "2007-12-31": "50.96390", "2006-12-31": "63.58640", "2005-12-31": "83.32620"}, "ROE - Return On Equity": {"2019-12-31": "-0.76380", "2018-12-31": "-2.60150", "2017-12-31": "-4.16720", "2016-12-31": "-22.78190", "2015-12-31": "-7.15580", "2014-12-31": "-8.76820", "2013-12-31": "-13.15050", "2012-12-31": "-11.25730", "2011-12-31": "-6.96410", "2010-12-31": "28.69530", "2009-12-31": "-0.15150", "2008-12-31": "11.14340", "2007-12-31": "-8.41810", "2006-12-31": "-24.22120", "2005-12-31": "95.87930"}, "Return On Tangible Equity": {"2019-12-31": "-0.96600", "2018-12-31": "-3.38780", "2017-12-31": "-5.58910", "2016-12-31": "-31.26890", "2015-12-31": "-11.30400", "2014-12-31": "-10.17180", "2013-12-31": "-15.69490", "2012-12-31": "-14.27130", "2011-12-31": "-9.94700", "2010-12-31": "36.73730", "2009-12-31": "-0.18950", "2008-12-31": "12.44250", "2007-12-31": "-10.07410", "2006-12-31": "-33.61370", "2005-12-31": "65.13200"}, "ROA - Return On Assets": {"2019-12-31": "-0.50850", "2018-12-31": "-1.74400", "2017-12-31": "-2.52620", "2016-12-31": "-15.66250", "2015-12-31": "-4.60670", "2014-12-31": "-5.41210", "2013-12-31": "-7.85870", "2012-12-31": "-7.29090", "2011-12-31": "-4.12310", "2010-12-31": "16.30090", "2009-12-31": "-0.05320", "2008-12-31": "3.40040", "2007-12-31": "-1.93840", "2006-12-31": "-6.15680", "2005-12-31": "-38.02810"}, "ROI - Return On Investment": {"2019-12-31": "-0.66090", "2018-12-31": "-2.03270", "2017-12-31": "-3.23130", "2016-12-31": "-18.38940", "2015-12-31": "-5.60860", "2014-12-31": "-6.17140", "2013-12-31": "-8.83260", "2012-12-31": "-8.52940", "2011-12-31": "-4.80090", "2010-12-31": "18.80010", "2009-12-31": "-0.05960", "2008-12-31": "3.98460", "2007-12-31": "-2.10240", "2006-12-31": "-6.95430", "2005-12-31": "-54.82800"}, "Book Value Per Share": {"2019-12-31": "17.36220", "2018-12-31": "16.65020", "2017-12-31": "15.97250", "2016-12-31": "16.02260", "2015-12-31": "14.86350", "2014-12-31": "10.24790", "2013-12-31": "9.34760", "2012-12-31": "8.07390", "2011-12-31": "6.73450", "2010-12-31": "6.48320", "2009-12-31": "3.19120", "2008-12-31": "2.77040", "2007-12-31": "1.93300", "2006-12-31": "1.28430", "2005-12-31": "-1.04250"}, "Operating Cash Flow Per Share": {"2019-12-31": 0.1556, "2018-12-31": 0.1642, "2017-12-31": 1.3205, "2016-12-31": 0.001, "2015-12-31": -0.8905, "2014-12-31": -0.065, "2013-12-31": -0.5626, "2012-12-31": -0.0178, "2011-12-31": 0.015, "2010-12-31": -0.7257, "2009-12-31": 0.9635, "2008-12-31": 0.2767, "2007-12-31": 0.2526, "2006-12-31": 0.2415, "2005-12-31": -0.8594}, "Free Cash Flow Per Share": {"2019-12-31": 0.1613, "2018-12-31": 0.4905, "2017-12-31": 1.0711, "2016-12-31": 0.5309, "2015-12-31": -1.5132, "2014-12-31": 0.4541, "2013-12-31": -1.511, "2012-12-31": 0.2646, "2011-12-31": -0.2444, "2010-12-31": -0.2238, "2009-12-31": 0.6122, "2008-12-31": -0.0337, "2007-12-31": 0.3095, "2006-12-31": 0.045, "2005-12-31": -0.9536}}, "financial ratios, quarterly": {"Current Ratio": {"2020-09-30": "3.20460", "2020-06-30": "3.25530", "2020-03-31": "2.57930", "2019-12-31": "2.08270", "2019-09-30": "3.76580", "2019-06-30": "4.11160", "2019-03-31": "3.82620", "2018-12-31": "3.92980", "2018-09-30": "2.87110", "2018-06-30": "2.83260", "2018-03-31": "2.89750", "2017-12-31": "2.70310", "2017-09-30": "4.90990", "2017-06-30": "3.89740", "2017-03-31": "3.97640", "2016-12-31": "3.23640", "2016-09-30": "4.41670", "2016-06-30": "3.03350", "2016-03-31": "2.55870", "2015-12-31": "2.44610", "2015-09-30": "3.01050", "2015-06-30": "3.49130", "2015-03-31": "4.98430", "2014-12-31": "5.92880", "2014-09-30": "5.21820", "2014-06-30": "7.31900", "2014-03-31": "7.98790", "2013-12-31": "6.20620", "2013-09-30": "4.25620", "2013-06-30": "5.06830", "2013-03-31": "5.02070", "2012-12-31": "4.36200", "2012-09-30": "5.33160", "2012-06-30": "5.67960", "2012-03-31": "4.28490", "2011-12-31": "4.99130", "2011-09-30": "5.84990", "2011-06-30": "6.26700", "2011-03-31": "6.63060", "2010-12-31": "6.01430", "2010-09-30": "6.01740", "2010-06-30": "6.21840", "2010-03-31": "6.35880", "2009-12-31": "5.98470", "2009-09-30": "8.12030", "2009-06-30": "8.44500", "2009-03-31": "5.64920", "2008-12-31": "5.67110", "2008-09-30": "5.77310", "2008-06-30": "11.06560", "2008-03-31": "12.82530", "2007-12-31": "10.46910", "2007-09-30": "13.06990", "2007-06-30": "14.38910", "2007-03-31": "8.25790", "2006-12-31": "7.25860", "2006-09-30": "7.85040", "2006-06-30": "9.07290", "2006-03-31": "6.65810", "2005-12-31": "1.70790", "2005-09-30": "1.85840", "2005-06-30": "0.90010", "2005-03-31": "1.05730"}, "Long-term Debt / Capital": {"2020-09-30": "0.20950", "2020-06-30": "0.24900", "2020-03-31": "0.13060", "2019-12-31": "0.13470", "2019-09-30": "0.21530", "2019-06-30": "0.22080", "2019-03-31": "0.22130", "2018-12-31": "0.21860", "2018-09-30": "0.22080", "2018-06-30": "0.22170", "2018-03-31": "0.22560", "2017-12-31": "0.22460", "2017-09-30": "0.29300", "2017-06-30": "0.19480", "2017-03-31": "0.19450", "2016-12-31": "0.19280", "2016-09-30": "0.19800", "2016-06-30": "0.25190", "2016-03-31": "0.22580", "2015-12-31": "0.21620", "2015-09-30": "0.22560", "2015-06-30": "0.21910", "2015-03-31": "0.21280", "2014-12-31": "0.29620", "2014-09-30": "0.30340", "2014-06-30": "0.30810", "2014-03-31": "0.31180", "2013-12-31": "0.32830", "2013-09-30": "0.05780", "2013-06-30": "0.08030", "2013-03-31": "0.08080", "2012-12-31": "0.24230", "2012-09-30": "0.24240", "2012-06-30": "0.24510", "2012-03-31": "0.29620", "2011-12-31": "0.31060", "2011-09-30": "0.31020", "2011-06-30": "0.34020", "2011-03-31": "0.34370", "2010-12-31": "0.34480", "2010-09-30": "0.45910", "2010-06-30": "0.57800", "2010-03-31": "0.59010", "2009-12-31": "0.60670", "2009-09-30": "0.62060", "2009-06-30": "0.63690", "2009-03-31": "0.64470", "2008-12-31": "0.64240", "2008-09-30": "0.67640", "2008-06-30": "0.71350", "2008-03-31": "0.72930", "2007-12-31": "0.75020", "2007-09-30": "0.76380", "2007-06-30": "0.77110", "2007-03-31": "0.59350", "2006-12-31": "0.71290", "2006-09-30": "0.70590", "2006-06-30": "0.88250", "2006-03-31": "0.88880", "2005-12-31": "1.57180", "2005-09-30": "1.43860", "2005-06-30": "2.04660", "2005-03-31": "1.70950"}, "Debt/Equity Ratio": {"2020-09-30": "0.35730", "2020-06-30": "0.44590", "2020-03-31": "0.26320", "2019-12-31": "0.27160", "2019-09-30": "0.27440", "2019-06-30": "0.28340", "2019-03-31": "0.28430", "2018-12-31": "0.27980", "2018-09-30": "0.41180", "2018-06-30": "0.41300", "2018-03-31": "0.42140", "2017-12-31": "0.41820", "2017-09-30": "0.41440", "2017-06-30": "0.24190", "2017-03-31": "0.24950", "2016-12-31": "0.24700", "2016-09-30": "0.25540", "2016-06-30": "0.34950", "2016-03-31": "0.29170", "2015-12-31": "0.27590", "2015-09-30": "0.29130", "2015-06-30": "0.28070", "2015-03-31": "0.27030", "2014-12-31": "0.42080", "2014-09-30": "0.43550", "2014-06-30": "0.44520", "2014-03-31": "0.45300", "2013-12-31": "0.48880", "2013-09-30": "0.06130", "2013-06-30": "0.08730", "2013-03-31": "0.08790", "2012-12-31": "0.34280", "2012-09-30": "0.34310", "2012-06-30": "0.34820", "2012-03-31": "0.45120", "2011-12-31": "0.45060", "2011-09-30": "0.44970", "2011-06-30": "0.51550", "2011-03-31": "0.52370", "2010-12-31": "0.52630", "2010-09-30": "0.84880", "2010-06-30": "1.36950", "2010-03-31": "1.43980", "2009-12-31": "1.54290", "2009-09-30": "1.63590", "2009-06-30": "1.75380", "2009-03-31": "2.07130", "2008-12-31": "2.05230", "2008-09-30": "2.38920", "2008-06-30": "2.51660", "2008-03-31": "2.72280", "2007-12-31": "3.03760", "2007-09-30": "3.27060", "2007-06-30": "3.40980", "2007-03-31": "1.50100", "2006-12-31": "2.54050", "2006-09-30": "2.45560", "2006-06-30": "7.65060", "2006-03-31": "8.58350", "2005-12-31": "-2.89510", "2005-09-30": "-3.45900", "2005-06-30": "-2.06540", "2005-03-31": "-2.68720"}, "Gross Margin": {"2020-09-30": "60.40280", "2020-06-30": "77.18970", "2020-03-31": "77.81700", "2019-12-31": "78.89750", "2019-09-30": "78.97430", "2019-06-30": "80.03010", "2019-03-31": "77.74590", "2018-12-31": "78.76100", "2018-09-30": "79.85910", "2018-06-30": "78.80650", "2018-03-31": "77.95320", "2017-12-31": "78.79040", "2017-09-30": "82.19950", "2017-06-30": "82.26320", "2017-03-31": "83.53690", "2016-12-31": "78.62420", "2016-09-30": "81.87260", "2016-06-30": "82.80180", "2016-03-31": "81.78650", "2015-12-31": "78.92260", "2015-09-30": "83.29190", "2015-06-30": "84.78300", "2015-03-31": "84.72400", "2014-12-31": "83.29480", "2014-09-30": "83.05290", "2014-06-30": "83.72670", "2014-03-31": "84.94510", "2013-12-31": "88.24160", "2013-09-30": "79.50380", "2013-06-30": "83.50490", "2013-03-31": "83.97540", "2012-12-31": "79.89060", "2012-09-30": "80.78400", "2012-06-30": "80.99160", "2012-03-31": "85.33640", "2011-12-31": "80.04650", "2011-09-30": "80.21160", "2011-06-30": "82.58810", "2011-03-31": "81.00060", "2010-12-31": "79.85610", "2010-09-30": "81.58260", "2010-06-30": "84.33820", "2010-03-31": "79.50400", "2009-12-31": "80.78940", "2009-09-30": "81.47440", "2009-06-30": "76.02520", "2009-03-31": "80.58670", "2008-12-31": "88.25010", "2008-09-30": "80.64170", "2008-06-30": "85.05160", "2008-03-31": "71.54120", "2007-12-31": "88.35080", "2007-09-30": "82.16430", "2007-06-30": "84.22310", "2007-03-31": "81.97300", "2006-12-31": "100.00000", "2006-09-30": "89.52140", "2006-06-30": "96.63540", "2006-03-31": "87.53260", "2005-12-31": "100.00000", "2005-09-30": "97.83610", "2005-06-30": "86.81740", "2005-03-31": "86.77090"}, "Operating Margin": {"2020-09-30": "-11.73300", "2020-06-30": "-9.53350", "2020-03-31": "20.90570", "2019-12-31": "-2.01610", "2019-09-30": "0.86970", "2019-06-30": "-10.66480", "2019-03-31": "-13.46270", "2018-12-31": "-10.80020", "2018-09-30": "-4.01860", "2018-06-30": "-6.77570", "2018-03-31": "-11.88170", "2017-12-31": "16.20050", "2017-09-30": "-4.10810", "2017-06-30": "-12.22630", "2017-03-31": "-6.65300", "2016-12-31": "-29.86460", "2016-09-30": "-21.46690", "2016-06-30": "-190.85200", "2016-03-31": "-34.18030", "2015-12-31": "44.45060", "2015-09-30": "-39.19170", "2015-06-30": "-25.70130", "2015-03-31": "-32.45610", "2014-12-31": "-25.61330", "2014-09-30": "6.34550", "2014-06-30": "-9.84530", "2014-03-31": "-17.45670", "2013-12-31": "-35.61580", "2013-09-30": "-37.05890", "2013-06-30": "-14.65680", "2013-03-31": "-25.73400", "2012-12-31": "-35.55000", "2012-09-30": "-8.18860", "2012-06-30": "-24.95910", "2012-03-31": "-18.74510", "2011-12-31": "-19.87560", "2011-09-30": "-13.68040", "2011-06-30": "0.69420", "2011-03-31": "2.09580", "2010-12-31": "-3.29680", "2010-09-30": "-1.98360", "2010-06-30": "3.30940", "2010-03-31": "3.28420", "2009-12-31": "7.32870", "2009-09-30": "12.53980", "2009-06-30": "5.20980", "2009-03-31": "-5.94890", "2008-12-31": "32.29050", "2008-09-30": "3.23620", "2008-06-30": "7.05890", "2008-03-31": "1.35440", "2007-12-31": "-22.16800", "2007-09-30": "-69.21940", "2007-06-30": "-45.86280", "2007-03-31": "-73.51340", "2006-12-31": "-578.31880", "2006-09-30": "-36.80750", "2006-06-30": "-25.93600", "2006-03-31": "-82.93510", "2005-12-31": "-3055.59700", "2005-09-30": "-218.52490", "2005-06-30": "-608.85270", "2005-03-31": "-431.26880"}, "EBIT Margin": {"2020-09-30": "-11.73300", "2020-06-30": "-9.53350", "2020-03-31": "20.90570", "2019-12-31": "-2.01610", "2019-09-30": "0.86970", "2019-06-30": "-10.66480", "2019-03-31": "-13.46270", "2018-12-31": "-10.80030", "2018-09-30": "-4.01860", "2018-06-30": "-6.77570", "2018-03-31": "-11.88170", "2017-12-31": "16.20050", "2017-09-30": "-4.10810", "2017-06-30": "-12.22630", "2017-03-31": "-6.65300", "2016-12-31": "-29.86460", "2016-09-30": "-21.46690", "2016-06-30": "-190.85200", "2016-03-31": "-34.18030", "2015-12-31": "44.45060", "2015-09-30": "-39.19170", "2015-06-30": "-25.70130", "2015-03-31": "-32.45610", "2014-12-31": "-25.61330", "2014-09-30": "6.34550", "2014-06-30": "-9.84530", "2014-03-31": "-17.45670", "2013-12-31": "-35.61580", "2013-09-30": "-37.05890", "2013-06-30": "-14.65680", "2013-03-31": "-25.73400", "2012-12-31": "-35.55000", "2012-09-30": "-8.18860", "2012-06-30": "-24.95910", "2012-03-31": "-18.74510", "2011-12-31": "-19.87560", "2011-09-30": "-13.68040", "2011-06-30": "0.69420", "2011-03-31": "2.09580", "2010-12-31": "-3.29680", "2010-09-30": "-1.98360", "2010-06-30": "3.30940", "2010-03-31": "3.28420", "2009-12-31": "7.32870", "2009-09-30": "12.53980", "2009-06-30": "5.20980", "2009-03-31": "-5.94890", "2008-12-31": "32.29050", "2008-09-30": "3.23620", "2008-06-30": "7.05890", "2008-03-31": "1.35440", "2007-12-31": "-22.16800", "2007-09-30": "-69.21940", "2007-06-30": "-45.86280", "2007-03-31": "-73.51340", "2006-12-31": "100.00000", "2006-09-30": "-36.80750", "2006-06-30": "-25.93600", "2006-03-31": "-82.93510", "2005-12-31": "100.00000", "2005-09-30": "-218.52490", "2005-06-30": "-608.85270", "2005-03-31": "-431.26880"}, "EBITDA Margin": {"2020-09-30": "", "2020-06-30": "", "2020-03-31": "", "2019-12-31": "", "2019-09-30": "", "2019-06-30": "", "2019-03-31": "", "2018-12-31": "", "2018-09-30": "", "2018-06-30": "", "2018-03-31": "", "2017-12-31": "", "2017-09-30": "", "2017-06-30": "", "2017-03-31": "", "2016-12-31": "", "2016-09-30": "", "2016-06-30": "", "2016-03-31": "", "2015-12-31": "", "2015-09-30": "", "2015-06-30": "", "2015-03-31": "", "2014-12-31": "", "2014-09-30": "", "2014-06-30": "", "2014-03-31": "", "2013-12-31": "", "2013-09-30": "", "2013-06-30": "", "2013-03-31": "", "2012-12-31": "", "2012-09-30": "", "2012-06-30": "", "2012-03-31": "", "2011-12-31": "", "2011-09-30": "", "2011-06-30": "", "2011-03-31": "", "2010-12-31": "", "2010-09-30": "", "2010-06-30": "", "2010-03-31": "", "2009-12-31": "", "2009-09-30": "", "2009-06-30": "", "2009-03-31": "", "2008-12-31": "", "2008-09-30": "", "2008-06-30": "", "2008-03-31": "", "2007-12-31": "", "2007-09-30": "", "2007-06-30": "", "2007-03-31": "", "2006-12-31": "", "2006-09-30": "", "2006-06-30": "", "2006-03-31": "", "2005-12-31": "", "2005-09-30": "", "2005-06-30": "", "2005-03-31": ""}, "Pre-Tax Profit Margin": {"2020-09-30": "-12.83940", "2020-06-30": "-9.84270", "2020-03-31": "20.18690", "2019-12-31": "-2.15230", "2019-09-30": "2.13010", "2019-06-30": "-10.80430", "2019-03-31": "-13.21460", "2018-12-31": "-12.26200", "2018-09-30": "-4.95600", "2018-06-30": "-7.82550", "2018-03-31": "-13.60410", "2017-12-31": "15.23790", "2017-09-30": "-6.17120", "2017-06-30": "-14.34760", "2017-03-31": "-8.00210", "2016-12-31": "-30.71270", "2016-09-30": "-23.87070", "2016-06-30": "-194.23020", "2016-03-31": "-37.64790", "2015-12-31": "40.78560", "2015-09-30": "-43.29410", "2015-06-30": "-32.99940", "2015-03-31": "-36.81400", "2014-12-31": "-28.65660", "2014-09-30": "1.82440", "2014-06-30": "-14.45770", "2014-03-31": "-22.84630", "2013-12-31": "-40.42610", "2013-09-30": "-38.22200", "2013-06-30": "-14.83150", "2013-03-31": "-34.80160", "2012-12-31": "-37.96780", "2012-09-30": "-9.17990", "2012-06-30": "-26.13870", "2012-03-31": "-20.57970", "2011-12-31": "-21.43430", "2011-09-30": "-17.39560", "2011-06-30": "-1.06030", "2011-03-31": "0.35900", "2010-12-31": "-18.93240", "2010-09-30": "-4.72430", "2010-06-30": "0.62970", "2010-03-31": "2.10350", "2009-12-31": "4.45790", "2009-09-30": "9.38660", "2009-06-30": "2.21530", "2009-03-31": "-17.21410", "2008-12-31": "26.74940", "2008-09-30": "1.48800", "2008-06-30": "6.17540", "2008-03-31": "3.02010", "2007-12-31": "6.07990", "2007-09-30": "-20.09120", "2007-06-30": "-12.15210", "2007-03-31": "-40.57710", "2006-12-31": "100.00000", "2006-09-30": "-28.22640", "2006-06-30": "-5.65030", "2006-03-31": "-70.80800", "2005-12-31": "100.00000", "2005-09-30": "-204.19580", "2005-06-30": "-588.52730", "2005-03-31": "-450.15040"}, "Net Profit Margin": {"2020-09-30": "164.60350", "2020-06-30": "-6.79490", "2020-03-31": "16.20910", "2019-12-31": "3.30600", "2019-09-30": "11.93590", "2019-06-30": "-9.65410", "2019-03-31": "-14.09200", "2018-12-31": "-1.03340", "2018-09-30": "-3.22180", "2018-06-30": "-4.50370", "2018-03-31": "-11.82200", "2017-12-31": "-14.34310", "2017-09-30": "-3.74890", "2017-06-30": "-11.60290", "2017-03-31": "-5.36310", "2016-12-31": "-30.23080", "2016-09-30": "-13.37100", "2016-06-30": "-139.61040", "2016-03-31": "-35.08170", "2015-12-31": "30.10360", "2015-09-30": "-43.52530", "2015-06-30": "-32.77790", "2015-03-31": "-33.26480", "2014-12-31": "-30.42640", "2014-09-30": "4.21700", "2014-06-30": "-17.46830", "2014-03-31": "-25.14980", "2013-12-31": "-42.20650", "2013-09-30": "-38.73640", "2013-06-30": "-15.73940", "2013-03-31": "-31.11910", "2012-12-31": "-40.17950", "2012-09-30": "-4.18130", "2012-06-30": "-25.80730", "2012-03-31": "-20.55050", "2011-12-31": "-24.79000", "2011-09-30": "-15.56360", "2011-06-30": "-4.58910", "2011-03-31": "-3.99340", "2010-12-31": "-11.99540", "2010-09-30": "222.33660", "2010-06-30": "-0.51880", "2010-03-31": "1.35490", "2009-12-31": "5.41100", "2009-09-30": "8.21710", "2009-06-30": "1.58480", "2009-03-31": "-17.77780", "2008-12-31": "24.68450", "2008-09-30": "1.14120", "2008-06-30": "5.93700", "2008-03-31": "2.79160", "2007-12-31": "5.72980", "2007-09-30": "-20.85900", "2007-06-30": "-13.37770", "2007-03-31": "-40.69100", "2006-12-31": "100.00000", "2006-09-30": "-28.22640", "2006-06-30": "-5.65030", "2006-03-31": "-70.80800", "2005-12-31": "100.00000", "2005-09-30": "-204.19580", "2005-06-30": "-588.52730", "2005-03-31": "-450.15040"}, "Asset Turnover": {"2020-09-30": "0.07740", "2020-06-30": "0.08100", "2020-03-31": "0.10630", "2019-12-31": "0.09690", "2019-09-30": "0.10120", "2019-06-30": "0.08830", "2019-03-31": "0.09040", "2018-12-31": "0.07980", "2018-09-30": "0.08340", "2018-06-30": "0.08060", "2018-03-31": "0.08120", "2017-12-31": "0.07730", "2017-09-30": "0.07290", "2017-06-30": "0.07900", "2017-03-31": "0.07710", "2016-12-31": "0.07460", "2016-09-30": "0.07280", "2016-06-30": "0.09720", "2016-03-31": "0.06460", "2015-12-31": "0.06110", "2015-09-30": "0.05760", "2015-06-30": "0.06860", "2015-03-31": "0.05550", "2014-12-31": "0.09270", "2014-09-30": "0.07230", "2014-06-30": "0.08180", "2014-03-31": "0.06470", "2013-12-31": "0.06540", "2013-09-30": "0.08450", "2013-06-30": "0.08540", "2013-03-31": "0.08000", "2012-12-31": "0.08410", "2012-09-30": "0.08170", "2012-06-30": "0.08090", "2012-03-31": "0.08990", "2011-12-31": "0.08260", "2011-09-30": "0.08760", "2011-06-30": "0.08640", "2011-03-31": "0.08660", "2010-12-31": "0.08050", "2010-09-30": "0.07850", "2010-06-30": "0.09330", "2010-03-31": "0.08790", "2009-12-31": "0.09490", "2009-09-30": "0.09300", "2009-06-30": "0.09800", "2009-03-31": "0.08220", "2008-12-31": "0.10950", "2008-09-30": "0.08460", "2008-06-30": "0.07510", "2008-03-31": "0.07300", "2007-12-31": "0.05500", "2007-09-30": "0.03160", "2007-06-30": "0.03700", "2007-03-31": "0.05080", "2006-12-31": "0.01230", "2006-09-30": "0.05340", "2006-06-30": "0.05000", "2006-03-31": "0.02830", "2005-12-31": "0.00410", "2005-09-30": "0.03630", "2005-06-30": "0.02170", "2005-03-31": "0.02760"}, "Inventory Turnover Ratio": {"2020-09-30": "0.26940", "2020-06-30": "0.13170", "2020-03-31": "0.15780", "2019-12-31": "0.14100", "2019-09-30": "0.15920", "2019-06-30": "0.13380", "2019-03-31": "0.16680", "2018-12-31": "0.14130", "2018-09-30": "0.15520", "2018-06-30": "0.16690", "2018-03-31": "0.17590", "2017-12-31": "0.15970", "2017-09-30": "0.13000", "2017-06-30": "0.13100", "2017-03-31": "0.13020", "2016-12-31": "0.18060", "2016-09-30": "0.14600", "2016-06-30": "0.15810", "2016-03-31": "0.14520", "2015-12-31": "0.17680", "2015-09-30": "0.13320", "2015-06-30": "0.16020", "2015-03-31": "0.13910", "2014-12-31": "0.19210", "2014-09-30": "0.14630", "2014-06-30": "0.16130", "2014-03-31": "0.12900", "2013-12-31": "0.10620", "2013-09-30": "0.18870", "2013-06-30": "0.15860", "2013-03-31": "0.15090", "2012-12-31": "0.20620", "2012-09-30": "0.20380", "2012-06-30": "0.19620", "2012-03-31": "0.13790", "2011-12-31": "0.16540", "2011-09-30": "0.19410", "2011-06-30": "0.17150", "2011-03-31": "0.18890", "2010-12-31": "0.18660", "2010-09-30": "0.19620", "2010-06-30": "0.17190", "2010-03-31": "0.21830", "2009-12-31": "0.21270", "2009-09-30": "0.19840", "2009-06-30": "0.27250", "2009-03-31": "0.18790", "2008-12-31": "0.15940", "2008-09-30": "0.20650", "2008-06-30": "0.15520", "2008-03-31": "0.31400", "2007-12-31": "0.16100", "2007-09-30": "0.14140", "2007-06-30": "0.14840", "2007-03-31": "0.15000", "2006-12-31": "0.14420", "2006-09-30": "0.10140", "2006-06-30": "0.03250", "2006-03-31": "0.09490", "2005-12-31": "0.12180", "2005-09-30": "0.02120", "2005-06-30": "0.14120", "2005-03-31": "0.27060"}, "Receiveable Turnover": {"2020-09-30": "1.15810", "2020-06-30": "1.12660", "2020-03-31": "1.26660", "2019-12-31": "1.20410", "2019-09-30": "1.14420", "2019-06-30": "1.02810", "2019-03-31": "1.01860", "2018-12-31": "1.03090", "2018-09-30": "1.01920", "2018-06-30": "1.02550", "2018-03-31": "1.17290", "2017-12-31": "1.37090", "2017-09-30": "1.32660", "2017-06-30": "1.33190", "2017-03-31": "1.31920", "2016-12-31": "1.39400", "2016-09-30": "1.29650", "2016-06-30": "1.40140", "2016-03-31": "1.30970", "2015-12-31": "1.38180", "2015-09-30": "1.40250", "2015-06-30": "1.34420", "2015-03-31": "1.15470", "2014-12-31": "1.58780", "2014-09-30": "1.45430", "2014-06-30": "1.56840", "2014-03-31": "1.37200", "2013-12-31": "1.24660", "2013-09-30": "1.09720", "2013-06-30": "1.18900", "2013-03-31": "1.06300", "2012-12-31": "1.20970", "2012-09-30": "1.09230", "2012-06-30": "1.23100", "2012-03-31": "1.10230", "2011-12-31": "1.02870", "2011-09-30": "1.05950", "2011-06-30": "1.03780", "2011-03-31": "1.03070", "2010-12-31": "1.17370", "2010-09-30": "1.24150", "2010-06-30": "1.18370", "2010-03-31": "1.02840", "2009-12-31": "1.18410", "2009-09-30": "1.18180", "2009-06-30": "1.14070", "2009-03-31": "1.20580", "2008-12-31": "1.82840", "2008-09-30": "1.42070", "2008-06-30": "1.23040", "2008-03-31": "1.27810", "2007-12-31": "2.64210", "2007-09-30": "1.56600", "2007-06-30": "1.81660", "2007-03-31": "1.57230", "2006-12-31": "0.38920", "2006-09-30": "1.91750", "2006-06-30": "2.14230", "2006-03-31": "1.84330", "2005-12-31": "0.13720", "2005-09-30": "1.42250", "2005-06-30": "1.26300", "2005-03-31": "2.72470"}, "Days Sales In Receivables": {"2020-09-30": "77.71670", "2020-06-30": "79.88490", "2020-03-31": "71.05510", "2019-12-31": "74.74280", "2019-09-30": "78.65440", "2019-06-30": "87.53670", "2019-03-31": "88.35700", "2018-12-31": "87.30390", "2018-09-30": "88.30820", "2018-06-30": "87.76020", "2018-03-31": "76.73230", "2017-12-31": "65.65040", "2017-09-30": "67.84480", "2017-06-30": "67.57140", "2017-03-31": "68.22340", "2016-12-31": "64.56440", "2016-09-30": "69.42030", "2016-06-30": "64.21940", "2016-03-31": "68.71620", "2015-12-31": "65.13370", "2015-09-30": "64.17020", "2015-06-30": "66.95370", "2015-03-31": "77.94410", "2014-12-31": "56.68140", "2014-09-30": "61.88400", "2014-06-30": "57.38340", "2014-03-31": "65.59850", "2013-12-31": "72.19830", "2013-09-30": "82.02470", "2013-06-30": "75.69380", "2013-03-31": "84.66520", "2012-12-31": "74.39810", "2012-09-30": "82.39420", "2012-06-30": "73.11380", "2012-03-31": "81.65110", "2011-12-31": "87.49060", "2011-09-30": "84.94710", "2011-06-30": "86.72560", "2011-03-31": "87.32110", "2010-12-31": "76.68080", "2010-09-30": "72.49170", "2010-06-30": "76.03460", "2010-03-31": "87.51360", "2009-12-31": "76.00420", "2009-09-30": "76.15700", "2009-06-30": "78.89930", "2009-03-31": "74.64110", "2008-12-31": "49.22410", "2008-09-30": "63.35040", "2008-06-30": "73.14550", "2008-03-31": "70.41480", "2007-12-31": "34.06330", "2007-09-30": "57.47100", "2007-06-30": "49.54300", "2007-03-31": "57.24010", "2006-12-31": "231.22590", "2006-09-30": "46.93710", "2006-06-30": "42.01020", "2006-03-31": "48.82490", "2005-12-31": "655.97020", "2005-09-30": "63.26960", "2005-06-30": "71.26040", "2005-03-31": "33.03070"}, "ROE - Return On Equity": {"2020-09-30": "19.35920", "2020-06-30": "-0.90160", "2020-03-31": "2.51180", "2019-12-31": "0.48120", "2019-09-30": "1.79010", "2019-06-30": "-1.26430", "2019-03-31": "-1.92310", "2018-12-31": "-0.12300", "2018-09-30": "-0.43290", "2018-06-30": "-0.58200", "2018-03-31": "-1.57280", "2017-12-31": "-1.82980", "2017-09-30": "-0.44520", "2017-06-30": "-1.31750", "2017-03-31": "-0.58830", "2016-12-31": "-3.27950", "2016-09-30": "-1.41450", "2016-06-30": "-21.85120", "2016-03-31": "-3.62630", "2015-12-31": "2.85800", "2015-09-30": "-3.96600", "2015-06-30": "-3.47860", "2015-03-31": "-2.78300", "2014-12-31": "-4.56820", "2014-09-30": "0.49360", "2014-06-30": "-2.29160", "2014-03-31": "-2.61040", "2013-12-31": "-4.62250", "2013-09-30": "-4.15360", "2013-06-30": "-1.71130", "2013-03-31": "-3.18440", "2012-12-31": "-5.21890", "2012-09-30": "-0.52770", "2012-06-30": "-3.19920", "2012-03-31": "-3.10540", "2011-12-31": "-3.45840", "2011-09-30": "-2.27920", "2011-06-30": "-0.69330", "2011-03-31": "-0.60640", "2010-12-31": "-1.69940", "2010-09-30": "37.10900", "2010-06-30": "-0.13140", "2010-03-31": "0.33340", "2009-12-31": "1.46250", "2009-09-30": "2.18530", "2009-06-30": "0.46290", "2009-03-31": "-4.80110", "2008-12-31": "8.85730", "2008-09-30": "0.34850", "2008-06-30": "1.68560", "2008-03-31": "0.80610", "2007-12-31": "1.36900", "2007-09-30": "-2.98830", "2007-06-30": "-2.30550", "2007-03-31": "-5.64190", "2006-12-31": "4.84710", "2006-09-30": "-5.76170", "2006-06-30": "-2.71030", "2006-03-31": "-21.25850", "2005-12-31": "-1.03790", "2005-09-30": "23.67120", "2005-06-30": "19.32240", "2005-03-31": "24.88840"}, "Return On Tangible Equity": {"2020-09-30": "22.87710", "2020-06-30": "-1.11940", "2020-03-31": "3.13000", "2019-12-31": "0.60860", "2019-09-30": "2.27940", "2019-06-30": "-1.63670", "2019-03-31": "-2.50590", "2018-12-31": "-0.16020", "2018-09-30": "-0.56760", "2018-06-30": "-0.76820", "2018-03-31": "-2.10230", "2017-12-31": "-2.45410", "2017-09-30": "-0.60070", "2017-06-30": "-1.78800", "2017-03-31": "-0.80410", "2016-12-31": "-4.50120", "2016-09-30": "-1.98290", "2016-06-30": "-36.38630", "2016-03-31": "-9.06710", "2015-12-31": "4.51480", "2015-09-30": "-7.77610", "2015-06-30": "-6.66200", "2015-03-31": "-5.20770", "2014-12-31": "-5.29950", "2014-09-30": "0.57520", "2014-06-30": "-2.69160", "2014-03-31": "-3.07260", "2013-12-31": "-5.51690", "2013-09-30": "-5.01880", "2013-06-30": "-2.08080", "2013-03-31": "-3.89090", "2012-12-31": "-6.61620", "2012-09-30": "-0.67130", "2012-06-30": "-4.10010", "2012-03-31": "-4.36260", "2011-12-31": "-4.93970", "2011-09-30": "-2.83710", "2011-06-30": "-0.87910", "2011-03-31": "-0.77350", "2010-12-31": "-2.17570", "2010-09-30": "50.81510", "2010-06-30": "-0.19500", "2010-03-31": "0.50600", "2009-12-31": "1.83000", "2009-09-30": "2.38510", "2009-06-30": "0.50900", "2009-03-31": "-5.33850", "2008-12-31": "9.88990", "2008-09-30": "0.39370", "2008-06-30": "1.92890", "2008-03-31": "0.93940", "2007-12-31": "1.63830", "2007-09-30": "-3.59960", "2007-06-30": "-2.82310", "2007-03-31": "-6.99310", "2006-12-31": "6.72670", "2006-09-30": "-7.98570", "2006-06-30": "-9.61260", "2006-03-31": "-99.70430", "2005-12-31": "-0.70510", "2005-09-30": "15.13800", "2005-06-30": "14.45980", "2005-03-31": "17.59180"}, "ROA - Return On Assets": {"2020-09-30": "12.74430", "2020-06-30": "-0.55040", "2020-03-31": "1.72310", "2019-12-31": "0.32030", "2019-09-30": "1.20740", "2019-06-30": "-0.85210", "2019-03-31": "-1.27320", "2018-12-31": "-0.08240", "2018-09-30": "-0.26880", "2018-06-30": "-0.36310", "2018-03-31": "-0.96040", "2017-12-31": "-1.10920", "2017-09-30": "-0.27350", "2017-06-30": "-0.91630", "2017-03-31": "-0.41360", "2016-12-31": "-2.25460", "2016-09-30": "-0.97400", "2016-06-30": "-13.57220", "2016-03-31": "-2.26480", "2015-12-31": "1.83990", "2015-09-30": "-2.50840", "2015-06-30": "-2.24710", "2015-03-31": "-1.84500", "2014-12-31": "-2.81960", "2014-09-30": "0.30510", "2014-06-30": "-1.42820", "2014-03-31": "-1.62830", "2013-12-31": "-2.76240", "2013-09-30": "-3.27180", "2013-06-30": "-1.34450", "2013-03-31": "-2.49080", "2012-12-31": "-3.38010", "2012-09-30": "-0.34180", "2012-06-30": "-2.08840", "2012-03-31": "-1.84810", "2011-12-31": "-2.04750", "2011-09-30": "-1.36310", "2011-06-30": "-0.39650", "2011-03-31": "-0.34580", "2010-12-31": "-0.96540", "2010-09-30": "17.46310", "2010-06-30": "-0.04840", "2010-03-31": "0.11910", "2009-12-31": "0.51380", "2009-09-30": "0.76380", "2009-06-30": "0.15540", "2009-03-31": "-1.46090", "2008-12-31": "2.70280", "2008-09-30": "0.09650", "2008-06-30": "0.44580", "2008-03-31": "0.20370", "2007-12-31": "0.31520", "2007-09-30": "-0.65940", "2007-06-30": "-0.49430", "2007-03-31": "-2.06620", "2006-12-31": "1.23210", "2006-09-30": "-1.50640", "2006-06-30": "-0.28270", "2006-03-31": "-2.00320", "2005-12-31": "0.41170", "2005-09-30": "-7.41040", "2005-06-30": "-12.75960", "2005-03-31": "-12.41230"}, "ROI - Return On Investment": {"2020-09-30": "15.30410", "2020-06-30": "-0.67710", "2020-03-31": "2.18370", "2019-12-31": "0.41630", "2019-09-30": "1.40470", "2019-06-30": "-0.98510", "2019-03-31": "-1.49740", "2018-12-31": "-0.09610", "2018-09-30": "-0.33730", "2018-06-30": "-0.45300", "2018-03-31": "-1.21800", "2017-12-31": "-1.41880", "2017-09-30": "-0.31480", "2017-06-30": "-1.06090", "2017-03-31": "-0.47390", "2016-12-31": "-2.64720", "2016-09-30": "-1.13440", "2016-06-30": "-16.34690", "2016-03-31": "-2.80740", "2015-12-31": "2.24010", "2015-09-30": "-3.07140", "2015-06-30": "-2.71630", "2015-03-31": "-2.19090", "2014-12-31": "-3.21530", "2014-09-30": "0.34380", "2014-06-30": "-1.58560", "2014-03-31": "-1.79660", "2013-12-31": "-3.10480", "2013-09-30": "-3.91350", "2013-06-30": "-1.57400", "2013-03-31": "-2.92720", "2012-12-31": "-3.95430", "2012-09-30": "-0.39980", "2012-06-30": "-2.41500", "2012-03-31": "-2.18560", "2011-12-31": "-2.38410", "2011-09-30": "-1.57210", "2011-06-30": "-0.45750", "2011-03-31": "-0.39800", "2010-12-31": "-1.11340", "2010-09-30": "20.07250", "2010-06-30": "-0.05550", "2010-03-31": "0.13660", "2009-12-31": "0.57510", "2009-09-30": "0.82900", "2009-06-30": "0.16810", "2009-03-31": "-1.70580", "2008-12-31": "3.16710", "2008-09-30": "0.11280", "2008-06-30": "0.48290", "2008-03-31": "0.21820", "2007-12-31": "0.34190", "2007-09-30": "-0.70590", "2007-06-30": "-0.52760", "2007-03-31": "-2.29370", "2006-12-31": "1.39170", "2006-09-30": "-1.69460", "2006-06-30": "-0.31840", "2006-03-31": "-2.36320", "2005-12-31": "0.59350", "2005-09-30": "-10.38180", "2005-06-30": "-20.22310", "2005-03-31": "-17.65720"}, "Book Value Per Share": {"2020-09-30": "22.33650", "2020-06-30": "17.86760", "2020-03-31": "17.92390", "2019-12-31": "17.36220", "2019-09-30": "17.11770", "2019-06-30": "16.50170", "2019-03-31": "16.40270", "2018-12-31": "16.65020", "2018-09-30": "16.38500", "2018-06-30": "16.25340", "2018-03-31": "15.88990", "2017-12-31": "15.97250", "2017-09-30": "16.03220", "2017-06-30": "15.95200", "2017-03-31": "15.97820", "2016-12-31": "16.02260", "2016-09-30": "15.40980", "2016-06-30": "11.74400", "2016-03-31": "14.11610", "2015-12-31": "14.86350", "2015-09-30": "14.22000", "2015-06-30": "14.63880", "2015-03-31": "15.13240", "2014-12-31": "10.24790", "2014-09-30": "10.23130", "2014-06-30": "9.94080", "2014-03-31": "10.01880", "2013-12-31": "9.34760", "2013-09-30": "8.97660", "2013-06-30": "8.98430", "2013-03-31": "9.00210", "2012-12-31": "8.07390", "2012-09-30": "8.20090", "2012-06-30": "8.11800", "2012-03-31": "6.67300", "2011-12-31": "6.73450", "2011-09-30": "6.78530", "2011-06-30": "6.56390", "2011-03-31": "6.50150", "2010-12-31": "6.48320", "2010-09-30": "5.71570", "2010-06-30": "3.55790", "2010-03-31": "3.39970", "2009-12-31": "3.19120", "2009-09-30": "3.01670", "2009-06-30": "2.82770", "2009-03-31": "2.74000", "2008-12-31": "2.77040", "2008-09-30": "2.38640", "2008-06-30": "2.27830", "2008-03-31": "2.12460", "2007-12-31": "1.93300", "2007-09-30": "1.80600", "2007-06-30": "1.74770", "2007-03-31": "1.72280", "2006-12-31": "1.28430", "2006-09-30": "1.33770", "2006-06-30": "0.57200", "2006-03-31": "0.54010", "2005-12-31": "-1.04250", "2005-09-30": "-0.88520", "2005-06-30": "-1.70610", "2005-03-31": "-1.39880"}, "Operating Cash Flow Per Share": {"2020-09-30": 0.4302, "2020-06-30": 0.1506, "2020-03-31": "-0.08120", "2019-12-31": 0.3184, "2019-09-30": 0.3936, "2019-06-30": -0.1346, "2019-03-31": "-0.30780", "2018-12-31": 0.2783, "2018-09-30": 0.2675, "2018-06-30": -0.1905, "2018-03-31": "-0.24130", "2017-12-31": 0.0833, "2017-09-30": 0.2201, "2017-06-30": 0.1122, "2017-03-31": "-0.46580", "2016-12-31": -0.0135, "2016-09-30": -0.0209, "2016-06-30": -0.275, "2016-03-31": "-1.06130", "2015-12-31": -0.4181, "2015-09-30": -0.0135, "2015-06-30": -0.0657, "2015-03-31": "-0.87440", "2014-12-31": -0.1892, "2014-09-30": -0.0326, "2014-06-30": -0.0756, "2014-03-31": "-0.18380", "2013-12-31": -0.0729, "2013-09-30": -0.065, "2013-06-30": -0.028, "2013-03-31": "-0.25030", "2012-12-31": 0.1008, "2012-09-30": 0.1185, "2012-06-30": -0.0106, "2012-03-31": "-0.06230", "2011-12-31": -0.0044, "2011-09-30": 0.078, "2011-06-30": 0.1222, "2011-03-31": "-0.03160", "2010-12-31": -0.1138, "2010-09-30": 0.0129, "2010-06-30": 0.2188, "2010-03-31": "0.03130", "2009-12-31": 0.2044, "2009-09-30": 0.277, "2009-06-30": 0.1932, "2009-03-31": "0.20030", "2008-12-31": 0.0322, "2008-09-30": 0.0352, "2008-06-30": 0.0672, "2008-03-31": "-0.22320", "2007-12-31": 0.0146, "2007-09-30": -0.0996, "2007-06-30": -0.0672, "2007-03-31": "-0.21310", "2006-12-31": -0.1494, "2006-09-30": -0.1543, "2006-06-30": -0.0556, "2006-03-31": "-0.25860", "2005-12-31": -0.2481, "2005-09-30": -0.2719, "2005-06-30": -0.0541, "2005-03-31": "-0.28530"}, "Free Cash Flow Per Share": {"2020-09-30": 0.0063, "2020-06-30": 0.3698, "2020-03-31": "-0.29790", "2019-12-31": 0.0152, "2019-09-30": 0.2295, "2019-06-30": -0.3161, "2019-03-31": "-0.46910", "2018-12-31": 0.0403, "2018-09-30": -0.0125, "2018-06-30": -0.317, "2018-03-31": "-0.41260", "2017-12-31": -0.1489, "2017-09-30": -0.0197, "2017-06-30": -0.1579, "2017-03-31": "-0.86580", "2016-12-31": -0.279, "2016-09-30": -0.2132, "2016-06-30": -0.4301, "2016-03-31": "-1.34110", "2015-12-31": -0.9946, "2015-09-30": -0.3653, "2015-06-30": -0.2819, "2015-03-31": "-1.15250", "2014-12-31": -0.4286, "2014-09-30": -0.155, "2014-06-30": -0.35, "2014-03-31": "-0.34750", "2013-12-31": -1.1402, "2013-09-30": -0.1574, "2013-06-30": -0.0949, "2013-03-31": "-0.34270", "2012-12-31": -0.0212, "2012-09-30": 0.0027, "2012-06-30": -0.0897, "2012-03-31": "-0.11600", "2011-12-31": -0.0826, "2011-09-30": -0.4234, "2011-06-30": 0.1052, "2011-03-31": "-0.08800", "2010-12-31": -0.2125, "2010-09-30": 0.0062, "2010-06-30": 0.0666, "2010-03-31": "-0.10470", "2009-12-31": -0.0313, "2009-09-30": 0.0185, "2009-06-30": -0.0206, "2009-03-31": "0.01280", "2008-12-31": -0.0822, "2008-09-30": -0.0841, "2008-06-30": -0.0519, "2008-03-31": "-0.41460", "2007-12-31": -0.0896, "2007-09-30": -0.1579, "2007-06-30": -0.1043, "2007-03-31": "-0.24730", "2006-12-31": -0.2008, "2006-09-30": -0.1715, "2006-06-30": -0.2662, "2006-03-31": "-0.27010", "2005-12-31": -0.3208, "2005-09-30": -0.2774, "2005-06-30": -0.0611, "2005-03-31": "-0.29430"}}, "revenue": {"BioMarin Pharmaceutical Annual Revenue (Millions of US $)": {"2019": "$1,704", "2018": "$1,491", "2017": "$1,314", "2016": "$1,117", "2015": "$890", "2014": "$749", "2013": "$548", "2012": "$501", "2011": "$441", "2010": "$376", "2009": "$325", "2008": "$296", "2007": "$122", "2006": "$84", "2005": "$26"}, "BioMarin Pharmaceutical Quarterly Revenue (Millions of US $)": {"2020-09-30": "$477", "2020-06-30": "$429", "2020-03-31": "$502", "2019-12-31": "$454", "2019-09-30": "$461", "2019-06-30": "$388", "2019-03-31": "$401", "2018-12-31": "$353", "2018-09-30": "$392", "2018-06-30": "$373", "2018-03-31": "$373", "2017-12-31": "$358", "2017-09-30": "$334", "2017-06-30": "$317", "2017-03-31": "$304", "2016-12-31": "$300", "2016-09-30": "$280", "2016-06-30": "$300", "2016-03-31": "$237", "2015-12-31": "$228", "2015-09-30": "$209", "2015-06-30": "$250", "2015-03-31": "$203", "2014-12-31": "$229", "2014-09-30": "$177", "2014-06-30": "$192", "2014-03-31": "$152", "2013-12-31": "$147", "2013-09-30": "$137", "2013-06-30": "$137", "2013-03-31": "$128", "2012-12-31": "$132", "2012-09-30": "$128", "2012-06-30": "$124", "2012-03-31": "$117", "2011-12-31": "$108", "2011-09-30": "$113", "2011-06-30": "$111", "2011-03-31": "$109", "2010-12-31": "$102", "2010-09-30": "$98", "2010-06-30": "$92", "2010-03-31": "$85", "2009-12-31": "$87", "2009-09-30": "$81", "2009-06-30": "$83", "2009-03-31": "$74", "2008-12-31": "$99", "2008-09-30": "$73", "2008-06-30": "$64", "2008-03-31": "$60", "2007-12-31": "$45", "2007-09-30": "$25", "2007-06-30": "$29", "2007-03-31": "$23", "2006-12-31": "$6", "2006-09-30": "$25", "2006-06-30": "$23", "2006-03-31": "$14", "2005-12-31": "$1", "2005-09-30": "$8", "2005-06-30": "$4", "2005-03-31": "$5"}}, "gross-profit": {"BioMarin Pharmaceutical Annual Gross Profit (Millions of US $)": {"2019": "$1,345", "2018": "$1,176", "2017": "$1,072", "2016": "$907", "2015": "$738", "2014": "$627", "2013": "$460", "2012": "$409", "2011": "$357", "2010": "$306", "2009": "$259", "2008": "$244", "2007": "$103", "2006": "$75", "2005": "$23"}, "BioMarin Pharmaceutical Quarterly Gross Profit (Millions of US $)": {"2020-09-30": "$288", "2020-06-30": "$332", "2020-03-31": "$391", "2019-12-31": "$359", "2019-09-30": "$364", "2019-06-30": "$310", "2019-03-31": "$312", "2018-12-31": "$278", "2018-09-30": "$313", "2018-06-30": "$294", "2018-03-31": "$291", "2017-12-31": "$282", "2017-09-30": "$275", "2017-06-30": "$261", "2017-03-31": "$254", "2016-12-31": "$236", "2016-09-30": "$229", "2016-06-30": "$249", "2016-03-31": "$194", "2015-12-31": "$180", "2015-09-30": "$174", "2015-06-30": "$212", "2015-03-31": "$172", "2014-12-31": "$191", "2014-09-30": "$147", "2014-06-30": "$161", "2014-03-31": "$129", "2013-12-31": "$130", "2013-09-30": "$109", "2013-06-30": "$114", "2013-03-31": "$107", "2012-12-31": "$105", "2012-09-30": "$103", "2012-06-30": "$100", "2012-03-31": "$100", "2011-12-31": "$86", "2011-09-30": "$91", "2011-06-30": "$91", "2011-03-31": "$89", "2010-12-31": "$81", "2010-09-30": "$80", "2010-06-30": "$78", "2010-03-31": "$68", "2009-12-31": "$70", "2009-09-30": "$66", "2009-06-30": "$63", "2009-03-31": "$60", "2008-12-31": "$88", "2008-09-30": "$59", "2008-06-30": "$55", "2008-03-31": "$43", "2007-12-31": "$40", "2007-09-30": "$21", "2007-06-30": "$24", "2007-03-31": "$19", "2006-12-31": "$2", "2006-09-30": "$22", "2006-06-30": "$23", "2006-03-31": "$12", "2005-12-31": "$-1", "2005-09-30": "$7", "2005-06-30": "$3", "2005-03-31": "$4"}}, "operating-income": {"BioMarin Pharmaceutical Annual Operating Income (Millions of US $)": {"2019": "$-100", "2018": "$-124", "2017": "$-15", "2016": "$-803", "2015": "$-111", "2014": "$-93", "2013": "$-156", "2012": "$-110", "2011": "$-34", "2010": "$1", "2009": "$16", "2008": "$40", "2007": "$-57", "2006": "$-43", "2005": "$-76"}, "BioMarin Pharmaceutical Quarterly Operating Income (Millions of US $)": {"2020-09-30": "$-56", "2020-06-30": "$-41", "2020-03-31": "$105", "2019-12-31": "$-9", "2019-09-30": "$4", "2019-06-30": "$-41", "2019-03-31": "$-54", "2018-12-31": "$-38", "2018-09-30": "$-16", "2018-06-30": "$-25", "2018-03-31": "$-44", "2017-12-31": "$58", "2017-09-30": "$-14", "2017-06-30": "$-39", "2017-03-31": "$-20", "2016-12-31": "$-90", "2016-09-30": "$-60", "2016-06-30": "$-573", "2016-03-31": "$-81", "2015-12-31": "$101", "2015-09-30": "$-82", "2015-06-30": "$-64", "2015-03-31": "$-66", "2014-12-31": "$-59", "2014-09-30": "$11", "2014-06-30": "$-19", "2014-03-31": "$-26", "2013-12-31": "$-52", "2013-09-30": "$-51", "2013-06-30": "$-20", "2013-03-31": "$-33", "2012-12-31": "$-47", "2012-09-30": "$-10", "2012-06-30": "$-31", "2012-03-31": "$-22", "2011-12-31": "$-21", "2011-09-30": "$-16", "2011-06-30": "$1", "2011-03-31": "$2", "2010-12-31": "$-3", "2010-09-30": "$-2", "2010-06-30": "$3", "2010-03-31": "$3", "2009-12-31": "$6", "2009-09-30": "$10", "2009-06-30": "$4", "2009-03-31": "$-4", "2008-12-31": "$32", "2008-09-30": "$2", "2008-06-30": "$5", "2008-03-31": "$1", "2007-12-31": "$-10", "2007-09-30": "$-17", "2007-06-30": "$-13", "2007-03-31": "$-17", "2006-12-31": "$-33", "2006-09-30": "$-9", "2006-06-30": "$-6", "2006-03-31": "$-11", "2005-12-31": "$1", "2005-09-30": "$-17", "2005-06-30": "$-22", "2005-03-31": "$-22"}}, "ebitda": {"BioMarin Pharmaceutical Annual EBITDA (Millions of US $)": {"2019": "$3", "2018": "$-27", "2017": "$76", "2016": "$-705", "2015": "$-61", "2014": "$-40", "2013": "$-114", "2012": "$-61", "2011": "$5", "2010": "$33", "2009": "$39", "2008": "$51", "2007": "$-56", "2006": "$-34", "2005": "$-66"}, "BioMarin Pharmaceutical Quarterly EBITDA (Millions of US $)": {"2020-09-30": "$-29", "2020-06-30": "$-16", "2020-03-31": "$131", "2019-12-31": "$17", "2019-09-30": "$34", "2019-06-30": "$-16", "2019-03-31": "$-32", "2018-12-31": "$-14", "2018-09-30": "$11", "2018-06-30": "$-5", "2018-03-31": "$-20", "2017-12-31": "$88", "2017-09-30": "$8", "2017-06-30": "$-19", "2017-03-31": "$-0", "2016-12-31": "$-69", "2016-09-30": "$-31", "2016-06-30": "$-544", "2016-03-31": "$-62", "2015-12-31": "$115", "2015-09-30": "$-69", "2015-06-30": "$-52", "2015-03-31": "$-55", "2014-12-31": "$-51", "2014-09-30": "$27", "2014-06-30": "$-3", "2014-03-31": "$-13", "2013-12-31": "$-52", "2013-09-30": "$-36", "2013-06-30": "$-6", "2013-03-31": "$-20", "2012-12-31": "$-35", "2012-09-30": "$3", "2012-06-30": "$-19", "2012-03-31": "$-10", "2011-12-31": "$-12", "2011-09-30": "$-5", "2011-06-30": "$10", "2011-03-31": "$12", "2010-12-31": "$6", "2010-09-30": "$7", "2010-06-30": "$11", "2010-03-31": "$9", "2009-12-31": "$12", "2009-09-30": "$16", "2009-06-30": "$11", "2009-03-31": "$0", "2008-12-31": "$36", "2008-09-30": "$6", "2008-06-30": "$8", "2008-03-31": "$2", "2007-12-31": "$-10", "2007-09-30": "$-17", "2007-06-30": "$-13", "2007-03-31": "$-16", "2006-12-31": "$-32", "2006-09-30": "$-6", "2006-06-30": "$-2", "2006-03-31": "$-9", "2005-12-31": "$-22", "2005-09-30": "$-14", "2005-06-30": "$-20", "2005-03-31": "$-19"}}, "net-income": {"BioMarin Pharmaceutical Annual Net Income (Millions of US $)": {"2019": "$-24", "2018": "$-77", "2017": "$-117", "2016": "$-630", "2015": "$-172", "2014": "$-134", "2013": "$-176", "2012": "$-114", "2011": "$-54", "2010": "$206", "2009": "$-0", "2008": "$31", "2007": "$-16", "2006": "$-29", "2005": "$-74"}, "BioMarin Pharmaceutical Quarterly Net Income (Millions of US $)": {"2020-09-30": "$785", "2020-06-30": "$-29", "2020-03-31": "$81", "2019-12-31": "$15", "2019-09-30": "$55", "2019-06-30": "$-37", "2019-03-31": "$-56", "2018-12-31": "$-4", "2018-09-30": "$-13", "2018-06-30": "$-17", "2018-03-31": "$-44", "2017-12-31": "$-51", "2017-09-30": "$-13", "2017-06-30": "$-37", "2017-03-31": "$-16", "2016-12-31": "$-91", "2016-09-30": "$-37", "2016-06-30": "$-419", "2016-03-31": "$-83", "2015-12-31": "$69", "2015-09-30": "$-91", "2015-06-30": "$-82", "2015-03-31": "$-68", "2014-12-31": "$-70", "2014-09-30": "$7", "2014-06-30": "$-34", "2014-03-31": "$-38", "2013-12-31": "$-62", "2013-09-30": "$-53", "2013-06-30": "$-22", "2013-03-31": "$-40", "2012-12-31": "$-53", "2012-09-30": "$-5", "2012-06-30": "$-32", "2012-03-31": "$-24", "2011-12-31": "$-27", "2011-09-30": "$-18", "2011-06-30": "$-5", "2011-03-31": "$-4", "2010-12-31": "$-12", "2010-09-30": "$217", "2010-06-30": "$-0", "2010-03-31": "$1", "2009-12-31": "$5", "2009-09-30": "$7", "2009-06-30": "$1", "2009-03-31": "$-13", "2008-12-31": "$25", "2008-09-30": "$1", "2008-06-30": "$4", "2008-03-31": "$2", "2007-12-31": "$3", "2007-09-30": "$-5", "2007-06-30": "$-4", "2007-03-31": "$-9", "2006-12-31": "$6", "2006-09-30": "$-7", "2006-06-30": "$-1", "2006-03-31": "$-10", "2005-12-31": "$1", "2005-09-30": "$-15", "2005-06-30": "$-21", "2005-03-31": "$-22"}}, "eps-earnings-per-share-diluted": {"BioMarin Pharmaceutical Annual EPS": {"2019": "$-0.13", "2018": "$-0.44", "2017": "$-0.67", "2016": "$-3.81", "2015": "$-1.07", "2014": "$-0.92", "2013": "$-1.28", "2012": "$-0.95", "2011": "$-0.48", "2010": "$1.73", "2009": "$0.00", "2008": "$0.29", "2007": "$-0.16", "2006": "$-0.34", "2005": "$-1.08"}, "BioMarin Pharmaceutical Quarterly EPS": {"2020-09-30": "$4.01", "2020-06-30": "$-0.16", "2020-03-31": "$0.44", "2019-12-31": "$0.10", "2019-09-30": "$0.30", "2019-06-30": "$-0.21", "2019-03-31": "$-0.32", "2018-12-31": "$-0.02", "2018-09-30": "$-0.07", "2018-06-30": "$-0.09", "2018-03-31": "$-0.26", "2017-12-31": "$-0.30", "2017-09-30": "$-0.07", "2017-06-30": "$-0.21", "2017-03-31": "$-0.09", "2016-12-31": "$-0.50", "2016-09-30": "$-0.22", "2016-06-30": "$-2.58", "2016-03-31": "$-0.51", "2015-12-31": "$0.47", "2015-09-30": "$-0.60", "2015-06-30": "$-0.51", "2015-03-31": "$-0.43", "2014-12-31": "$-0.47", "2014-09-30": "$0.05", "2014-06-30": "$-0.23", "2014-03-31": "$-0.27", "2013-12-31": "$-0.43", "2013-09-30": "$-0.38", "2013-06-30": "$-0.16", "2013-03-31": "$-0.31", "2012-12-31": "$-0.43", "2012-09-30": "$-0.04", "2012-06-30": "$-0.27", "2012-03-31": "$-0.21", "2011-12-31": "$-0.23", "2011-09-30": "$-0.16", "2011-06-30": "$-0.05", "2011-03-31": "$-0.04", "2010-12-31": "$0.05", "2010-09-30": "$1.68", "2010-06-30": "$-0.01", "2010-03-31": "$0.01", "2009-12-31": "$0.05", "2009-09-30": "$0.07", "2009-06-30": "$0.01", "2009-03-31": "$-0.13", "2008-12-31": "$0.22", "2008-09-30": "$0.01", "2008-06-30": "$0.04", "2008-03-31": "$0.02", "2007-12-31": "$0.03", "2007-09-30": "$-0.05", "2007-06-30": "$-0.04", "2007-03-31": "$-0.10", "2006-12-31": "$-0.11", "2006-09-30": "$-0.08", "2006-06-30": "$-0.02", "2006-03-31": "$-0.13", "2005-12-31": "$-0.19", "2005-09-30": "$-0.21", "2005-06-30": "$-0.33", "2005-03-31": "$-0.35"}}, "shares-outstanding": {"BioMarin Pharmaceutical Annual Shares Outstanding (Millions of Shares)": {"2019": "179", "2018": "177", "2017": "174", "2016": "166", "2015": "160", "2014": "146", "2013": "138", "2012": "120", "2011": "112", "2010": "126", "2009": "100", "2008": "104", "2007": "96", "2006": "85", "2005": "69"}, "BioMarin Pharmaceutical Quarterly Shares Outstanding (Millions of Shares)": {"2020-09-30": "198", "2020-06-30": "181", "2020-03-31": "187", "2019-12-31": "179", "2019-09-30": "186", "2019-06-30": "179", "2019-03-31": "178", "2018-12-31": "177", "2018-09-30": "177", "2018-06-30": "177", "2018-03-31": "176", "2017-12-31": "174", "2017-09-30": "175", "2017-06-30": "174", "2017-03-31": "173", "2016-12-31": "166", "2016-09-30": "168", "2016-06-30": "163", "2016-03-31": "162", "2015-12-31": "160", "2015-09-30": "161", "2015-06-30": "160", "2015-03-31": "158", "2014-12-31": "146", "2014-09-30": "159", "2014-06-30": "146", "2014-03-31": "144", "2013-12-31": "138", "2013-09-30": "141", "2013-06-30": "140", "2013-03-31": "128", "2012-12-31": "120", "2012-09-30": "123", "2012-06-30": "118", "2012-03-31": "115", "2011-12-31": "112", "2011-09-30": "112", "2011-06-30": "111", "2011-03-31": "111", "2010-12-31": "126", "2010-09-30": "131", "2010-06-30": "102", "2010-03-31": "104", "2009-12-31": "100", "2009-09-30": "102", "2009-06-30": "101", "2009-03-31": "100", "2008-12-31": "104", "2008-09-30": "103", "2008-06-30": "104", "2008-03-31": "104", "2007-12-31": "96", "2007-09-30": "96", "2007-06-30": "96", "2007-03-31": "95", "2006-12-31": "85", "2006-09-30": "86", "2006-06-30": "85", "2006-03-31": "75", "2005-12-31": "69", "2005-09-30": "72", "2005-06-30": "65", "2005-03-31": "65"}}, "total-assets": {"BioMarin Pharmaceutical Annual Total Assets (Millions of US $)": {"2019": "$4,690", "2018": "$4,427", "2017": "$4,633", "2016": "$4,024", "2015": "$3,729", "2014": "$2,475", "2013": "$2,244", "2012": "$1,568", "2011": "$1,306", "2010": "$1,263", "2009": "$917", "2008": "$907", "2007": "$815", "2006": "$463", "2005": "$195"}, "BioMarin Pharmaceutical Quarterly Total Assets (Millions of US $)": {"2020-09-30": "$6,158", "2020-06-30": "$5,302", "2020-03-31": "$4,723", "2019-12-31": "$4,690", "2019-09-30": "$4,558", "2019-06-30": "$4,393", "2019-03-31": "$4,435", "2018-12-31": "$4,427", "2018-09-30": "$4,695", "2018-06-30": "$4,625", "2018-03-31": "$4,597", "2017-12-31": "$4,633", "2017-09-30": "$4,581", "2017-06-30": "$4,020", "2017-03-31": "$3,939", "2016-12-31": "$4,024", "2016-09-30": "$3,842", "2016-06-30": "$3,087", "2016-03-31": "$3,667", "2015-12-31": "$3,729", "2015-09-30": "$3,625", "2015-06-30": "$3,649", "2015-03-31": "$3,659", "2014-12-31": "$2,475", "2014-09-30": "$2,440", "2014-06-30": "$2,346", "2014-03-31": "$2,341", "2013-12-31": "$2,244", "2013-09-30": "$1,621", "2013-06-30": "$1,602", "2013-03-31": "$1,598", "2012-12-31": "$1,568", "2012-09-30": "$1,567", "2012-06-30": "$1,533", "2012-03-31": "$1,297", "2011-12-31": "$1,306", "2011-09-30": "$1,295", "2011-06-30": "$1,280", "2011-03-31": "$1,264", "2010-12-31": "$1,263", "2010-09-30": "$1,245", "2010-06-30": "$986", "2010-03-31": "$966", "2009-12-31": "$917", "2009-09-30": "$869", "2009-06-30": "$844", "2009-03-31": "$900", "2008-12-31": "$907", "2008-09-30": "$859", "2008-06-30": "$855", "2008-03-31": "$828", "2007-12-31": "$815", "2007-09-30": "$791", "2007-06-30": "$782", "2007-03-31": "$450", "2006-12-31": "$463", "2006-09-30": "$467", "2006-06-30": "$469", "2006-03-31": "$488", "2005-12-31": "$195", "2005-09-30": "$209", "2005-06-30": "$167", "2005-03-31": "$181"}}, "cash-on-hand": {"BioMarin Pharmaceutical Annual Cash on Hand (Millions of US $)": {"2019": "$754", "2018": "$1,084", "2017": "$1,396", "2016": "$790", "2015": "$593", "2014": "$945", "2013": "$785", "2012": "$448", "2011": "$195", "2010": "$274", "2009": "$301", "2008": "$560", "2007": "$586", "2006": "$289", "2005": "$48"}, "BioMarin Pharmaceutical Quarterly Cash on Hand (Millions of US $)": {"2020-09-30": "$1,506", "2020-06-30": "$1,380", "2020-03-31": "$858", "2019-12-31": "$754", "2019-09-30": "$721", "2019-06-30": "$731", "2019-03-31": "$895", "2018-12-31": "$1,084", "2018-09-30": "$1,443", "2018-06-30": "$1,363", "2018-03-31": "$1,383", "2017-12-31": "$1,396", "2017-09-30": "$1,257", "2017-06-30": "$728", "2017-03-31": "$678", "2016-12-31": "$790", "2016-09-30": "$1,035", "2016-06-30": "$503", "2016-03-31": "$457", "2015-12-31": "$593", "2015-09-30": "$618", "2015-06-30": "$682", "2015-03-31": "$1,009", "2014-12-31": "$945", "2014-09-30": "$666", "2014-06-30": "$837", "2014-03-31": "$887", "2013-12-31": "$785", "2013-09-30": "$380", "2013-06-30": "$401", "2013-03-31": "$402", "2012-12-31": "$448", "2012-09-30": "$426", "2012-06-30": "$403", "2012-03-31": "$233", "2011-12-31": "$195", "2011-09-30": "$224", "2011-06-30": "$259", "2011-03-31": "$253", "2010-12-31": "$274", "2010-09-30": "$352", "2010-06-30": "$338", "2010-03-31": "$324", "2009-12-31": "$301", "2009-09-30": "$363", "2009-06-30": "$346", "2009-03-31": "$552", "2008-12-31": "$560", "2008-09-30": "$563", "2008-06-30": "$576", "2008-03-31": "$575", "2007-12-31": "$586", "2007-09-30": "$587", "2007-06-30": "$588", "2007-03-31": "$273", "2006-12-31": "$289", "2006-09-30": "$294", "2006-06-30": "$306", "2006-03-31": "$348", "2005-12-31": "$48", "2005-09-30": "$66", "2005-06-30": "$27", "2005-03-31": "$43"}}, "long-term-debt": {"BioMarin Pharmaceutical Annual Long Term Debt (Millions of US $)": {"2019": "$486", "2018": "$830", "2017": "$814", "2016": "$661", "2015": "$662", "2014": "$643", "2013": "$656", "2012": "$325", "2011": "$348", "2010": "$378", "2009": "$497", "2008": "$497", "2007": "$564", "2006": "$292", "2005": "$213"}, "BioMarin Pharmaceutical Quarterly Long Term Debt (Millions of US $)": {"2020-09-30": "$1,074", "2020-06-30": "$1,073", "2020-03-31": "$487", "2019-12-31": "$486", "2019-09-30": "$844", "2019-06-30": "$839", "2019-03-31": "$835", "2018-12-31": "$830", "2018-09-30": "$826", "2018-06-30": "$822", "2018-03-31": "$818", "2017-12-31": "$814", "2017-09-30": "$1,166", "2017-06-30": "$676", "2017-03-31": "$668", "2016-12-31": "$661", "2016-09-30": "$653", "2016-06-30": "$646", "2016-03-31": "$668", "2015-12-31": "$662", "2015-09-30": "$668", "2015-06-30": "$661", "2015-03-31": "$655", "2014-12-31": "$643", "2014-09-30": "$657", "2014-06-30": "$651", "2014-03-31": "$661", "2013-12-31": "$656", "2013-09-30": "$78", "2013-06-30": "$110", "2013-03-31": "$110", "2012-12-31": "$325", "2012-09-30": "$325", "2012-06-30": "$325", "2012-03-31": "$325", "2011-12-31": "$348", "2011-09-30": "$348", "2011-06-30": "$378", "2011-03-31": "$378", "2010-12-31": "$378", "2010-09-30": "$497", "2010-06-30": "$497", "2010-03-31": "$497", "2009-12-31": "$497", "2009-09-30": "$497", "2009-06-30": "$497", "2009-03-31": "$497", "2008-12-31": "$497", "2008-09-30": "$497", "2008-06-30": "$563", "2008-03-31": "$563", "2007-12-31": "$564", "2007-09-30": "$564", "2007-06-30": "$565", "2007-03-31": "$240", "2006-12-31": "$292", "2006-09-30": "$293", "2006-06-30": "$367", "2006-03-31": "$368", "2005-12-31": "$213", "2005-09-30": "$214", "2005-06-30": "$216", "2005-03-31": "$217"}}, "total-liabilities": {"BioMarin Pharmaceutical Annual Total Liabilities (Millions of US $)": {"2019": "$1,568", "2018": "$1,459", "2017": "$1,824", "2016": "$1,257", "2015": "$1,329", "2014": "$947", "2013": "$903", "2012": "$553", "2011": "$533", "2010": "$545", "2009": "$595", "2008": "$630", "2007": "$628", "2006": "$346", "2005": "$273"}, "BioMarin Pharmaceutical Quarterly Total Liabilities (Millions of US $)": {"2020-09-30": "$2,104", "2020-06-30": "$2,065", "2020-03-31": "$1,483", "2019-12-31": "$1,568", "2019-09-30": "$1,484", "2019-06-30": "$1,432", "2019-03-31": "$1,499", "2018-12-31": "$1,459", "2018-09-30": "$1,780", "2018-06-30": "$1,740", "2018-03-31": "$1,790", "2017-12-31": "$1,824", "2017-09-30": "$1,767", "2017-06-30": "$1,224", "2017-03-31": "$1,170", "2016-12-31": "$1,257", "2016-09-30": "$1,196", "2016-06-30": "$1,170", "2016-03-31": "$1,377", "2015-12-31": "$1,329", "2015-09-30": "$1,332", "2015-06-30": "$1,292", "2015-03-31": "$1,233", "2014-12-31": "$947", "2014-09-30": "$932", "2014-06-30": "$884", "2014-03-31": "$881", "2013-12-31": "$903", "2013-09-30": "$344", "2013-06-30": "$343", "2013-03-31": "$348", "2012-12-31": "$553", "2012-09-30": "$552", "2012-06-30": "$532", "2012-03-31": "$525", "2011-12-31": "$533", "2011-09-30": "$521", "2011-06-30": "$548", "2011-03-31": "$543", "2010-12-31": "$545", "2010-09-30": "$659", "2010-06-30": "$623", "2010-03-31": "$621", "2009-12-31": "$595", "2009-09-30": "$566", "2009-06-30": "$561", "2009-03-31": "$626", "2008-12-31": "$630", "2008-09-30": "$621", "2008-06-30": "$629", "2008-03-31": "$619", "2007-12-31": "$628", "2007-09-30": "$617", "2007-06-30": "$614", "2007-03-31": "$285", "2006-12-31": "$346", "2006-09-30": "$345", "2006-06-30": "$420", "2006-03-31": "$442", "2005-12-31": "$273", "2005-09-30": "$274", "2005-06-30": "$278", "2005-03-31": "$271"}}, "total-share-holder-equity": {"BioMarin Pharmaceutical Annual Share Holder Equity (Millions of US $)": {"2019": "$3,122", "2018": "$2,968", "2017": "$2,809", "2016": "$2,766", "2015": "$2,401", "2014": "$1,528", "2013": "$1,341", "2012": "$1,016", "2011": "$773", "2010": "$717", "2009": "$322", "2008": "$277", "2007": "$188", "2006": "$118", "2005": "$-77"}, "BioMarin Pharmaceutical Quarterly Share Holder Equity (Millions of US $)": {"2020-09-30": "$4,054", "2020-06-30": "$3,237", "2020-03-31": "$3,240", "2019-12-31": "$3,122", "2019-09-30": "$3,074", "2019-06-30": "$2,961", "2019-03-31": "$2,937", "2018-12-31": "$2,968", "2018-09-30": "$2,915", "2018-06-30": "$2,885", "2018-03-31": "$2,807", "2017-12-31": "$2,809", "2017-09-30": "$2,814", "2017-06-30": "$2,796", "2017-03-31": "$2,769", "2016-12-31": "$2,766", "2016-09-30": "$2,646", "2016-06-30": "$1,918", "2016-03-31": "$2,290", "2015-12-31": "$2,401", "2015-09-30": "$2,293", "2015-06-30": "$2,357", "2015-03-31": "$2,425", "2014-12-31": "$1,528", "2014-09-30": "$1,508", "2014-06-30": "$1,462", "2014-03-31": "$1,460", "2013-12-31": "$1,341", "2013-09-30": "$1,276", "2013-06-30": "$1,258", "2013-03-31": "$1,250", "2012-12-31": "$1,016", "2012-09-30": "$1,015", "2012-06-30": "$1,000", "2012-03-31": "$772", "2011-12-31": "$773", "2011-09-30": "$775", "2011-06-30": "$732", "2011-03-31": "$721", "2010-12-31": "$717", "2010-09-30": "$586", "2010-06-30": "$363", "2010-03-31": "$345", "2009-12-31": "$322", "2009-09-30": "$304", "2009-06-30": "$283", "2009-03-31": "$274", "2008-12-31": "$277", "2008-09-30": "$238", "2008-06-30": "$226", "2008-03-31": "$209", "2007-12-31": "$188", "2007-09-30": "$175", "2007-06-30": "$168", "2007-03-31": "$165", "2006-12-31": "$118", "2006-09-30": "$122", "2006-06-30": "$49", "2006-03-31": "$46", "2005-12-31": "$-77", "2005-09-30": "$-65", "2005-06-30": "$-110", "2005-03-31": "$-90"}}, "profit-margins": {"current": "45.74%"}, "gross margin": {"2020-09-30": "73.58%", "2020-06-30": "78.33%", "2020-03-31": "78.89%", "2019-12-31": "78.93%", "2019-09-30": "78.85%", "2019-06-30": "79.07%", "2019-03-31": "78.80%", "2018-12-31": "78.87%", "2018-09-30": "78.88%", "2018-06-30": "79.42%", "2018-03-31": "80.25%", "2017-12-31": "81.65%", "2017-09-30": "81.75%", "2017-06-30": "81.60%", "2017-03-31": "81.76%", "2016-12-31": "81.29%", "2016-09-30": "81.53%", "2016-06-30": "81.83%", "2016-03-31": "82.25%", "2015-12-31": "82.92%", "2015-09-30": "84.06%", "2015-06-30": "84.05%", "2015-03-31": "83.77%", "2014-12-31": "83.73%", "2014-09-30": "84.88%", "2014-06-30": "84.24%", "2014-03-31": "84.12%", "2013-12-31": "83.79%", "2013-09-30": "81.46%", "2013-06-30": "81.71%", "2013-03-31": "81.05%", "2012-12-31": "81.44%", "2012-09-30": "81.55%", "2012-06-30": "81.60%", "2012-03-31": "81.96%", "2011-12-31": "80.95%", "2011-09-30": "80.92%", "2011-06-30": "81.19%", "2011-03-31": "81.80%", "2010-12-31": "81.43%", "2010-09-30": "81.77%", "2010-06-30": "81.74%", "2010-03-31": "79.46%", "2009-12-31": "79.69%", "2009-09-30": "82.20%", "2009-06-30": "82.07%", "2009-03-31": "84.52%", "2008-12-31": "82.77%", "2008-09-30": "81.40%", "2008-06-30": "81.96%", "2008-03-31": "80.50%", "2007-12-31": "85.25%", "2007-09-30": "79.52%", "2007-06-30": "80.72%", "2007-03-31": "85.71%", "2006-12-31": "86.76%", "2006-09-30": "88.89%", "2006-06-30": "89.13%", "2006-03-31": "77.78%", "2005-12-31": "72.22%"}, "operating margin": {"2020-09-30": "-0.05%", "2020-06-30": "3.20%", "2020-03-31": "3.27%", "2019-12-31": "-5.87%", "2019-09-30": "-8.05%", "2019-06-30": "-9.71%", "2019-03-31": "-8.76%", "2018-12-31": "-8.25%", "2018-09-30": "-1.80%", "2018-06-30": "-1.74%", "2018-03-31": "-2.82%", "2017-12-31": "-1.14%", "2017-09-30": "-12.99%", "2017-06-30": "-17.40%", "2017-03-31": "-62.75%", "2016-12-31": "-71.98%", "2016-09-30": "-58.66%", "2016-06-30": "-65.20%", "2016-03-31": "-13.64%", "2015-12-31": "-12.47%", "2015-09-30": "-30.42%", "2015-06-30": "-20.72%", "2015-03-31": "-16.60%", "2014-12-31": "-12.40%", "2014-09-30": "-12.87%", "2014-06-30": "-23.57%", "2014-03-31": "-26.00%", "2013-12-31": "-28.42%", "2013-09-30": "-28.28%", "2013-06-30": "-20.95%", "2013-03-31": "-23.63%", "2012-12-31": "-21.96%", "2012-09-30": "-17.61%", "2012-06-30": "-19.48%", "2012-03-31": "-12.92%", "2011-12-31": "-7.71%", "2011-09-30": "-3.68%", "2011-06-30": "-0.48%", "2011-03-31": "0.00%", "2010-12-31": "0.27%", "2010-09-30": "2.76%", "2010-06-30": "6.38%", "2010-03-31": "6.85%", "2009-12-31": "4.92%", "2009-09-30": "12.46%", "2009-06-30": "10.33%", "2009-03-31": "11.29%", "2008-12-31": "13.51%", "2008-09-30": "-0.83%", "2008-06-30": "-10.82%", "2008-03-31": "-24.53%", "2007-12-31": "-46.72%", "2007-09-30": "-96.39%", "2007-06-30": "-86.75%", "2007-03-31": "-84.42%", "2006-12-31": "-86.76%", "2006-09-30": "-39.68%", "2006-06-30": "-71.74%", "2006-03-31": "-181.48%", "2005-12-31": "-333.33%"}, "ebitda margin": {"2020-09-30": "5.53%", "2020-06-30": "8.99%", "2020-03-31": "9.20%", "2019-12-31": "0.18%", "2019-09-30": "-1.75%", "2019-06-30": "-3.32%", "2019-03-31": "-2.63%", "2018-12-31": "-1.88%", "2018-09-30": "4.95%", "2018-06-30": "4.94%", "2018-03-31": "4.12%", "2017-12-31": "5.86%", "2017-09-30": "-6.37%", "2017-06-30": "-9.91%", "2017-03-31": "-54.39%", "2016-12-31": "-63.21%", "2016-09-30": "-49.95%", "2016-06-30": "-57.49%", "2016-03-31": "-7.36%", "2015-12-31": "-6.85%", "2015-09-30": "-25.48%", "2015-06-30": "-15.25%", "2015-03-31": "-10.24%", "2014-12-31": "-5.33%", "2014-09-30": "-6.14%", "2014-06-30": "-16.56%", "2014-03-31": "-18.67%", "2013-12-31": "-20.77%", "2013-09-30": "-18.16%", "2013-06-30": "-11.05%", "2013-03-31": "-13.87%", "2012-12-31": "-12.18%", "2012-09-30": "-7.97%", "2012-06-30": "-9.96%", "2012-03-31": "-3.79%", "2011-12-31": "1.13%", "2011-09-30": "5.29%", "2011-06-30": "8.33%", "2011-03-31": "8.98%", "2010-12-31": "8.75%", "2010-09-30": "10.77%", "2010-06-30": "13.91%", "2010-03-31": "14.29%", "2009-12-31": "12.00%", "2009-09-30": "18.69%", "2009-06-30": "16.11%", "2009-03-31": "16.13%", "2008-12-31": "17.57%", "2008-09-30": "2.48%", "2008-06-30": "-8.76%", "2008-03-31": "-23.90%", "2007-12-31": "-45.90%", "2007-09-30": "-93.98%", "2007-06-30": "-80.72%", "2007-03-31": "-72.73%", "2006-12-31": "-72.06%", "2006-09-30": "-61.90%", "2006-06-30": "-102.17%", "2006-03-31": "-240.74%", "2005-12-31": "-416.67%"}, "pre tax profit margin": {"2020-09-30": "-0.64%", "2020-06-30": "3.20%", "2020-03-31": "3.27%", "2019-12-31": "-5.58%", "2019-09-30": "-7.99%", "2019-06-30": "-10.23%", "2019-03-31": "-9.48%", "2018-12-31": "-9.52%", "2018-09-30": "-2.94%", "2018-06-30": "-3.20%", "2018-03-31": "-4.56%", "2017-12-31": "-2.74%", "2017-09-30": "-14.58%", "2017-06-30": "-19.07%", "2017-03-31": "-64.70%", "2016-12-31": "-74.40%", "2016-09-30": "-61.82%", "2016-06-30": "-68.69%", "2016-03-31": "-18.29%", "2015-12-31": "-17.42%", "2015-09-30": "-35.24%", "2015-06-30": "-25.73%", "2015-03-31": "-20.72%", "2014-12-31": "-16.80%", "2014-09-30": "-17.81%", "2014-06-30": "-27.71%", "2014-03-31": "-28.97%", "2013-12-31": "-32.06%", "2013-09-30": "-31.27%", "2013-06-30": "-24.19%", "2013-03-31": "-27.15%", "2012-12-31": "-23.55%", "2012-09-30": "-19.08%", "2012-06-30": "-21.43%", "2012-03-31": "-15.14%", "2011-12-31": "-9.98%", "2011-09-30": "-9.20%", "2011-06-30": "-5.95%", "2011-03-31": "-5.74%", "2010-12-31": "-5.57%", "2010-09-30": "0.55%", "2010-06-30": "4.35%", "2010-03-31": "4.76%", "2009-12-31": "0.31%", "2009-09-30": "7.12%", "2009-06-30": "5.17%", "2009-03-31": "6.13%", "2008-12-31": "11.49%", "2008-09-30": "4.13%", "2008-06-30": "2.06%", "2008-03-31": "-2.52%", "2007-12-31": "-12.30%", "2007-09-30": "-14.46%", "2007-06-30": "-16.87%", "2007-03-31": "-14.29%", "2006-12-31": "-17.65%", "2006-09-30": "-26.98%", "2006-06-30": "-54.35%", "2006-03-31": "-166.67%", "2005-12-31": "-316.67%"}, "net profit margin": {"2020-09-30": "45.76%", "2020-06-30": "6.61%", "2020-03-31": "6.32%", "2019-12-31": "-1.35%", "2019-09-30": "-2.62%", "2019-06-30": "-7.17%", "2019-03-31": "-5.92%", "2018-12-31": "-5.23%", "2018-09-30": "-8.36%", "2018-06-30": "-8.69%", "2018-03-31": "-10.49%", "2017-12-31": "-8.91%", "2017-09-30": "-12.51%", "2017-06-30": "-15.07%", "2017-03-31": "-47.55%", "2016-12-31": "-56.40%", "2016-09-30": "-44.98%", "2016-06-30": "-53.80%", "2016-03-31": "-20.24%", "2015-12-31": "-19.33%", "2015-09-30": "-34.90%", "2015-06-30": "-24.80%", "2015-03-31": "-20.60%", "2014-12-31": "-18.00%", "2014-09-30": "-19.01%", "2014-06-30": "-29.78%", "2014-03-31": "-30.54%", "2013-12-31": "-32.24%", "2013-09-30": "-31.46%", "2013-06-30": "-22.86%", "2013-03-31": "-25.39%", "2012-12-31": "-22.75%", "2012-09-30": "-18.45%", "2012-06-30": "-21.86%", "2012-03-31": "-16.48%", "2011-12-31": "-12.24%", "2011-09-30": "-8.97%", "2011-06-30": "46.67%", "2011-03-31": "50.12%", "2010-12-31": "54.64%", "2010-09-30": "61.60%", "2010-06-30": "3.77%", "2010-03-31": "4.17%", "2009-12-31": "0.00%", "2009-09-30": "5.93%", "2009-06-30": "4.26%", "2009-03-31": "5.48%", "2008-12-31": "10.81%", "2008-09-30": "4.13%", "2008-06-30": "2.06%", "2008-03-31": "-2.52%", "2007-12-31": "-12.30%", "2007-09-30": "-14.46%", "2007-06-30": "-16.87%", "2007-03-31": "-14.29%", "2006-12-31": "-17.65%", "2006-09-30": "-26.98%", "2006-06-30": "-54.35%", "2006-03-31": "-166.67%", "2005-12-31": "-316.67%"}, "pe ratio": {"current": "102.67", "2021-02-05": "19.50", "2020-09-30": "17.41", "2020-06-30": "186.88", "2020-03-31": "138.52", "2019-12-31": "0.00", "2019-09-30": "0.00", "2019-06-30": "0.00", "2019-03-31": "0.00", "2018-12-31": "0.00", "2018-09-30": "0.00", "2018-06-30": "0.00", "2018-03-31": "0.00", "2017-12-31": "0.00", "2017-09-30": "0.00", "2017-06-30": "0.00", "2017-03-31": "0.00", "2016-12-31": "0.00", "2016-09-30": "0.00", "2016-06-30": "0.00", "2016-03-31": "0.00", "2015-12-31": "0.00", "2015-09-30": "0.00", "2015-06-30": "0.00", "2015-03-31": "0.00", "2014-12-31": "0.00", "2014-09-30": "0.00", "2014-06-30": "0.00", "2014-03-31": "0.00", "2013-12-31": "0.00", "2013-09-30": "0.00", "2013-06-30": "0.00", "2013-03-31": "0.00", "2012-12-31": "0.00", "2012-09-30": "0.00", "2012-06-30": "0.00", "2012-03-31": "0.00", "2011-12-31": "0.00", "2011-09-30": "0.00", "2011-06-30": "18.39", "2011-03-31": "16.53", "2010-12-31": "17.15", "2010-09-30": "12.92", "2010-06-30": "172.36", "2010-03-31": "179.77", "2009-12-31": "0.00", "2009-09-30": "120.53", "2009-06-30": "156.10", "2009-03-31": "95.00", "2008-12-31": "63.57", "2008-09-30": "264.90", "2008-06-30": "724.50", "2008-03-31": "0.00", "2007-12-31": "0.00", "2007-09-30": "0.00", "2007-06-30": "0.00", "2007-03-31": "0.00", "2006-12-31": "0.00"}, "price sales": {"2021-02-05": "8.51", "2020-09-30": "7.60", "2020-06-30": "12.24", "2020-03-31": "8.56", "2019-12-31": "8.96", "2019-09-30": "7.58", "2019-06-30": "9.94", "2019-03-31": "10.38", "2018-12-31": "10.10", "2018-09-30": "11.42", "2018-06-30": "11.50", "2018-03-31": "10.26", "2017-12-31": "11.82", "2017-09-30": "12.76", "2017-06-30": "12.88", "2017-03-31": "12.40", "2016-12-31": "12.21", "2016-09-30": "14.45", "2016-06-30": "12.90", "2016-03-31": "14.36", "2015-12-31": "18.82", "2015-09-30": "18.44", "2015-06-30": "24.77", "2015-03-31": "23.63", "2014-12-31": "17.95", "2014-09-30": "15.91", "2014-06-30": "14.14", "2014-03-31": "16.76", "2013-12-31": "17.51", "2013-09-30": "17.82", "2013-06-30": "13.55", "2013-03-31": "14.87", "2012-12-31": "11.71", "2012-09-30": "9.90", "2012-06-30": "9.80", "2012-03-31": "8.60", "2011-12-31": "8.69", "2011-09-30": "8.38", "2011-06-30": "7.69", "2011-03-31": "7.30", "2010-12-31": "8.22", "2010-09-30": "6.70", "2010-06-30": "5.60", "2010-03-31": "7.08", "2009-12-31": "5.84", "2009-09-30": "5.46", "2009-06-30": "4.85", "2009-03-31": "4.09", "2008-12-31": "6.23", "2008-09-30": "11.19", "2008-06-30": "15.05", "2008-03-31": "21.96", "2007-12-31": "27.86", "2007-09-30": "28.60", "2007-06-30": "19.94", "2007-03-31": "19.78", "2006-12-31": "20.10"}, "price book": {"current": "3.82", "2021-02-05": "3.82", "2020-09-30": "3.41", "2020-06-30": "6.90", "2020-03-31": "4.71", "2019-12-31": "4.87", "2019-09-30": "3.94", "2019-06-30": "5.19", "2019-03-31": "5.42", "2018-12-31": "5.11", "2018-09-30": "5.92", "2018-06-30": "5.80", "2018-03-31": "5.10", "2017-12-31": "5.58", "2017-09-30": "5.81", "2017-06-30": "5.69", "2017-03-31": "5.49", "2016-12-31": "5.17", "2016-09-30": "6.00", "2016-06-30": "6.62", "2016-03-31": "5.84", "2015-12-31": "7.05", "2015-09-30": "7.41", "2015-06-30": "9.34", "2015-03-31": "8.24", "2014-12-31": "8.82", "2014-09-30": "7.05", "2014-06-30": "6.26", "2014-03-31": "6.81", "2013-12-31": "7.53", "2013-09-30": "8.04", "2013-06-30": "6.20", "2013-03-31": "6.92", "2012-12-31": "6.09", "2012-09-30": "4.91", "2012-06-30": "4.88", "2012-03-31": "5.13", "2011-12-31": "5.11", "2011-09-30": "4.70", "2011-06-30": "4.15", "2011-03-31": "3.87", "2010-12-31": "4.15", "2010-09-30": "3.91", "2010-06-30": "5.33", "2010-03-31": "6.87", "2009-12-31": "5.89", "2009-09-30": "5.99", "2009-06-30": "5.52", "2009-03-31": "4.51", "2008-12-31": "6.43", "2008-09-30": "11.10", "2008-06-30": "12.72", "2008-03-31": "16.65", "2007-12-31": "18.31", "2007-09-30": "13.79", "2007-06-30": "10.26", "2007-03-31": "10.02", "2006-12-31": "12.76", "2006-09-30": "10.64", "2006-06-30": "25.12", "2006-03-31": "24.85"}, "price fcf": {"2021-02-05": "", "2020-09-30": "$0.09", "2020-06-30": "$0.32", "2020-03-31": "$-0.37", "2019-12-31": "$-0.54", "2019-09-30": "$-0.52", "2019-06-30": "$-0.76", "2019-03-31": "$-0.76", "2018-12-31": "$-0.70", "2018-09-30": "$-0.89", "2018-06-30": "$-0.90", "2018-03-31": "$-0.74", "2017-12-31": "$-1.19", "2017-09-30": "$-1.32", "2017-06-30": "$-1.52", "2017-03-31": "$-1.79", "2016-12-31": "$-2.26", "2016-09-30": "$-2.98", "2016-06-30": "$-3.13", "2016-03-31": "$-2.98", "2015-12-31": "$-2.79", "2015-09-30": "$-2.23", "2015-06-30": "$-2.02", "2015-03-31": "$-2.09", "2014-12-31": "$-1.28", "2014-09-30": "$-1.99", "2014-06-30": "$-2.00", "2014-03-31": "$-1.74", "2013-12-31": "$-1.74", "2013-09-30": "$-0.62", "2013-06-30": "$-0.46", "2013-03-31": "$-0.45", "2012-12-31": "$-0.22", "2012-09-30": "$-0.29", "2012-06-30": "$-0.71", "2012-03-31": "$-0.52", "2011-12-31": "$-0.49", "2011-09-30": "$-0.62", "2011-06-30": "$-0.19", "2011-03-31": "$-0.23", "2010-12-31": "$-0.24", "2010-09-30": "$-0.06", "2010-06-30": "$-0.05", "2010-03-31": "$-0.14", "2009-12-31": "$-0.02", "2009-09-30": "$-0.07", "2009-06-30": "$-0.17", "2009-03-31": "$-0.21", "2008-12-31": "$-0.63", "2008-09-30": "$-0.64", "2008-06-30": "$-0.71", "2008-03-31": "$-0.77", "2007-12-31": "$-0.60", "2007-09-30": "$-0.71", "2007-06-30": "$-0.72", "2007-03-31": "$-0.89", "2006-12-31": "$-0.91"}, "net worth": {"value": "$15.47B"}, "current ratio": {"current": "3.21", "2020-09-30": "3.21", "2020-06-30": "3.26", "2020-03-31": "2.58", "2019-12-31": "2.08", "2019-09-30": "3.77", "2019-06-30": "4.11", "2019-03-31": "3.83", "2018-12-31": "3.93", "2018-09-30": "2.87", "2018-06-30": "2.83", "2018-03-31": "2.90", "2017-12-31": "2.70", "2017-09-30": "4.91", "2017-06-30": "3.90", "2017-03-31": "3.98", "2016-12-31": "3.24", "2016-09-30": "4.42", "2016-06-30": "3.03", "2016-03-31": "2.56", "2015-12-31": "2.45", "2015-09-30": "3.01", "2015-06-30": "3.49", "2015-03-31": "4.98", "2014-12-31": "5.93", "2014-09-30": "5.22", "2014-06-30": "7.32", "2014-03-31": "7.99", "2013-12-31": "6.21", "2013-09-30": "4.26", "2013-06-30": "5.07", "2013-03-31": "5.02", "2012-12-31": "4.36", "2012-09-30": "5.33", "2012-06-30": "5.68", "2012-03-31": "4.29", "2011-12-31": "4.99", "2011-09-30": "5.85", "2011-06-30": "6.27", "2011-03-31": "6.63", "2010-12-31": "6.01", "2010-09-30": "6.02", "2010-06-30": "6.22", "2010-03-31": "6.36", "2009-12-31": "5.99", "2009-09-30": "8.12", "2009-06-30": "8.45", "2009-03-31": "5.65", "2008-12-31": "5.67", "2008-09-30": "5.77", "2008-06-30": "11.07", "2008-03-31": "12.83", "2007-12-31": "10.47", "2007-09-30": "13.07", "2007-06-30": "14.39", "2007-03-31": "8.26", "2006-12-31": "7.26", "2006-09-30": "7.85", "2006-06-30": "9.07", "2006-03-31": "6.66", "2005-12-31": "1.71", "2005-09-30": "1.86", "2005-06-30": "0.90", "2005-03-31": "1.06"}, "quick ratio": {"2020-09-30": "2.39", "2020-06-30": "2.34", "2020-03-31": "1.72", "2019-12-31": "1.35", "2019-09-30": "2.53", "2019-06-30": "2.80", "2019-03-31": "2.76", "2018-12-31": "2.92", "2018-09-30": "2.27", "2018-06-30": "2.25", "2018-03-31": "2.29", "2017-12-31": "2.12", "2017-09-30": "3.81", "2017-06-30": "2.75", "2017-03-31": "2.85", "2016-12-31": "2.43", "2016-09-30": "3.50", "2016-06-30": "2.14", "2016-03-31": "1.79", "2015-12-31": "1.84", "2015-09-30": "2.34", "2015-06-30": "2.81", "2015-03-31": "4.26", "2014-12-31": "5.08", "2014-09-30": "4.23", "2014-06-30": "6.16", "2014-03-31": "6.85", "2013-12-31": "5.32", "2013-09-30": "3.37", "2013-06-30": "4.07", "2013-03-31": "4.08", "2012-12-31": "3.61", "2012-09-30": "4.44", "2012-06-30": "4.68", "2012-03-31": "3.25", "2011-12-31": "3.61", "2011-09-30": "4.46", "2011-06-30": "4.90", "2011-03-31": "5.18", "2010-12-31": "4.71", "2010-09-30": "5.02", "2010-06-30": "5.22", "2010-03-31": "5.35", "2009-12-31": "4.98", "2009-09-30": "6.94", "2009-06-30": "7.23", "2009-03-31": "5.04", "2008-12-31": "5.11", "2008-09-30": "5.21", "2008-06-30": "10.09", "2008-03-31": "11.80", "2007-12-31": "9.94", "2007-09-30": "12.43", "2007-06-30": "13.70", "2007-03-31": "7.55", "2006-12-31": "6.71", "2006-09-30": "7.25", "2006-06-30": "8.44", "2006-03-31": "6.34", "2005-12-31": "1.44", "2005-09-30": "1.68", "2005-06-30": "0.82", "2005-03-31": "1.01"}, "debt equity ratio": {"current": "0.26", "2020-09-30": "0.52", "2020-06-30": "0.64", "2020-03-31": "0.46", "2019-12-31": "0.50", "2019-09-30": "0.48", "2019-06-30": "0.48", "2019-03-31": "0.51", "2018-12-31": "0.49", "2018-09-30": "0.61", "2018-06-30": "0.60", "2018-03-31": "0.64", "2017-12-31": "0.65", "2017-09-30": "0.63", "2017-06-30": "0.44", "2017-03-31": "0.42", "2016-12-31": "0.46", "2016-09-30": "0.45", "2016-06-30": "0.61", "2016-03-31": "0.60", "2015-12-31": "0.55", "2015-09-30": "0.58", "2015-06-30": "0.55", "2015-03-31": "0.51", "2014-12-31": "0.62", "2014-09-30": "0.62", "2014-06-30": "0.60", "2014-03-31": "0.60", "2013-12-31": "0.67", "2013-09-30": "0.27", "2013-06-30": "0.27", "2013-03-31": "0.28", "2012-12-31": "0.54", "2012-09-30": "0.54", "2012-06-30": "0.53", "2012-03-31": "0.68", "2011-12-31": "0.69", "2011-09-30": "0.67", "2011-06-30": "0.75", "2011-03-31": "0.75", "2010-12-31": "0.76", "2010-09-30": "1.13", "2010-06-30": "1.72", "2010-03-31": "1.80", "2009-12-31": "1.85", "2009-09-30": "1.86", "2009-06-30": "1.98", "2009-03-31": "2.29", "2008-12-31": "2.28", "2008-09-30": "2.61", "2008-06-30": "2.78", "2008-03-31": "2.96", "2007-12-31": "3.34", "2007-09-30": "3.53", "2007-06-30": "3.66", "2007-03-31": "1.73", "2006-12-31": "2.93", "2006-09-30": "2.83", "2006-06-30": "8.59", "2006-03-31": "9.61", "2005-12-31": "-3.52", "2005-09-30": "-4.19", "2005-06-30": "-2.51", "2005-03-31": "-3.01"}, "return on equity": {"2020-09-30": "24.96%", "2020-06-30": "3.85%", "2020-03-31": "3.68%", "2019-12-31": "-0.76%", "2019-09-30": "-1.41%", "2019-06-30": "-3.73%", "2019-03-31": "-3.08%", "2018-12-31": "-2.70%", "2018-09-30": "-4.38%", "2018-06-30": "-4.42%", "2018-03-31": "-5.17%", "2017-12-31": "-4.18%", "2017-09-30": "-5.63%", "2017-06-30": "-6.60%", "2017-03-31": "-22.30%", "2016-12-31": "-26.20%", "2016-09-30": "-20.31%", "2016-06-30": "-23.55%", "2016-03-31": "-8.01%", "2015-12-31": "-7.26%", "2015-09-30": "-14.46%", "2015-06-30": "-10.90%", "2015-03-31": "-9.53%", "2014-12-31": "-9.06%", "2014-09-30": "-8.80%", "2014-06-30": "-13.50%", "2014-03-31": "-13.12%", "2013-12-31": "-13.81%", "2013-09-30": "-14.00%", "2013-06-30": "-10.58%", "2013-03-31": "-12.15%", "2012-12-31": "-11.99%", "2012-09-30": "-9.89%", "2012-06-30": "-12.17%", "2012-03-31": "-9.70%", "2011-12-31": "-7.20%", "2011-09-30": "-5.30%", "2011-06-30": "28.45%", "2011-03-31": "33.68%", "2010-12-31": "40.97%", "2010-09-30": "55.20%", "2010-06-30": "3.90%", "2010-03-31": "4.47%", "2009-12-31": "0.00%", "2009-09-30": "7.03%", "2009-06-30": "5.22%", "2009-03-31": "6.70%", "2008-12-31": "13.47%", "2008-09-30": "4.65%", "2008-06-30": "2.01%", "2008-03-31": "-2.16%", "2007-12-31": "-8.62%", "2007-09-30": "-7.67%", "2007-06-30": "-9.77%", "2007-03-31": "-9.69%", "2006-12-31": "-14.33%", "2006-09-30": "-48.57%", "2006-06-30": "212.77%", "2006-03-31": "87.38%", "2005-12-31": "66.67%"}, "return on assets": {"2020-09-30": "16.33%", "2020-06-30": "2.53%", "2020-03-31": "2.48%", "2019-12-31": "-0.51%", "2019-09-30": "-0.94%", "2019-06-30": "-2.45%", "2019-03-31": "-1.98%", "2018-12-31": "-1.70%", "2018-09-30": "-2.70%", "2018-06-30": "-2.71%", "2018-03-31": "-3.25%", "2017-12-31": "-2.73%", "2017-09-30": "-3.79%", "2017-06-30": "-4.58%", "2017-03-31": "-15.12%", "2016-12-31": "-17.24%", "2016-09-30": "-13.12%", "2016-06-30": "-14.86%", "2016-03-31": "-5.10%", "2015-12-31": "-4.69%", "2015-09-30": "-9.28%", "2015-06-30": "-6.97%", "2015-03-31": "-6.04%", "2014-12-31": "-5.62%", "2014-09-30": "-5.42%", "2014-06-30": "-8.75%", "2014-03-31": "-8.97%", "2013-12-31": "-10.02%", "2013-09-30": "-10.52%", "2013-06-30": "-7.58%", "2013-03-31": "-8.30%", "2012-12-31": "-7.64%", "2012-09-30": "-6.17%", "2012-06-30": "-7.44%", "2012-03-31": "-5.72%", "2011-12-31": "-4.20%", "2011-09-30": "-3.06%", "2011-06-30": "15.52%", "2011-03-31": "16.90%", "2010-12-31": "18.48%", "2010-09-30": "21.68%", "2010-06-30": "1.39%", "2010-03-31": "1.56%", "2009-12-31": "0.00%", "2009-09-30": "2.27%", "2009-06-30": "1.60%", "2009-03-31": "1.93%", "2008-12-31": "3.71%", "2008-09-30": "1.19%", "2008-06-30": "0.49%", "2008-03-31": "-0.50%", "2007-12-31": "-2.11%", "2007-09-30": "-1.93%", "2007-06-30": "-2.59%", "2007-03-31": "-2.38%", "2006-12-31": "-2.54%", "2006-09-30": "-4.20%", "2006-06-30": "-7.35%", "2006-03-31": "-17.00%", "2005-12-31": "-30.32%"}, "return on investments": {"2020-09-30": "-0.02%", "2020-06-30": "1.52%", "2020-03-31": "1.57%", "2019-12-31": "-2.65%", "2019-09-30": "-3.38%", "2019-06-30": "-3.94%", "2019-03-31": "-3.54%", "2018-12-31": "-3.31%", "2018-09-30": "-0.73%", "2018-06-30": "-0.67%", "2018-03-31": "-1.06%", "2017-12-31": "-0.41%", "2017-09-30": "-4.55%", "2017-06-30": "-6.13%", "2017-03-31": "-23.35%", "2016-12-31": "-26.26%", "2016-09-30": "-20.63%", "2016-06-30": "-22.00%", "2016-03-31": "-4.20%", "2015-12-31": "-3.66%", "2015-09-30": "-9.65%", "2015-06-30": "-6.82%", "2015-03-31": "-5.58%", "2014-12-31": "-4.34%", "2014-09-30": "-4.10%", "2014-06-30": "-7.80%", "2014-03-31": "-8.71%", "2013-12-31": "-10.26%", "2013-09-30": "-11.14%", "2013-06-30": "-8.13%", "2013-03-31": "-9.02%", "2012-12-31": "-8.62%", "2012-09-30": "-6.88%", "2012-06-30": "-7.72%", "2012-03-31": "-5.21%", "2011-12-31": "-3.05%", "2011-09-30": "-1.45%", "2011-06-30": "-0.18%", "2011-03-31": "0.00%", "2010-12-31": "0.10%", "2010-09-30": "1.11%", "2010-06-30": "2.65%", "2010-03-31": "2.84%", "2009-12-31": "2.02%", "2009-09-30": "5.37%", "2009-06-30": "4.44%", "2009-03-31": "4.56%", "2008-12-31": "5.21%", "2008-09-30": "-0.26%", "2008-06-30": "-2.75%", "2008-03-31": "-5.21%", "2007-12-31": "-8.68%", "2007-09-30": "-14.00%", "2007-06-30": "-14.68%", "2007-03-31": "-15.80%", "2006-12-31": "-14.26%", "2006-09-30": "-7.25%", "2006-06-30": "-11.85%", "2006-03-31": "-24.38%", "2005-12-31": "-46.42%"}, "return on tangible equity": {"2020-09-30": "30.68%", "2020-06-30": "4.84%", "2020-03-31": "4.67%", "2019-12-31": "-0.98%", "2019-09-30": "-1.82%", "2019-06-30": "-4.87%", "2019-03-31": "-4.03%", "2018-12-31": "-3.55%", "2018-09-30": "-5.81%", "2018-06-30": "-5.91%", "2018-03-31": "-6.95%", "2017-12-31": "-5.66%", "2017-09-30": "-7.67%", "2017-06-30": "-9.06%", "2017-03-31": "-31.81%", "2016-12-31": "-42.21%", "2016-09-30": "-34.34%", "2016-06-30": "-44.06%", "2016-03-31": "-15.47%", "2015-12-31": "-13.19%", "2015-09-30": "-24.82%", "2015-06-30": "-16.58%", "2015-03-31": "-12.81%", "2014-12-31": "-10.60%", "2014-09-30": "-10.36%", "2014-06-30": "-16.03%", "2014-03-31": "-15.71%", "2013-12-31": "-16.71%", "2013-09-30": "-17.16%", "2013-06-30": "-13.13%", "2013-03-31": "-15.28%", "2012-12-31": "-15.57%", "2012-09-30": "-13.19%", "2012-06-30": "-16.21%", "2012-03-31": "-12.93%", "2011-12-31": "-9.37%", "2011-09-30": "-6.71%", "2011-06-30": "36.79%", "2011-03-31": "44.72%", "2010-12-31": "56.44%", "2010-09-30": "77.10%", "2010-06-30": "5.16%", "2010-03-31": "5.49%", "2009-12-31": "0.00%", "2009-09-30": "7.77%", "2009-06-30": "5.82%", "2009-03-31": "7.53%", "2008-12-31": "15.31%", "2008-09-30": "5.37%", "2008-06-30": "2.36%", "2008-03-31": "-2.59%", "2007-12-31": "-10.49%", "2007-09-30": "-9.60%", "2007-06-30": "-12.64%", "2007-03-31": "-13.75%", "2006-12-31": "-24.37%", "2006-09-30": "3400.00%", "2006-06-30": "52.08%", "2006-03-31": "50.85%", "2005-12-31": "46.34%"}, "dividend yield history": {"last payout": "$0.00", "last yield": "0.00%"}}