{"ticker": "BK", "price": {"title": "Bank Of New York Mellon Historical Annual Stock Price Data", "value": 42.13, "historical": {"2021": {"Average Stock Price": "42.8350", "Year Open": "41.6900", "Year High": "46.5600", "Year Low": "39.8200", "Year Close": "42.1300", "Annual % Change": "-0.73%"}, "2020": {"Average Stock Price": "38.3066", "Year Open": "50.9200", "Year High": "51.4800", "Year Low": "27.4900", "Year Close": "42.4400", "Annual % Change": "-15.68%"}, "2019": {"Average Stock Price": "47.6522", "Year Open": "47.5000", "Year High": "53.9800", "Year Low": "40.9500", "Year Close": "50.3300", "Annual % Change": "6.93%"}, "2018": {"Average Stock Price": "52.9839", "Year Open": "53.8200", "Year High": "58.4200", "Year Low": "44.4900", "Year Close": "47.0700", "Annual % Change": "-12.61%"}, "2017": {"Average Stock Price": "50.0983", "Year Open": "47.9600", "Year High": "54.9700", "Year Low": "43.8700", "Year Close": "53.8600", "Annual % Change": "13.68%"}, "2016": {"Average Stock Price": "40.2992", "Year Open": "39.9700", "Year High": "49.1700", "Year Low": "32.7400", "Year Close": "47.3800", "Annual % Change": "14.94%"}, "2015": {"Average Stock Price": "41.3072", "Year Open": "40.4600", "Year High": "45.2600", "Year Low": "35.6600", "Year Close": "41.2200", "Annual % Change": "1.60%"}, "2014": {"Average Stock Price": "36.4559", "Year Open": "34.5600", "Year High": "41.5300", "Year Low": "30.9100", "Year Close": "40.5700", "Annual % Change": "16.11%"}, "2013": {"Average Stock Price": "29.9107", "Year Open": "26.8800", "Year High": "34.9400", "Year Low": "26.0400", "Year Close": "34.9400", "Annual % Change": "35.95%"}, "2012": {"Average Stock Price": "22.6106", "Year Open": "20.5100", "Year High": "26.2000", "Year Low": "19.5100", "Year Close": "25.7000", "Annual % Change": "29.08%"}, "2011": {"Average Stock Price": "25.0150", "Year Open": "30.8100", "Year High": "32.3700", "Year Low": "17.7000", "Year Close": "19.9100", "Annual % Change": "-34.07%"}, "2010": {"Average Stock Price": "27.7661", "Year Open": "28.2900", "Year High": "32.5400", "Year Low": "24.1600", "Year Close": "30.2000", "Annual % Change": "7.97%"}, "2009": {"Average Stock Price": "27.3292", "Year Open": "28.5200", "Year High": "32.5600", "Year Low": "18.0200", "Year Close": "27.9700", "Annual % Change": "-1.27%"}, "2008": {"Average Stock Price": "38.0262", "Year Open": "47.1300", "Year High": "49.1700", "Year Low": "22.6600", "Year Close": "28.3300", "Annual % Change": "-41.90%"}, "2007": {"Average Stock Price": "42.8218", "Year Open": "39.6900", "Year High": "49.8200", "Year Low": "38.1100", "Year Close": "48.7600", "Annual % Change": "23.85%"}, "2006": {"Average Stock Price": "34.3745", "Year Open": "32.5100", "Year High": "39.9300", "Year Low": "31.1600", "Year Close": "39.3700", "Annual % Change": "23.61%"}, "2005": {"Average Stock Price": "30.2127", "Year Open": "33.1100", "Year High": "33.3100", "Year Low": "27.2500", "Year Close": "31.8500", "Annual % Change": "-4.70%"}, "2004": {"Average Stock Price": "30.9947", "Year Open": "32.8100", "Year High": "34.7100", "Year Low": "27.5500", "Year Close": "33.4200", "Annual % Change": "0.91%"}, "2003": {"Average Stock Price": "27.9691", "Year Open": "25.2200", "Year High": "33.2800", "Year Low": "19.9800", "Year Close": "33.1200", "Annual % Change": "38.23%"}, "2002": {"Average Stock Price": "33.7050", "Year Open": "40.9900", "Year High": "45.3500", "Year Low": "20.8500", "Year Close": "23.9600", "Annual % Change": "-41.27%"}, "2001": {"Average Stock Price": "45.4583", "Year Open": "55.0000", "Year High": "56.2500", "Year Low": "30.6200", "Year Close": "40.8000", "Annual % Change": "-26.07%"}, "2000": {"Average Stock Price": "46.5131", "Year Open": "37.0000", "Year High": "59.2500", "Year Low": "31.0000", "Year Close": "55.1900", "Annual % Change": "37.98%"}, "1999": {"Average Stock Price": "37.2112", "Year Open": "39.5600", "Year High": "44.8100", "Year Low": "32.3100", "Year Close": "40.0000", "Annual % Change": "-0.62%"}, "1998": {"Average Stock Price": "30.5993", "Year Open": "28.5950", "Year High": "40.2500", "Year Low": "24.5000", "Year Close": "40.2500", "Annual % Change": "39.25%"}, "1997": {"Average Stock Price": "22.1721", "Year Open": "16.6250", "Year High": "29.2500", "Year Low": "16.5650", "Year Close": "28.9050", "Annual % Change": "71.29%"}, "1996": {"Average Stock Price": "13.8169", "Year Open": "12.1250", "Year High": "17.6900", "Year Low": "11.0000", "Year Close": "16.8750", "Annual % Change": "38.46%"}, "1995": {"Average Stock Price": "9.7701", "Year Open": "7.3750", "Year High": "12.1875", "Year Low": "7.2500", "Year Close": "12.1875", "Annual % Change": "65.25%"}, "1994": {"Average Stock Price": "7.2942", "Year Open": "7.1400", "Year High": "8.1575", "Year Low": "6.2663", "Year Close": "7.3750", "Annual % Change": "3.51%"}, "1993": {"Average Stock Price": "6.9482", "Year Open": "6.6725", "Year High": "7.7188", "Year Low": "6.4688", "Year Close": "7.1250", "Annual % Change": "5.79%"}, "1992": {"Average Stock Price": "5.2593", "Year Open": "3.9213", "Year High": "6.8275", "Year Low": "3.9063", "Year Close": "6.7350", "Annual % Change": "74.54%"}, "1991": {"Average Stock Price": "3.5670", "Year Open": "2.2500", "Year High": "4.4688", "Year Low": "2.0625", "Year Close": "3.8588", "Annual % Change": "73.91%"}, "1990": {"Average Stock Price": "3.5576", "Year Open": "5.1100", "Year High": "5.1875", "Year Low": "1.7338", "Year Close": "2.2188", "Annual % Change": "-55.90%"}, "1989": {"Average Stock Price": "5.7261", "Year Open": "4.5938", "Year High": "6.8750", "Year Low": "4.5938", "Year Close": "5.0313", "Annual % Change": "8.78%"}, "1988": {"Average Stock Price": "4.1293", "Year Open": "3.4063", "Year High": "4.6250", "Year Low": "3.4063", "Year Close": "4.6250", "Annual % Change": "43.69%"}, "1987": {"Average Stock Price": "4.8705", "Year Open": "4.9375", "Year High": "5.6713", "Year Low": "3.1250", "Year Close": "3.2188", "Annual % Change": "-33.77%"}, "1986": {"Average Stock Price": "5.0671", "Year Open": "4.2917", "Year High": "5.7917", "Year Low": "4.1567", "Year Close": "4.8600", "Annual % Change": "13.51%"}, "1985": {"Average Stock Price": "3.5249", "Year Open": "2.9900", "Year High": "4.3125", "Year Low": "2.9058", "Year Close": "4.2817", "Annual % Change": "44.74%"}, "1984": {"Average Stock Price": "2.5327", "Year Open": "2.6875", "Year High": "3.0108", "Year Low": "2.2083", "Year Close": "2.9583", "Annual % Change": "8.39%"}, "1983": {"Average Stock Price": "2.4126", "Year Open": "2.0367", "Year High": "2.7500", "Year Low": "1.9792", "Year Close": "2.7292", "Annual % Change": "32.00%"}, "1982": {"Average Stock Price": "1.7760", "Year Open": "1.8071", "Year High": "2.3175", "Year Low": "1.5158", "Year Close": "2.0675", "Annual % Change": "15.72%"}, "1981": {"Average Stock Price": "1.5858", "Year Open": "1.4479", "Year High": "1.9271", "Year Low": "1.3696", "Year Close": "1.7867", "Annual % Change": "23.40%"}, "1980": {"Average Stock Price": "1.3995", "Year Open": "1.4792", "Year High": "1.5263", "Year Low": "1.1304", "Year Close": "1.4479", "Annual % Change": "-2.12%"}, "1979": {"Average Stock Price": "1.4282", "Year Open": "1.3854", "Year High": "1.7083", "Year Low": "1.3179", "Year Close": "1.4792", "Annual % Change": "7.19%"}, "1978": {"Average Stock Price": "1.3673", "Year Open": "1.2554", "Year High": "1.5675", "Year Low": "1.2500", "Year Close": "1.3800", "Annual % Change": "8.13%"}, "1977": {"Average Stock Price": "1.4216", "Year Open": "1.5571", "Year High": "1.5675", "Year Low": "1.2396", "Year Close": "1.2763", "Annual % Change": "-15.80%"}, "1976": {"Average Stock Price": "1.3248", "Year Open": "1.2188", "Year High": "1.5158", "Year Low": "1.2083", "Year Close": "1.5158", "Annual % Change": "25.45%"}, "1975": {"Average Stock Price": "1.2218", "Year Open": "1.0571", "Year High": "1.4063", "Year Low": "1.0467", "Year Close": "1.2083", "Annual % Change": "20.18%"}, "1974": {"Average Stock Price": "1.2159", "Year Open": "1.2658", "Year High": "1.5158", "Year Low": "0.9271", "Year Close": "1.0054", "Annual % Change": "-20.57%"}}}, "market cap": {"value": "$37.18B"}, "income statement": {"Revenue": {"2020-12-31": "12831.00000", "2019-12-31": "20822.00000", "2018-12-31": "19213.00000", "2017-12-31": "16617.00000", "2016-12-31": "15674.00000", "2015-12-31": "15494.00000", "2014-12-31": "16046.00000", "2013-12-31": "15391.00000", "2012-12-31": "15144.00000", "2011-12-31": "15334.00000", "2010-12-31": "14420.00000", "2009-12-31": "8247.00000", "2008-12-31": "16238.00000", "2007-12-31": "14723.00000", "2006-12-31": "9079.00000", "2005-12-31": "7384.00000"}, "Cost Of Goods Sold": {"2020-12-31": "", "2019-12-31": "4360.00000", "2018-12-31": "2821.00000", "2017-12-31": "1074.00000", "2016-12-31": "437.00000", "2015-12-31": "300.00000", "2014-12-31": "354.00000", "2013-12-31": "343.00000", "2012-12-31": "534.00000", "2011-12-31": "604.00000", "2010-12-31": "545.00000", "2009-12-31": "593.00000", "2008-12-31": "2665.00000", "2007-12-31": "3425.00000", "2006-12-31": "2241.00000", "2005-12-31": "1329.00000"}, "Gross Profit": {"2020-12-31": "12831.00000", "2019-12-31": "16462.00000", "2018-12-31": "16392.00000", "2017-12-31": "15543.00000", "2016-12-31": "15237.00000", "2015-12-31": "15194.00000", "2014-12-31": "15692.00000", "2013-12-31": "15048.00000", "2012-12-31": "14610.00000", "2011-12-31": "14730.00000", "2010-12-31": "13875.00000", "2009-12-31": "7654.00000", "2008-12-31": "13573.00000", "2007-12-31": "11298.00000", "2006-12-31": "6838.00000", "2005-12-31": "6055.00000"}, "Research And Development Expenses": {"2020-12-31": "", "2019-12-31": "", "2018-12-31": "", "2017-12-31": "", "2016-12-31": "", "2015-12-31": "", "2014-12-31": "", "2013-12-31": "", "2012-12-31": "", "2011-12-31": "", "2010-12-31": "", "2009-12-31": "", "2008-12-31": "", "2007-12-31": "", "2006-12-31": "", "2005-12-31": ""}, "SG&A Expenses": {"2020-12-31": "11236.00000", "2019-12-31": "10758.00000", "2018-12-31": "11020.00000", "2017-12-31": "10724.00000", "2016-12-31": "10275.00000", "2015-12-31": "10613.00000", "2014-12-31": "10701.00000", "2013-12-31": "10859.00000", "2012-12-31": "10310.00000", "2011-12-31": "10295.00000", "2010-12-31": "9376.00000", "2009-12-31": "9053.00000", "2008-12-31": "10490.00000", "2007-12-31": "7365.00000", "2006-12-31": "4486.00000", "2005-12-31": "4037.00000"}, "Other Operating Income Or Expenses": {"2020-12-31": "", "2019-12-31": "", "2018-12-31": "", "2017-12-31": "", "2016-12-31": "", "2015-12-31": "", "2014-12-31": "", "2013-12-31": "", "2012-12-31": "", "2011-12-31": "", "2010-12-31": "", "2009-12-31": "", "2008-12-31": "", "2007-12-31": "", "2006-12-31": "", "2005-12-31": ""}, "Operating Expenses": {"2020-12-31": "11340.00000", "2019-12-31": "15235.00000", "2018-12-31": "14021.00000", "2017-12-31": "12007.00000", "2016-12-31": "10949.00000", "2015-12-31": "11174.00000", "2014-12-31": "11353.00000", "2013-12-31": "11544.00000", "2012-12-31": "11228.00000", "2011-12-31": "11327.00000", "2010-12-31": "10342.00000", "2009-12-31": "10072.00000", "2008-12-31": "13628.00000", "2007-12-31": "11104.00000", "2006-12-31": "6803.00000", "2005-12-31": "5406.00000"}, "Operating Income": {"2020-12-31": "1491.00000", "2019-12-31": "5587.00000", "2018-12-31": "5192.00000", "2017-12-31": "4610.00000", "2016-12-31": "4725.00000", "2015-12-31": "4320.00000", "2014-12-31": "4693.00000", "2013-12-31": "3847.00000", "2012-12-31": "3916.00000", "2011-12-31": "4007.00000", "2010-12-31": "4078.00000", "2009-12-31": "-1825.00000", "2008-12-31": "2610.00000", "2007-12-31": "3619.00000", "2006-12-31": "2276.00000", "2005-12-31": "1978.00000"}, "Total Non-Operating Income/Expense": {"2020-12-31": "", "2019-12-31": "", "2018-12-31": "", "2017-12-31": "", "2016-12-31": "", "2015-12-31": "-85.00000", "2014-12-31": "-1130.00000", "2013-12-31": "-70.00000", "2012-12-31": "-559.00000", "2011-12-31": "-390.00000", "2010-12-31": "-384.00000", "2009-12-31": "-383.00000", "2008-12-31": "-664.00000", "2007-12-31": "-404.00000", "2006-12-31": "-106.00000", "2005-12-31": ""}, "Pre-Tax Income": {"2020-12-31": "4468.00000", "2019-12-31": "5587.00000", "2018-12-31": "5192.00000", "2017-12-31": "4610.00000", "2016-12-31": "4725.00000", "2015-12-31": "4235.00000", "2014-12-31": "3563.00000", "2013-12-31": "3777.00000", "2012-12-31": "3357.00000", "2011-12-31": "3617.00000", "2010-12-31": "3694.00000", "2009-12-31": "-2208.00000", "2008-12-31": "1946.00000", "2007-12-31": "3215.00000", "2006-12-31": "2170.00000", "2005-12-31": "1978.00000"}, "Income Taxes": {"2020-12-31": "842.00000", "2019-12-31": "1120.00000", "2018-12-31": "938.00000", "2017-12-31": "496.00000", "2016-12-31": "1177.00000", "2015-12-31": "1013.00000", "2014-12-31": "912.00000", "2013-12-31": "1592.00000", "2012-12-31": "842.00000", "2011-12-31": "1048.00000", "2010-12-31": "1047.00000", "2009-12-31": "-1395.00000", "2008-12-31": "491.00000", "2007-12-31": "987.00000", "2006-12-31": "694.00000", "2005-12-31": "635.00000"}, "Income After Taxes": {"2020-12-31": "3626.00000", "2019-12-31": "4467.00000", "2018-12-31": "4254.00000", "2017-12-31": "4114.00000", "2016-12-31": "3548.00000", "2015-12-31": "3222.00000", "2014-12-31": "2651.00000", "2013-12-31": "2185.00000", "2012-12-31": "2515.00000", "2011-12-31": "2569.00000", "2010-12-31": "2647.00000", "2009-12-31": "-813.00000", "2008-12-31": "1455.00000", "2007-12-31": "2228.00000", "2006-12-31": "1476.00000", "2005-12-31": "1343.00000"}, "Other Income": {"2020-12-31": "", "2019-12-31": "", "2018-12-31": "", "2017-12-31": "", "2016-12-31": "", "2015-12-31": "", "2014-12-31": "", "2013-12-31": "", "2012-12-31": "", "2011-12-31": "", "2010-12-31": "", "2009-12-31": "", "2008-12-31": "", "2007-12-31": "", "2006-12-31": "", "2005-12-31": ""}, "Income From Continuous Operations": {"2020-12-31": "3626.00000", "2019-12-31": "4467.00000", "2018-12-31": "4254.00000", "2017-12-31": "4114.00000", "2016-12-31": "3548.00000", "2015-12-31": "3222.00000", "2014-12-31": "2651.00000", "2013-12-31": "2185.00000", "2012-12-31": "2515.00000", "2011-12-31": "2569.00000", "2010-12-31": "2647.00000", "2009-12-31": "-813.00000", "2008-12-31": "1455.00000", "2007-12-31": "2228.00000", "2006-12-31": "1476.00000", "2005-12-31": "1343.00000"}, "Income From Discontinued Operations": {"2020-12-31": "", "2019-12-31": "", "2018-12-31": "", "2017-12-31": "", "2016-12-31": "", "2015-12-31": "", "2014-12-31": "", "2013-12-31": "", "2012-12-31": "", "2011-12-31": "", "2010-12-31": "-66.00000", "2009-12-31": "-270.00000", "2008-12-31": "14.00000", "2007-12-31": "10.00000", "2006-12-31": "1371.00000", "2005-12-31": "228.00000"}, "Net Income": {"2020-12-31": "3423.00000", "2019-12-31": "4254.00000", "2018-12-31": "4070.00000", "2017-12-31": "3872.00000", "2016-12-31": "3425.00000", "2015-12-31": "3010.00000", "2014-12-31": "2451.00000", "2013-12-31": "2002.00000", "2012-12-31": "2389.00000", "2011-12-31": "2480.00000", "2010-12-31": "2495.00000", "2009-12-31": "-1367.00000", "2008-12-31": "1386.00000", "2007-12-31": "2039.00000", "2006-12-31": "2847.00000", "2005-12-31": "1571.00000"}, "EBITDA": {"2020-12-31": "", "2019-12-31": "", "2018-12-31": "", "2017-12-31": "", "2016-12-31": "", "2015-12-31": "", "2014-12-31": "", "2013-12-31": "", "2012-12-31": "", "2011-12-31": "", "2010-12-31": "", "2009-12-31": "", "2008-12-31": "", "2007-12-31": "", "2006-12-31": "", "2005-12-31": ""}, "EBIT": {"2020-12-31": "", "2019-12-31": "", "2018-12-31": "", "2017-12-31": "", "2016-12-31": "", "2015-12-31": "", "2014-12-31": "", "2013-12-31": "", "2012-12-31": "", "2011-12-31": "", "2010-12-31": "", "2009-12-31": "", "2008-12-31": "", "2007-12-31": "", "2006-12-31": "", "2005-12-31": ""}, "Basic Shares Outstanding": {"2020-12-31": "890.83900", "2019-12-31": "939.62300", "2018-12-31": "1002.92200", "2017-12-31": "1034.28100", "2016-12-31": "1066.28600", "2015-12-31": "1104.71900", "2014-12-31": "1129.89700", "2013-12-31": "1150.68900", "2012-12-31": "1176.48500", "2011-12-31": "1220.80400", "2010-12-31": "1212.63000", "2009-12-31": "1178.90700", "2008-12-31": "1142.23900", "2007-12-31": "923.19900", "2006-12-31": "713.79500", "2005-12-31": "721.66600"}, "Shares Outstanding": {"2020-12-31": "892.51400", "2019-12-31": "943.10900", "2018-12-31": "1007.14100", "2017-12-31": "1040.29000", "2016-12-31": "1072.01300", "2015-12-31": "1112.51100", "2014-12-31": "1137.48000", "2013-12-31": "1154.44100", "2012-12-31": "1178.43000", "2011-12-31": "1223.02600", "2010-12-31": "1216.21400", "2009-12-31": "1178.90700", "2008-12-31": "1148.35800", "2007-12-31": "930.67600", "2006-12-31": "722.40700", "2005-12-31": "729.10800"}, "Basic EPS": {"2020-12-31": "3.84000", "2019-12-31": "4.53000", "2018-12-31": "4.06000", "2017-12-31": "3.74000", "2016-12-31": "3.16000", "2015-12-31": "2.73000", "2014-12-31": "2.17000", "2013-12-31": "1.74000", "2012-12-31": "2.03000", "2011-12-31": "2.03000", "2010-12-31": "2.06000", "2009-12-31": "-1.16000", "2008-12-31": "1.20000", "2007-12-31": "2.19000", "2006-12-31": "3.99000", "2005-12-31": "2.18000"}, "EPS - Earnings Per Share": {"2020-12-31": "3.83000", "2019-12-31": "4.51000", "2018-12-31": "4.04000", "2017-12-31": "3.72000", "2016-12-31": "3.15000", "2015-12-31": "2.71000", "2014-12-31": "2.15000", "2013-12-31": "1.73000", "2012-12-31": "2.03000", "2011-12-31": "2.03000", "2010-12-31": "2.05000", "2009-12-31": "-1.16000", "2008-12-31": "1.20000", "2007-12-31": "2.17000", "2006-12-31": "3.94000", "2005-12-31": "2.16000"}}, "income statement, quarterly": {"Revenue": {"2020-12-31": "3163.00000", "2020-09-30": "3964.00000", "2020-06-30": "4173.00000", "2020-03-31": "4864.00000", "2019-12-31": "5684.00000", "2019-09-30": "5073.00000", "2019-06-30": "5087.00000", "2019-03-31": "4978.00000", "2018-12-31": "4986.00000", "2018-09-30": "4812.00000", "2018-06-30": "4775.00000", "2018-03-31": "4640.00000", "2017-12-31": "4096.00000", "2017-09-30": "4328.00000", "2017-06-30": "4182.00000", "2017-03-31": "4011.00000", "2016-12-31": "3887.00000", "2016-09-30": "4041.00000", "2016-06-30": "3899.00000", "2016-03-31": "3847.00000", "2015-12-31": "3800.00000", "2015-09-30": "3869.00000", "2015-06-30": "3954.00000", "2015-03-31": "3871.00000", "2014-12-31": "3779.00000", "2014-09-30": "4699.00000", "2014-06-30": "3837.00000", "2014-03-31": "3731.00000", "2013-12-31": "3696.00000", "2013-09-30": "3866.00000", "2013-06-30": "4104.00000", "2013-03-31": "3725.00000", "2012-12-31": "3735.00000", "2012-09-30": "3803.00000", "2012-06-30": "3758.00000", "2012-03-31": "3793.00000", "2011-12-31": "3685.00000", "2011-09-30": "3847.00000", "2011-06-30": "4006.00000", "2011-03-31": "3796.00000", "2010-12-31": "3944.00000", "2010-09-30": "3564.00000", "2010-06-30": "3482.00000", "2010-03-31": "3477.00000", "2009-12-31": "3449.00000", "2009-09-30": "-1394.00000", "2009-06-30": "3102.00000", "2009-03-31": "3115.00000", "2008-12-31": "3367.00000", "2008-09-30": "4238.00000", "2008-06-30": "4054.00000", "2008-03-31": "4636.00000", "2007-12-31": "4833.00000", "2007-09-30": "4709.00000", "2007-06-30": "2742.00000", "2007-03-31": "2496.00000", "2006-12-31": "2498.00000", "2006-09-30": "2223.00000", "2006-06-30": "2280.00000", "2006-03-31": "2078.00000", "2005-12-31": "1774.00000", "2005-09-30": "1878.00000", "2005-06-30": "1828.00000", "2005-03-31": "1904.00000"}, "Cost Of Goods Sold": {"2020-12-31": "", "2020-09-30": "117.00000", "2020-06-30": "163.00000", "2020-03-31": "756.00000", "2019-12-31": "906.00000", "2019-09-30": "1212.00000", "2019-06-30": "1163.00000", "2019-03-31": "1079.00000", "2018-12-31": "979.00000", "2018-09-30": "743.00000", "2018-06-30": "637.00000", "2018-03-31": "462.00000", "2017-12-31": "368.00000", "2017-09-30": "312.00000", "2017-06-30": "226.00000", "2017-03-31": "168.00000", "2016-12-31": "97.00000", "2016-09-30": "100.00000", "2016-06-30": "123.00000", "2016-03-31": "117.00000", "2015-12-31": "74.00000", "2015-09-30": "79.00000", "2015-06-30": "68.00000", "2015-03-31": "79.00000", "2014-12-31": "90.00000", "2014-09-30": "88.00000", "2014-06-30": "92.00000", "2014-03-31": "84.00000", "2013-12-31": "85.00000", "2013-09-30": "83.00000", "2013-06-30": "79.00000", "2013-03-31": "96.00000", "2012-12-31": "118.00000", "2012-09-30": "128.00000", "2012-06-30": "141.00000", "2012-03-31": "147.00000", "2011-12-31": "145.00000", "2011-09-30": "153.00000", "2011-06-30": "156.00000", "2011-03-31": "150.00000", "2010-12-31": "193.00000", "2010-09-30": "141.00000", "2010-06-30": "140.00000", "2010-03-31": "118.00000", "2009-12-31": "130.00000", "2009-09-30": "113.00000", "2009-06-30": "145.00000", "2009-03-31": "204.00000", "2008-12-31": "481.00000", "2008-09-30": "631.00000", "2008-06-30": "677.00000", "2008-03-31": "889.00000", "2007-12-31": "1037.00000", "2007-09-30": "1109.00000", "2007-06-30": "710.00000", "2007-03-31": "594.00000", "2006-12-31": "606.00000", "2006-09-30": "609.00000", "2006-06-30": "552.00000", "2006-03-31": "474.00000", "2005-12-31": "406.00000", "2005-09-30": "347.00000", "2005-06-30": "305.00000", "2005-03-31": "271.00000"}, "Gross Profit": {"2020-12-31": "3163.00000", "2020-09-30": "3847.00000", "2020-06-30": "4010.00000", "2020-03-31": "4108.00000", "2019-12-31": "4778.00000", "2019-09-30": "3861.00000", "2019-06-30": "3924.00000", "2019-03-31": "3899.00000", "2018-12-31": "4007.00000", "2018-09-30": "4069.00000", "2018-06-30": "4138.00000", "2018-03-31": "4178.00000", "2017-12-31": "3728.00000", "2017-09-30": "4016.00000", "2017-06-30": "3956.00000", "2017-03-31": "3843.00000", "2016-12-31": "3790.00000", "2016-09-30": "3941.00000", "2016-06-30": "3776.00000", "2016-03-31": "3730.00000", "2015-12-31": "3726.00000", "2015-09-30": "3790.00000", "2015-06-30": "3886.00000", "2015-03-31": "3792.00000", "2014-12-31": "3689.00000", "2014-09-30": "4611.00000", "2014-06-30": "3745.00000", "2014-03-31": "3647.00000", "2013-12-31": "3611.00000", "2013-09-30": "3783.00000", "2013-06-30": "4025.00000", "2013-03-31": "3629.00000", "2012-12-31": "3617.00000", "2012-09-30": "3675.00000", "2012-06-30": "3617.00000", "2012-03-31": "3646.00000", "2011-12-31": "3540.00000", "2011-09-30": "3694.00000", "2011-06-30": "3850.00000", "2011-03-31": "3646.00000", "2010-12-31": "3751.00000", "2010-09-30": "3423.00000", "2010-06-30": "3342.00000", "2010-03-31": "3359.00000", "2009-12-31": "3319.00000", "2009-09-30": "-1507.00000", "2009-06-30": "2957.00000", "2009-03-31": "2911.00000", "2008-12-31": "2886.00000", "2008-09-30": "3607.00000", "2008-06-30": "3377.00000", "2008-03-31": "3747.00000", "2007-12-31": "3796.00000", "2007-09-30": "3600.00000", "2007-06-30": "2032.00000", "2007-03-31": "1902.00000", "2006-12-31": "1892.00000", "2006-09-30": "1614.00000", "2006-06-30": "1728.00000", "2006-03-31": "1604.00000", "2005-12-31": "1368.00000", "2005-09-30": "1531.00000", "2005-06-30": "1523.00000", "2005-03-31": "1633.00000"}, "Research And Development Expenses": {"2020-12-31": "", "2020-09-30": "", "2020-06-30": "", "2020-03-31": "", "2019-12-31": "", "2019-09-30": "", "2019-06-30": "", "2019-03-31": "", "2018-12-31": "", "2018-09-30": "", "2018-06-30": "", "2018-03-31": "", "2017-12-31": "", "2017-09-30": "", "2017-06-30": "", "2017-03-31": "", "2016-12-31": "", "2016-09-30": "", "2016-06-30": "", "2016-03-31": "", "2015-12-31": "", "2015-09-30": "", "2015-06-30": "", "2015-03-31": "", "2014-12-31": "", "2014-09-30": "", "2014-06-30": "", "2014-03-31": "", "2013-12-31": "", "2013-09-30": "", "2013-06-30": "", "2013-03-31": "", "2012-12-31": "", "2012-09-30": "", "2012-06-30": "", "2012-03-31": "", "2011-12-31": "", "2011-09-30": "", "2011-06-30": "", "2011-03-31": "", "2010-12-31": "", "2010-09-30": "", "2010-06-30": "", "2010-03-31": "", "2009-12-31": "", "2009-09-30": "", "2009-06-30": "", "2009-03-31": "", "2008-12-31": "", "2008-09-30": "", "2008-06-30": "", "2008-03-31": "", "2007-12-31": "", "2007-09-30": "", "2007-06-30": "", "2007-03-31": "", "2006-12-31": "", "2006-09-30": "", "2006-06-30": "", "2006-03-31": "", "2005-12-31": "", "2005-09-30": "", "2005-06-30": "", "2005-03-31": ""}, "SG&A Expenses": {"2020-12-31": "2914.00000", "2020-09-30": "2664.00000", "2020-06-30": "2803.00000", "2020-03-31": "2855.00000", "2019-12-31": "2928.00000", "2019-09-30": "2544.00000", "2019-06-30": "2609.00000", "2019-03-31": "2677.00000", "2018-12-31": "2952.00000", "2018-09-30": "2687.00000", "2018-06-30": "2696.00000", "2018-03-31": "2685.00000", "2017-12-31": "2948.00000", "2017-09-30": "2596.00000", "2017-06-30": "2595.00000", "2017-03-31": "2585.00000", "2016-12-31": "2571.00000", "2016-09-30": "2545.00000", "2016-06-30": "2545.00000", "2016-03-31": "2565.00000", "2015-12-31": "2773.00000", "2015-09-30": "2604.00000", "2015-06-30": "2597.00000", "2015-03-31": "2639.00000", "2014-12-31": "2652.00000", "2014-09-30": "2654.00000", "2014-06-30": "2737.00000", "2014-03-31": "2658.00000", "2013-12-31": "2799.00000", "2013-09-30": "2684.00000", "2013-06-30": "2697.00000", "2013-03-31": "2679.00000", "2012-12-31": "2622.00000", "2012-09-30": "2579.00000", "2012-06-30": "2553.00000", "2012-03-31": "2556.00000", "2011-12-31": "2606.00000", "2011-09-30": "2551.00000", "2011-06-30": "2645.00000", "2011-03-31": "2578.00000", "2010-12-31": "2602.00000", "2010-09-30": "2407.00000", "2010-06-30": "2239.00000", "2010-03-31": "2345.00000", "2009-12-31": "2349.00000", "2009-09-30": "2305.00000", "2009-06-30": "2271.00000", "2009-03-31": "2154.00000", "2008-12-31": "2536.00000", "2008-09-30": "3113.00000", "2008-06-30": "2484.00000", "2008-03-31": "2380.00000", "2007-12-31": "2514.00000", "2007-09-30": "2357.00000", "2007-06-30": "1298.00000", "2007-03-31": "1214.00000", "2006-12-31": "1219.00000", "2006-09-30": "1089.00000", "2006-06-30": "1122.00000", "2006-03-31": "1056.00000", "2005-12-31": "939.00000", "2005-09-30": "1031.00000", "2005-06-30": "1008.00000", "2005-03-31": "1059.00000"}, "Other Operating Income Or Expenses": {"2020-12-31": "", "2020-09-30": "", "2020-06-30": "", "2020-03-31": "", "2019-12-31": "", "2019-09-30": "", "2019-06-30": "", "2019-03-31": "", "2018-12-31": "", "2018-09-30": "", "2018-06-30": "", "2018-03-31": "", "2017-12-31": "", "2017-09-30": "", "2017-06-30": "", "2017-03-31": "", "2016-12-31": "", "2016-09-30": "", "2016-06-30": "", "2016-03-31": "", "2015-12-31": "", "2015-09-30": "", "2015-06-30": "", "2015-03-31": "", "2014-12-31": "", "2014-09-30": "", "2014-06-30": "", "2014-03-31": "", "2013-12-31": "", "2013-09-30": "", "2013-06-30": "", "2013-03-31": "", "2012-12-31": "", "2012-09-30": "", "2012-06-30": "", "2012-03-31": "", "2011-12-31": "", "2011-09-30": "", "2011-06-30": "", "2011-03-31": "", "2010-12-31": "", "2010-09-30": "", "2010-06-30": "", "2010-03-31": "", "2009-12-31": "", "2009-09-30": "", "2009-06-30": "", "2009-03-31": "", "2008-12-31": "", "2008-09-30": "", "2008-06-30": "", "2008-03-31": "", "2007-12-31": "", "2007-09-30": "", "2007-06-30": "", "2007-03-31": "", "2006-12-31": "", "2006-09-30": "", "2006-06-30": "", "2006-03-31": "", "2005-12-31": "", "2005-09-30": "", "2005-06-30": "", "2005-03-31": ""}, "Operating Expenses": {"2020-12-31": "2940.00000", "2020-09-30": "2807.00000", "2020-06-30": "2992.00000", "2020-03-31": "3637.00000", "2019-12-31": "3862.00000", "2019-09-30": "3786.00000", "2019-06-30": "3802.00000", "2019-03-31": "3785.00000", "2018-12-31": "3966.00000", "2018-09-30": "3478.00000", "2018-06-30": "3381.00000", "2018-03-31": "3196.00000", "2017-12-31": "3368.00000", "2017-09-30": "2960.00000", "2017-06-30": "2874.00000", "2017-03-31": "2805.00000", "2016-12-31": "2728.00000", "2016-09-30": "2706.00000", "2016-06-30": "2727.00000", "2016-03-31": "2739.00000", "2015-12-31": "2911.00000", "2015-09-30": "2749.00000", "2015-06-30": "2730.00000", "2015-03-31": "2784.00000", "2014-12-31": "2815.00000", "2014-09-30": "2817.00000", "2014-06-30": "2904.00000", "2014-03-31": "2817.00000", "2013-12-31": "2966.00000", "2013-09-30": "2848.00000", "2013-06-30": "2869.00000", "2013-03-31": "2861.00000", "2012-12-31": "2836.00000", "2012-09-30": "2802.00000", "2012-06-30": "2791.00000", "2012-03-31": "2799.00000", "2011-12-31": "2857.00000", "2011-09-30": "2810.00000", "2011-06-30": "2909.00000", "2011-03-31": "2836.00000", "2010-12-31": "2910.00000", "2010-09-30": "2659.00000", "2010-06-30": "2477.00000", "2010-03-31": "2560.00000", "2009-12-31": "2586.00000", "2009-09-30": "2522.00000", "2009-06-30": "2524.00000", "2009-03-31": "2465.00000", "2008-12-31": "3133.00000", "2008-09-30": "3862.00000", "2008-06-30": "3284.00000", "2008-03-31": "3391.00000", "2007-12-31": "3682.00000", "2007-09-30": "3597.00000", "2007-06-30": "2037.00000", "2007-03-31": "1836.00000", "2006-12-31": "1859.00000", "2006-09-30": "1712.00000", "2006-06-30": "1689.00000", "2006-03-31": "1543.00000", "2005-12-31": "1357.00000", "2005-09-30": "1388.00000", "2005-06-30": "1323.00000", "2005-03-31": "1338.00000"}, "Operating Income": {"2020-12-31": "223.00000", "2020-09-30": "1157.00000", "2020-06-30": "1181.00000", "2020-03-31": "1227.00000", "2019-12-31": "1822.00000", "2019-09-30": "1287.00000", "2019-06-30": "1285.00000", "2019-03-31": "1193.00000", "2018-12-31": "1020.00000", "2018-09-30": "1334.00000", "2018-06-30": "1394.00000", "2018-03-31": "1444.00000", "2017-12-31": "728.00000", "2017-09-30": "1368.00000", "2017-06-30": "1308.00000", "2017-03-31": "1206.00000", "2016-12-31": "1159.00000", "2016-09-30": "1335.00000", "2016-06-30": "1172.00000", "2016-03-31": "1108.00000", "2015-12-31": "889.00000", "2015-09-30": "1120.00000", "2015-06-30": "1224.00000", "2015-03-31": "1087.00000", "2014-12-31": "964.00000", "2014-09-30": "1882.00000", "2014-06-30": "933.00000", "2014-03-31": "914.00000", "2013-12-31": "730.00000", "2013-09-30": "1018.00000", "2013-06-30": "1235.00000", "2013-03-31": "864.00000", "2012-12-31": "899.00000", "2012-09-30": "1001.00000", "2012-06-30": "967.00000", "2012-03-31": "994.00000", "2011-12-31": "828.00000", "2011-09-30": "1037.00000", "2011-06-30": "1097.00000", "2011-03-31": "960.00000", "2010-12-31": "1034.00000", "2010-09-30": "905.00000", "2010-06-30": "1005.00000", "2010-03-31": "917.00000", "2009-12-31": "863.00000", "2009-09-30": "-3916.00000", "2009-06-30": "578.00000", "2009-03-31": "650.00000", "2008-12-31": "234.00000", "2008-09-30": "376.00000", "2008-06-30": "770.00000", "2008-03-31": "1245.00000", "2007-12-31": "1151.00000", "2007-09-30": "1112.00000", "2007-06-30": "705.00000", "2007-03-31": "660.00000", "2006-12-31": "639.00000", "2006-09-30": "511.00000", "2006-06-30": "591.00000", "2006-03-31": "535.00000", "2005-12-31": "417.00000", "2005-09-30": "490.00000", "2005-06-30": "505.00000", "2005-03-31": "566.00000"}, "Total Non-Operating Income/Expense": {"2020-12-31": "", "2020-09-30": "", "2020-06-30": "", "2020-03-31": "", "2019-12-31": "", "2019-09-30": "", "2019-06-30": "", "2019-03-31": "", "2018-12-31": "", "2018-09-30": "", "2018-06-30": "", "2018-03-31": "", "2017-12-31": "", "2017-09-30": "", "2017-06-30": "", "2017-03-31": "", "2016-12-31": "-7.00000", "2016-09-30": "-18.00000", "2016-06-30": "-7.00000", "2016-03-31": "-17.00000", "2015-12-31": "-18.00000", "2015-09-30": "-11.00000", "2015-06-30": "-59.00000", "2015-03-31": "3.00000", "2014-12-31": "-800.00000", "2014-09-30": "-220.00000", "2014-06-30": "-122.00000", "2014-03-31": "12.00000", "2013-12-31": "-2.00000", "2013-09-30": "-16.00000", "2013-06-30": "-13.00000", "2013-03-31": "-39.00000", "2012-12-31": "-46.00000", "2012-09-30": "-26.00000", "2012-06-30": "-378.00000", "2012-03-31": "-109.00000", "2011-12-31": "-139.00000", "2011-09-30": "-92.00000", "2011-06-30": "-63.00000", "2011-03-31": "-11.00000", "2010-12-31": "-64.00000", "2010-09-30": "-71.00000", "2010-06-30": "1.00000", "2010-03-31": "-33.00000", "2009-12-31": "-191.00000", "2009-09-30": "-49.00000", "2009-06-30": "-65.00000", "2009-03-31": "-78.00000", "2008-12-31": "-278.00000", "2008-09-30": "-111.00000", "2008-06-30": "-149.00000", "2008-03-31": "-126.00000", "2007-12-31": "-124.00000", "2007-09-30": "-218.00000", "2007-06-30": "-47.00000", "2007-03-31": "-15.00000", "2006-12-31": "-17.00000", "2006-09-30": "-89.00000", "2006-06-30": "", "2006-03-31": "", "2005-12-31": "", "2005-09-30": "", "2005-06-30": "", "2005-03-31": ""}, "Pre-Tax Income": {"2020-12-31": "903.00000", "2020-09-30": "1157.00000", "2020-06-30": "1181.00000", "2020-03-31": "1227.00000", "2019-12-31": "1822.00000", "2019-09-30": "1287.00000", "2019-06-30": "1285.00000", "2019-03-31": "1193.00000", "2018-12-31": "1020.00000", "2018-09-30": "1334.00000", "2018-06-30": "1394.00000", "2018-03-31": "1444.00000", "2017-12-31": "728.00000", "2017-09-30": "1368.00000", "2017-06-30": "1308.00000", "2017-03-31": "1206.00000", "2016-12-31": "1152.00000", "2016-09-30": "1317.00000", "2016-06-30": "1165.00000", "2016-03-31": "1091.00000", "2015-12-31": "871.00000", "2015-09-30": "1109.00000", "2015-06-30": "1165.00000", "2015-03-31": "1090.00000", "2014-12-31": "164.00000", "2014-09-30": "1662.00000", "2014-06-30": "811.00000", "2014-03-31": "926.00000", "2013-12-31": "728.00000", "2013-09-30": "1002.00000", "2013-06-30": "1222.00000", "2013-03-31": "825.00000", "2012-12-31": "853.00000", "2012-09-30": "975.00000", "2012-06-30": "589.00000", "2012-03-31": "885.00000", "2011-12-31": "689.00000", "2011-09-30": "945.00000", "2011-06-30": "1034.00000", "2011-03-31": "949.00000", "2010-12-31": "970.00000", "2010-09-30": "834.00000", "2010-06-30": "1006.00000", "2010-03-31": "884.00000", "2009-12-31": "672.00000", "2009-09-30": "-3965.00000", "2009-06-30": "513.00000", "2009-03-31": "572.00000", "2008-12-31": "-44.00000", "2008-09-30": "265.00000", "2008-06-30": "621.00000", "2008-03-31": "1119.00000", "2007-12-31": "1027.00000", "2007-09-30": "894.00000", "2007-06-30": "658.00000", "2007-03-31": "645.00000", "2006-12-31": "622.00000", "2006-09-30": "422.00000", "2006-06-30": "591.00000", "2006-03-31": "535.00000", "2005-12-31": "417.00000", "2005-09-30": "490.00000", "2005-06-30": "505.00000", "2005-03-31": "566.00000"}, "Income Taxes": {"2020-12-31": "148.00000", "2020-09-30": "213.00000", "2020-06-30": "216.00000", "2020-03-31": "265.00000", "2019-12-31": "373.00000", "2019-09-30": "246.00000", "2019-06-30": "264.00000", "2019-03-31": "237.00000", "2018-12-31": "150.00000", "2018-09-30": "220.00000", "2018-06-30": "286.00000", "2018-03-31": "282.00000", "2017-12-31": "-453.00000", "2017-09-30": "348.00000", "2017-06-30": "332.00000", "2017-03-31": "269.00000", "2016-12-31": "280.00000", "2016-09-30": "324.00000", "2016-06-30": "290.00000", "2016-03-31": "283.00000", "2015-12-31": "175.00000", "2015-09-30": "282.00000", "2015-06-30": "276.00000", "2015-03-31": "280.00000", "2014-12-31": "-93.00000", "2014-09-30": "556.00000", "2014-06-30": "217.00000", "2014-03-31": "232.00000", "2013-12-31": "172.00000", "2013-09-30": "19.00000", "2013-06-30": "339.00000", "2013-03-31": "1062.00000", "2012-12-31": "207.00000", "2012-09-30": "225.00000", "2012-06-30": "93.00000", "2012-03-31": "254.00000", "2011-12-31": "211.00000", "2011-09-30": "281.00000", "2011-06-30": "277.00000", "2011-03-31": "279.00000", "2010-12-31": "265.00000", "2010-09-30": "220.00000", "2010-06-30": "304.00000", "2010-03-31": "258.00000", "2009-12-31": "-41.00000", "2009-09-30": "-1527.00000", "2009-06-30": "12.00000", "2009-03-31": "161.00000", "2008-12-31": "-135.00000", "2008-09-30": "-42.00000", "2008-06-30": "312.00000", "2008-03-31": "361.00000", "2007-12-31": "327.00000", "2007-09-30": "252.00000", "2007-06-30": "210.00000", "2007-03-31": "208.00000", "2006-12-31": "195.00000", "2006-09-30": "124.00000", "2006-06-30": "200.00000", "2006-03-31": "175.00000", "2005-12-31": "129.00000", "2005-09-30": "157.00000", "2005-06-30": "162.00000", "2005-03-31": "187.00000"}, "Income After Taxes": {"2020-12-31": "755.00000", "2020-09-30": "944.00000", "2020-06-30": "965.00000", "2020-03-31": "962.00000", "2019-12-31": "1449.00000", "2019-09-30": "1041.00000", "2019-06-30": "1021.00000", "2019-03-31": "956.00000", "2018-12-31": "870.00000", "2018-09-30": "1114.00000", "2018-06-30": "1108.00000", "2018-03-31": "1162.00000", "2017-12-31": "1181.00000", "2017-09-30": "1020.00000", "2017-06-30": "976.00000", "2017-03-31": "937.00000", "2016-12-31": "872.00000", "2016-09-30": "993.00000", "2016-06-30": "875.00000", "2016-03-31": "808.00000", "2015-12-31": "696.00000", "2015-09-30": "827.00000", "2015-06-30": "889.00000", "2015-03-31": "810.00000", "2014-12-31": "257.00000", "2014-09-30": "1106.00000", "2014-06-30": "594.00000", "2014-03-31": "694.00000", "2013-12-31": "556.00000", "2013-09-30": "983.00000", "2013-06-30": "883.00000", "2013-03-31": "-237.00000", "2012-12-31": "646.00000", "2012-09-30": "750.00000", "2012-06-30": "496.00000", "2012-03-31": "631.00000", "2011-12-31": "478.00000", "2011-09-30": "664.00000", "2011-06-30": "757.00000", "2011-03-31": "670.00000", "2010-12-31": "705.00000", "2010-09-30": "614.00000", "2010-06-30": "702.00000", "2010-03-31": "626.00000", "2009-12-31": "713.00000", "2009-09-30": "-2438.00000", "2009-06-30": "501.00000", "2009-03-31": "411.00000", "2008-12-31": "91.00000", "2008-09-30": "307.00000", "2008-06-30": "309.00000", "2008-03-31": "758.00000", "2007-12-31": "700.00000", "2007-09-30": "642.00000", "2007-06-30": "448.00000", "2007-03-31": "437.00000", "2006-12-31": "427.00000", "2006-09-30": "298.00000", "2006-06-30": "391.00000", "2006-03-31": "360.00000", "2005-12-31": "288.00000", "2005-09-30": "333.00000", "2005-06-30": "343.00000", "2005-03-31": "379.00000"}, "Other Income": {"2020-12-31": "", "2020-09-30": "", "2020-06-30": "", "2020-03-31": "", "2019-12-31": "", "2019-09-30": "", "2019-06-30": "", "2019-03-31": "", "2018-12-31": "", "2018-09-30": "", "2018-06-30": "", "2018-03-31": "", "2017-12-31": "", "2017-09-30": "", "2017-06-30": "", "2017-03-31": "", "2016-12-31": "", "2016-09-30": "", "2016-06-30": "", "2016-03-31": "", "2015-12-31": "", "2015-09-30": "", "2015-06-30": "", "2015-03-31": "", "2014-12-31": "", "2014-09-30": "", "2014-06-30": "", "2014-03-31": "", "2013-12-31": "", "2013-09-30": "", "2013-06-30": "", "2013-03-31": "", "2012-12-31": "", "2012-09-30": "", "2012-06-30": "", "2012-03-31": "", "2011-12-31": "", "2011-09-30": "", "2011-06-30": "", "2011-03-31": "", "2010-12-31": "", "2010-09-30": "", "2010-06-30": "", "2010-03-31": "", "2009-12-31": "", "2009-09-30": "", "2009-06-30": "", "2009-03-31": "", "2008-12-31": "", "2008-09-30": "", "2008-06-30": "", "2008-03-31": "", "2007-12-31": "", "2007-09-30": "", "2007-06-30": "", "2007-03-31": "", "2006-12-31": "", "2006-09-30": "", "2006-06-30": "", "2006-03-31": "", "2005-12-31": "", "2005-09-30": "", "2005-06-30": "", "2005-03-31": ""}, "Income From Continuous Operations": {"2020-12-31": "755.00000", "2020-09-30": "944.00000", "2020-06-30": "965.00000", "2020-03-31": "962.00000", "2019-12-31": "1449.00000", "2019-09-30": "1041.00000", "2019-06-30": "1021.00000", "2019-03-31": "956.00000", "2018-12-31": "870.00000", "2018-09-30": "1114.00000", "2018-06-30": "1108.00000", "2018-03-31": "1162.00000", "2017-12-31": "1181.00000", "2017-09-30": "1020.00000", "2017-06-30": "976.00000", "2017-03-31": "937.00000", "2016-12-31": "872.00000", "2016-09-30": "993.00000", "2016-06-30": "875.00000", "2016-03-31": "808.00000", "2015-12-31": "696.00000", "2015-09-30": "827.00000", "2015-06-30": "889.00000", "2015-03-31": "810.00000", "2014-12-31": "257.00000", "2014-09-30": "1106.00000", "2014-06-30": "594.00000", "2014-03-31": "694.00000", "2013-12-31": "556.00000", "2013-09-30": "983.00000", "2013-06-30": "883.00000", "2013-03-31": "-237.00000", "2012-12-31": "646.00000", "2012-09-30": "750.00000", "2012-06-30": "496.00000", "2012-03-31": "631.00000", "2011-12-31": "478.00000", "2011-09-30": "664.00000", "2011-06-30": "757.00000", "2011-03-31": "670.00000", "2010-12-31": "705.00000", "2010-09-30": "614.00000", "2010-06-30": "702.00000", "2010-03-31": "626.00000", "2009-12-31": "713.00000", "2009-09-30": "-2438.00000", "2009-06-30": "501.00000", "2009-03-31": "411.00000", "2008-12-31": "91.00000", "2008-09-30": "307.00000", "2008-06-30": "309.00000", "2008-03-31": "758.00000", "2007-12-31": "700.00000", "2007-09-30": "642.00000", "2007-06-30": "448.00000", "2007-03-31": "437.00000", "2006-12-31": "427.00000", "2006-09-30": "298.00000", "2006-06-30": "391.00000", "2006-03-31": "360.00000", "2005-12-31": "288.00000", "2005-09-30": "333.00000", "2005-06-30": "343.00000", "2005-03-31": "379.00000"}, "Income From Discontinued Operations": {"2020-12-31": "", "2020-09-30": "", "2020-06-30": "", "2020-03-31": "", "2019-12-31": "", "2019-09-30": "", "2019-06-30": "", "2019-03-31": "", "2018-12-31": "", "2018-09-30": "", "2018-06-30": "", "2018-03-31": "", "2017-12-31": "", "2017-09-30": "", "2017-06-30": "", "2017-03-31": "", "2016-12-31": "", "2016-09-30": "", "2016-06-30": "", "2016-03-31": "", "2015-12-31": "", "2015-09-30": "", "2015-06-30": "", "2015-03-31": "", "2014-12-31": "", "2014-09-30": "", "2014-06-30": "", "2014-03-31": "", "2013-12-31": "", "2013-09-30": "", "2013-06-30": "", "2013-03-31": "", "2012-12-31": "", "2012-09-30": "", "2012-06-30": "", "2012-03-31": "", "2011-12-31": "", "2011-09-30": "", "2011-06-30": "", "2011-03-31": "", "2010-12-31": "-11.00000", "2010-09-30": "-3.00000", "2010-06-30": "-10.00000", "2010-03-31": "-42.00000", "2009-12-31": "-119.00000", "2009-09-30": "-19.00000", "2009-06-30": "-91.00000", "2009-03-31": "-41.00000", "2008-12-31": "1.00000", "2008-09-30": "0.00000", "2008-06-30": "6.00000", "2008-03-31": "-3.00000", "2007-12-31": "0.00000", "2007-09-30": "-2.00000", "2007-06-30": "-3.00000", "2007-03-31": "-3.00000", "2006-12-31": "1362.00000", "2006-09-30": "54.00000", "2006-06-30": "57.00000", "2006-03-31": "62.00000", "2005-12-31": "117.00000", "2005-09-30": "56.00000", "2005-06-30": "55.00000", "2005-03-31": ""}, "Net Income": {"2020-12-31": "702.00000", "2020-09-30": "875.00000", "2020-06-30": "900.00000", "2020-03-31": "941.00000", "2019-12-31": "1385.00000", "2019-09-30": "999.00000", "2019-06-30": "965.00000", "2019-03-31": "905.00000", "2018-12-31": "827.00000", "2018-09-30": "1068.00000", "2018-06-30": "1048.00000", "2018-03-31": "1127.00000", "2017-12-31": "1118.00000", "2017-09-30": "983.00000", "2017-06-30": "913.00000", "2017-03-31": "866.00000", "2016-12-31": "809.00000", "2016-09-30": "959.00000", "2016-06-30": "812.00000", "2016-03-31": "793.00000", "2015-12-31": "628.00000", "2015-09-30": "814.00000", "2015-06-30": "821.00000", "2015-03-31": "754.00000", "2014-12-31": "205.00000", "2014-09-30": "1050.00000", "2014-06-30": "544.00000", "2014-03-31": "648.00000", "2013-12-31": "503.00000", "2013-09-30": "944.00000", "2013-06-30": "816.00000", "2013-03-31": "-269.00000", "2012-12-31": "613.00000", "2012-09-30": "709.00000", "2012-06-30": "458.00000", "2012-03-31": "617.00000", "2011-12-31": "500.00000", "2011-09-30": "640.00000", "2011-06-30": "727.00000", "2011-03-31": "613.00000", "2010-12-31": "679.00000", "2010-09-30": "622.00000", "2010-06-30": "658.00000", "2010-03-31": "559.00000", "2009-12-31": "593.00000", "2009-09-30": "-2458.00000", "2009-06-30": "176.00000", "2009-03-31": "322.00000", "2008-12-31": "28.00000", "2008-09-30": "303.00000", "2008-06-30": "309.00000", "2008-03-31": "746.00000", "2007-12-31": "520.00000", "2007-09-30": "640.00000", "2007-06-30": "445.00000", "2007-03-31": "434.00000", "2006-12-31": "1789.00000", "2006-09-30": "352.00000", "2006-06-30": "448.00000", "2006-03-31": "422.00000", "2005-12-31": "405.00000", "2005-09-30": "389.00000", "2005-06-30": "398.00000", "2005-03-31": "379.00000"}, "EBITDA": {"2020-12-31": "", "2020-09-30": "", "2020-06-30": "", "2020-03-31": "", "2019-12-31": "", "2019-09-30": "", "2019-06-30": "", "2019-03-31": "", "2018-12-31": "", "2018-09-30": "", "2018-06-30": "", "2018-03-31": "", "2017-12-31": "", "2017-09-30": "", "2017-06-30": "", "2017-03-31": "", "2016-12-31": "", "2016-09-30": "", "2016-06-30": "", "2016-03-31": "", "2015-12-31": "", "2015-09-30": "", "2015-06-30": "", "2015-03-31": "", "2014-12-31": "", "2014-09-30": "", "2014-06-30": "", "2014-03-31": "", "2013-12-31": "", "2013-09-30": "", "2013-06-30": "", "2013-03-31": "", "2012-12-31": "", "2012-09-30": "", "2012-06-30": "", "2012-03-31": "", "2011-12-31": "", "2011-09-30": "", "2011-06-30": "", "2011-03-31": "", "2010-12-31": "", "2010-09-30": "", "2010-06-30": "", "2010-03-31": "", "2009-12-31": "", "2009-09-30": "", "2009-06-30": "", "2009-03-31": "", "2008-12-31": "", "2008-09-30": "", "2008-06-30": "", "2008-03-31": "", "2007-12-31": "", "2007-09-30": "", "2007-06-30": "", "2007-03-31": "", "2006-12-31": "", "2006-09-30": "", "2006-06-30": "", "2006-03-31": "", "2005-12-31": "", "2005-09-30": "", "2005-06-30": "", "2005-03-31": ""}, "EBIT": {"2020-12-31": "", "2020-09-30": "", "2020-06-30": "", "2020-03-31": "", "2019-12-31": "", "2019-09-30": "", "2019-06-30": "", "2019-03-31": "", "2018-12-31": "", "2018-09-30": "", "2018-06-30": "", "2018-03-31": "", "2017-12-31": "", "2017-09-30": "", "2017-06-30": "", "2017-03-31": "", "2016-12-31": "", "2016-09-30": "", "2016-06-30": "", "2016-03-31": "", "2015-12-31": "", "2015-09-30": "", "2015-06-30": "", "2015-03-31": "", "2014-12-31": "", "2014-09-30": "", "2014-06-30": "", "2014-03-31": "", "2013-12-31": "", "2013-09-30": "", "2013-06-30": "", "2013-03-31": "", "2012-12-31": "", "2012-09-30": "", "2012-06-30": "", "2012-03-31": "", "2011-12-31": "", "2011-09-30": "", "2011-06-30": "", "2011-03-31": "", "2010-12-31": "", "2010-09-30": "", "2010-06-30": "", "2010-03-31": "", "2009-12-31": "", "2009-09-30": "", "2009-06-30": "", "2009-03-31": "", "2008-12-31": "", "2008-09-30": "", "2008-06-30": "", "2008-03-31": "", "2007-12-31": "", "2007-09-30": "", "2007-06-30": "", "2007-03-31": "", "2006-12-31": "", "2006-09-30": "", "2006-06-30": "", "2006-03-31": "", "2005-12-31": "", "2005-09-30": "", "2005-06-30": "", "2005-03-31": ""}, "Basic Shares Outstanding": {"2020-12-31": "889.92800", "2020-09-30": "889.49900", "2020-06-30": "889.02000", "2020-03-31": "894.12200", "2019-12-31": "911.32400", "2019-09-30": "933.26400", "2019-06-30": "951.28100", "2019-03-31": "962.39700", "2018-12-31": "984.34300", "2018-09-30": "999.80800", "2018-06-30": "1010.17900", "2018-03-31": "1016.79700", "2017-12-31": "1024.82800", "2017-09-30": "1035.33700", "2017-06-30": "1035.82900", "2017-03-31": "1041.15800", "2016-12-31": "1050.88800", "2016-09-30": "1062.24800", "2016-06-30": "1072.58300", "2016-03-31": "1079.64100", "2015-12-31": "1088.88000", "2015-09-30": "1098.00300", "2015-06-30": "1113.79000", "2015-03-31": "1118.60200", "2014-12-31": "1120.67200", "2014-09-30": "1126.94600", "2014-06-30": "1133.55600", "2014-03-31": "1138.64500", "2013-12-31": "1142.86100", "2013-09-30": "1148.72400", "2013-06-30": "1152.54500", "2013-03-31": "1158.81900", "2012-12-31": "1161.21200", "2012-09-30": "1169.67400", "2012-06-30": "1181.35000", "2012-03-31": "1193.93100", "2011-12-31": "1204.99400", "2011-09-30": "1214.12600", "2011-06-30": "1230.40600", "2011-03-31": "1234.07600", "2010-12-31": "1232.56800", "2010-09-30": "1210.53400", "2010-06-30": "1204.55700", "2010-03-31": "1202.53300", "2009-12-31": "1200.35900", "2009-09-30": "1197.41400", "2009-06-30": "1171.08100", "2009-03-31": "1146.07000", "2008-12-31": "1144.83900", "2008-09-30": "1143.44500", "2008-06-30": "1135.15300", "2008-03-31": "1134.28000", "2007-12-31": "1133.80400", "2007-09-30": "1128.73400", "2007-06-30": "713.18700", "2007-03-31": "710.14700", "2006-12-31": "704.42550", "2006-09-30": "713.94600", "2006-06-30": "713.45100", "2006-03-31": "720.61710", "2005-12-31": "721.66600", "2005-09-30": "717.92740", "2005-06-30": "721.70100", "2005-03-31": "727.36140"}, "Shares Outstanding": {"2020-12-31": "891.84600", "2020-09-30": "891.06900", "2020-06-30": "890.56100", "2020-03-31": "896.68900", "2019-12-31": "914.73900", "2019-09-30": "935.67700", "2019-06-30": "953.92800", "2019-03-31": "965.96000", "2018-12-31": "988.65000", "2018-09-30": "1003.66500", "2018-06-30": "1014.35700", "2018-03-31": "1021.73100", "2017-12-31": "1030.40400", "2017-09-30": "1041.13800", "2017-06-30": "1041.87900", "2017-03-31": "1047.74600", "2016-12-31": "1056.81800", "2016-09-30": "1067.68200", "2016-06-30": "1078.27100", "2016-03-31": "1085.28400", "2015-12-31": "1096.38500", "2015-09-30": "1105.64500", "2015-06-30": "1122.13500", "2015-03-31": "1126.30600", "2014-12-31": "1129.04000", "2014-09-30": "1134.87100", "2014-06-30": "1139.80000", "2014-03-31": "1144.51000", "2013-12-31": "1147.96100", "2013-09-30": "1152.67900", "2013-06-30": "1155.98100", "2013-03-31": "1158.81900", "2012-12-31": "1163.75300", "2012-09-30": "1171.53400", "2012-06-30": "1182.98500", "2012-03-31": "1195.55800", "2011-12-31": "1205.58600", "2011-09-30": "1215.52700", "2011-06-30": "1233.71000", "2011-03-31": "1238.28400", "2010-12-31": "1235.67000", "2010-09-30": "1212.68400", "2010-06-30": "1208.83000", "2010-03-31": "1206.28600", "2009-12-31": "1203.46900", "2009-09-30": "1197.41400", "2009-06-30": "1174.46600", "2009-03-31": "1146.94300", "2008-12-31": "1146.12700", "2008-09-30": "1147.58600", "2008-06-30": "1142.93600", "2008-03-31": "1143.76100", "2007-12-31": "1148.17600", "2007-09-30": "1141.14500", "2007-06-30": "722.88100", "2007-03-31": "719.97600", "2006-12-31": "715.07930", "2006-09-30": "723.27200", "2006-06-30": "721.43000", "2006-03-31": "729.84260", "2005-12-31": "729.10800", "2005-09-30": "725.47460", "2005-06-30": "728.30480", "2005-03-31": "734.90860"}, "Basic EPS": {"2020-12-31": "0.79000", "2020-09-30": "0.98000", "2020-06-30": "1.01000", "2020-03-31": "1.05000", "2019-12-31": "1.52000", "2019-09-30": "1.07000", "2019-06-30": "1.01000", "2019-03-31": "0.94000", "2018-12-31": "0.84000", "2018-09-30": "1.07000", "2018-06-30": "1.04000", "2018-03-31": "1.11000", "2017-12-31": "1.09000", "2017-09-30": "0.94000", "2017-06-30": "0.88000", "2017-03-31": "0.83000", "2016-12-31": "0.77000", "2016-09-30": "0.90000", "2016-06-30": "0.76000", "2016-03-31": "0.73000", "2015-12-31": "0.58000", "2015-09-30": "0.74000", "2015-06-30": "0.74000", "2015-03-31": "0.67000", "2014-12-31": "0.18000", "2014-09-30": "0.93000", "2014-06-30": "0.48000", "2014-03-31": "0.57000", "2013-12-31": "0.44000", "2013-09-30": "0.82000", "2013-06-30": "0.71000", "2013-03-31": "-0.23000", "2012-12-31": "0.53000", "2012-09-30": "0.61000", "2012-06-30": "0.39000", "2012-03-31": "0.52000", "2011-12-31": "0.42000", "2011-09-30": "0.53000", "2011-06-30": "0.59000", "2011-03-31": "0.50000", "2010-12-31": "0.55000", "2010-09-30": "0.51000", "2010-06-30": "0.54000", "2010-03-31": "0.46000", "2009-12-31": "0.49000", "2009-09-30": "-2.05000", "2009-06-30": "0.15000", "2009-03-31": "0.28000", "2008-12-31": "0.02000", "2008-09-30": "0.26000", "2008-06-30": "0.27000", "2008-03-31": "0.65000", "2007-12-31": "0.46000", "2007-09-30": "0.57000", "2007-06-30": "0.62000", "2007-03-31": "0.61000", "2006-12-31": "2.53340", "2006-09-30": "0.49000", "2006-06-30": "0.63000", "2006-03-31": "0.58300", "2005-12-31": "0.56880", "2005-09-30": "0.54060", "2005-06-30": "0.55120", "2005-03-31": "0.51940"}, "EPS - Earnings Per Share": {"2020-12-31": "0.79000", "2020-09-30": "0.98000", "2020-06-30": "1.01000", "2020-03-31": "1.05000", "2019-12-31": "1.52000", "2019-09-30": "1.07000", "2019-06-30": "1.01000", "2019-03-31": "0.94000", "2018-12-31": "0.84000", "2018-09-30": "1.06000", "2018-06-30": "1.03000", "2018-03-31": "1.10000", "2017-12-31": "1.08000", "2017-09-30": "0.94000", "2017-06-30": "0.88000", "2017-03-31": "0.83000", "2016-12-31": "0.77000", "2016-09-30": "0.90000", "2016-06-30": "0.75000", "2016-03-31": "0.73000", "2015-12-31": "0.57000", "2015-09-30": "0.74000", "2015-06-30": "0.73000", "2015-03-31": "0.67000", "2014-12-31": "0.18000", "2014-09-30": "0.93000", "2014-06-30": "0.48000", "2014-03-31": "0.57000", "2013-12-31": "0.44000", "2013-09-30": "0.82000", "2013-06-30": "0.71000", "2013-03-31": "-0.23000", "2012-12-31": "0.53000", "2012-09-30": "0.61000", "2012-06-30": "0.39000", "2012-03-31": "0.52000", "2011-12-31": "0.42000", "2011-09-30": "0.53000", "2011-06-30": "0.59000", "2011-03-31": "0.50000", "2010-12-31": "0.54000", "2010-09-30": "0.51000", "2010-06-30": "0.54000", "2010-03-31": "0.46000", "2009-12-31": "0.49000", "2009-09-30": "-2.05000", "2009-06-30": "0.15000", "2009-03-31": "0.28000", "2008-12-31": "0.02000", "2008-09-30": "0.26000", "2008-06-30": "0.27000", "2008-03-31": "0.65000", "2007-12-31": "0.45000", "2007-09-30": "0.56000", "2007-06-30": "0.62000", "2007-03-31": "0.60000", "2006-12-31": "2.50160", "2006-09-30": "0.49000", "2006-06-30": "0.62000", "2006-03-31": "0.58300", "2005-12-31": "0.54880", "2005-09-30": "0.54060", "2005-06-30": "0.55120", "2005-03-31": "0.51940"}}, "balance sheet": {"Cash On Hand": {"2020-12-31": "211506.00000", "2019-12-31": "158436.00000", "2018-12-31": "141830.00000", "2017-12-31": "143028.00000", "2016-12-31": "109483.00000", "2015-12-31": "166627.00000", "2014-12-31": "153330.00000", "2013-12-31": "167378.00000", "2012-12-31": "154718.00000", "2011-12-31": "143110.00000", "2010-12-31": "83869.00000", "2009-12-31": "76932.00000", "2008-12-31": "116016.00000", "2007-12-31": "56475.00000", "2006-12-31": "26670.00000", "2005-12-31": "19881.00000"}, "Receivables": {"2020-12-31": "", "2019-12-31": "", "2018-12-31": "", "2017-12-31": "", "2016-12-31": "", "2015-12-31": "", "2014-12-31": "", "2013-12-31": "", "2012-12-31": "", "2011-12-31": "", "2010-12-31": "", "2009-12-31": "", "2008-12-31": "", "2007-12-31": "", "2006-12-31": "", "2005-12-31": ""}, "Inventory": {"2020-12-31": "", "2019-12-31": "", "2018-12-31": "", "2017-12-31": "", "2016-12-31": "", "2015-12-31": "", "2014-12-31": "", "2013-12-31": "", "2012-12-31": "", "2011-12-31": "", "2010-12-31": "", "2009-12-31": "", "2008-12-31": "", "2007-12-31": "", "2006-12-31": "", "2005-12-31": ""}, "Pre-Paid Expenses": {"2020-12-31": "", "2019-12-31": "", "2018-12-31": "", "2017-12-31": "", "2016-12-31": "", "2015-12-31": "", "2014-12-31": "", "2013-12-31": "", "2012-12-31": "", "2011-12-31": "", "2010-12-31": "", "2009-12-31": "", "2008-12-31": "", "2007-12-31": "", "2006-12-31": "", "2005-12-31": ""}, "Other Current Assets": {"2020-12-31": "", "2019-12-31": "", "2018-12-31": "", "2017-12-31": "", "2016-12-31": "", "2015-12-31": "", "2014-12-31": "", "2013-12-31": "", "2012-12-31": "", "2011-12-31": "", "2010-12-31": "", "2009-12-31": "", "2008-12-31": "", "2007-12-31": "", "2006-12-31": "", "2005-12-31": ""}, "Total Current Assets": {"2020-12-31": "268127.00000", "2019-12-31": "213891.00000", "2018-12-31": "198919.00000", "2017-12-31": "205019.00000", "2016-12-31": "174340.00000", "2015-12-31": "230735.00000", "2014-12-31": "212878.00000", "2013-12-31": "219446.00000", "2012-12-31": "201674.00000", "2011-12-31": "187355.00000", "2010-12-31": "121687.00000", "2009-12-31": "113757.00000", "2008-12-31": "159614.00000", "2007-12-31": "107818.00000", "2006-12-31": "64598.00000", "2005-12-31": "53057.00000"}, "Property, Plant, And Equipment": {"2020-12-31": "3602.00000", "2019-12-31": "3625.00000", "2018-12-31": "1832.00000", "2017-12-31": "1634.00000", "2016-12-31": "1303.00000", "2015-12-31": "1379.00000", "2014-12-31": "1394.00000", "2013-12-31": "1655.00000", "2012-12-31": "1659.00000", "2011-12-31": "1681.00000", "2010-12-31": "1693.00000", "2009-12-31": "1602.00000", "2008-12-31": "1686.00000", "2007-12-31": "1731.00000", "2006-12-31": "1050.00000", "2005-12-31": "1004.00000"}, "Long-Term Investments": {"2020-12-31": "156441.00000", "2019-12-31": "123033.00000", "2018-12-31": "119791.00000", "2017-12-31": "120370.00000", "2016-12-31": "114727.00000", "2015-12-31": "119179.00000", "2014-12-31": "119263.00000", "2013-12-31": "99052.00000", "2012-12-31": "100824.00000", "2011-12-31": "81988.00000", "2010-12-31": "66307.00000", "2009-12-31": "56049.00000", "2008-12-31": "39435.00000", "2007-12-31": "48698.00000", "2006-12-31": "21106.00000", "2005-12-31": "27218.00000"}, "Goodwill And Intangible Assets": {"2020-12-31": "20508.00000", "2019-12-31": "20493.00000", "2018-12-31": "20570.00000", "2017-12-31": "20975.00000", "2016-12-31": "20914.00000", "2015-12-31": "21460.00000", "2014-12-31": "21996.00000", "2013-12-31": "22525.00000", "2012-12-31": "22884.00000", "2011-12-31": "23056.00000", "2010-12-31": "23738.00000", "2009-12-31": "21837.00000", "2008-12-31": "21754.00000", "2007-12-31": "22733.00000", "2006-12-31": "6461.00000", "2005-12-31": "4321.00000"}, "Other Long-Term Assets": {"2020-12-31": "20955.00000", "2019-12-31": "20466.00000", "2018-12-31": "21761.00000", "2017-12-31": "23760.00000", "2016-12-31": "22185.00000", "2015-12-31": "21027.00000", "2014-12-31": "29772.00000", "2013-12-31": "31838.00000", "2012-12-31": "31949.00000", "2011-12-31": "31186.00000", "2010-12-31": "33556.00000", "2009-12-31": "16737.00000", "2008-12-31": "15023.00000", "2007-12-31": "16676.00000", "2006-12-31": "9973.00000", "2005-12-31": "7710.00000"}, "Total Long-Term Assets": {"2020-12-31": "201506.00000", "2019-12-31": "167617.00000", "2018-12-31": "163954.00000", "2017-12-31": "166739.00000", "2016-12-31": "159129.00000", "2015-12-31": "163045.00000", "2014-12-31": "172425.00000", "2013-12-31": "155070.00000", "2012-12-31": "157316.00000", "2011-12-31": "137911.00000", "2010-12-31": "125572.00000", "2009-12-31": "98467.00000", "2008-12-31": "77898.00000", "2007-12-31": "89838.00000", "2006-12-31": "38608.00000", "2005-12-31": "49061.00000"}, "Total Assets": {"2020-12-31": "469633.00000", "2019-12-31": "381508.00000", "2018-12-31": "362873.00000", "2017-12-31": "371758.00000", "2016-12-31": "333469.00000", "2015-12-31": "393780.00000", "2014-12-31": "385303.00000", "2013-12-31": "374516.00000", "2012-12-31": "358990.00000", "2011-12-31": "325266.00000", "2010-12-31": "247259.00000", "2009-12-31": "212224.00000", "2008-12-31": "237512.00000", "2007-12-31": "197656.00000", "2006-12-31": "103206.00000", "2005-12-31": "102118.00000"}, "Total Current Liabilities": {"2020-12-31": "389662.00000", "2019-12-31": "304067.00000", "2018-12-31": "283839.00000", "2017-12-31": "292953.00000", "2016-12-31": "262722.00000", "2015-12-31": "326999.00000", "2014-12-31": "312856.00000", "2013-12-31": "300521.00000", "2012-12-31": "285447.00000", "2011-12-31": "252348.00000", "2010-12-31": "173988.00000", "2009-12-31": "160011.00000", "2008-12-31": "188185.00000", "2007-12-31": "144653.00000", "2006-12-31": "78062.00000", "2005-12-31": "66143.00000"}, "Long Term Debt": {"2020-12-31": "26334.00000", "2019-12-31": "28100.00000", "2018-12-31": "32390.00000", "2017-12-31": "31007.00000", "2016-12-31": "25217.00000", "2015-12-31": "22070.00000", "2014-12-31": "21050.00000", "2013-12-31": "20527.00000", "2012-12-31": "19910.00000", "2011-12-31": "22107.00000", "2010-12-31": "19375.00000", "2009-12-31": "17711.00000", "2008-12-31": "16620.00000", "2007-12-31": "18713.00000", "2006-12-31": "10174.00000", "2005-12-31": "8721.00000"}, "Other Non-Current Liabilities": {"2020-12-31": "7517.00000", "2019-12-31": "7613.00000", "2018-12-31": "5776.00000", "2017-12-31": "6052.00000", "2016-12-31": "5950.00000", "2015-12-31": "5736.00000", "2014-12-31": "12694.00000", "2013-12-31": "14958.00000", "2012-12-31": "16191.00000", "2011-12-31": "16610.00000", "2010-12-31": "20739.00000", "2009-12-31": "3891.00000", "2008-12-31": "4618.00000", "2007-12-31": "4887.00000", "2006-12-31": "3477.00000", "2005-12-31": "2697.00000"}, "Total Long Term Liabilities": {"2020-12-31": "34027.00000", "2019-12-31": "35856.00000", "2018-12-31": "38295.00000", "2017-12-31": "37238.00000", "2016-12-31": "31318.00000", "2015-12-31": "28006.00000", "2014-12-31": "33973.00000", "2013-12-31": "35715.00000", "2012-12-31": "36279.00000", "2011-12-31": "38831.00000", "2010-12-31": "40206.00000", "2009-12-31": "23210.00000", "2008-12-31": "21238.00000", "2007-12-31": "23600.00000", "2006-12-31": "13715.00000", "2005-12-31": "26099.00000"}, "Total Liabilities": {"2020-12-31": "423689.00000", "2019-12-31": "339923.00000", "2018-12-31": "322134.00000", "2017-12-31": "330191.00000", "2016-12-31": "294040.00000", "2015-12-31": "355005.00000", "2014-12-31": "346829.00000", "2013-12-31": "336236.00000", "2012-12-31": "321726.00000", "2011-12-31": "291179.00000", "2010-12-31": "214194.00000", "2009-12-31": "183221.00000", "2008-12-31": "209423.00000", "2007-12-31": "168253.00000", "2006-12-31": "91777.00000", "2005-12-31": "92242.00000"}, "Common Stock Net": {"2020-12-31": "14.00000", "2019-12-31": "14.00000", "2018-12-31": "14.00000", "2017-12-31": "14.00000", "2016-12-31": "13.00000", "2015-12-31": "13.00000", "2014-12-31": "13.00000", "2013-12-31": "13.00000", "2012-12-31": "13.00000", "2011-12-31": "12.00000", "2010-12-31": "12.00000", "2009-12-31": "12.00000", "2008-12-31": "11.00000", "2007-12-31": "11.00000", "2006-12-31": "10.00000", "2005-12-31": "7838.00000"}, "Retained Earnings (Accumulated Deficit)": {"2020-12-31": "34241.00000", "2019-12-31": "31894.00000", "2018-12-31": "28652.00000", "2017-12-31": "25635.00000", "2016-12-31": "22621.00000", "2015-12-31": "19974.00000", "2014-12-31": "17683.00000", "2013-12-31": "15952.00000", "2012-12-31": "14622.00000", "2011-12-31": "12812.00000", "2010-12-31": "10898.00000", "2009-12-31": "8912.00000", "2008-12-31": "10225.00000", "2007-12-31": "10015.00000", "2006-12-31": "9280.00000", "2005-12-31": "7089.00000"}, "Comprehensive Income": {"2020-12-31": "-985.00000", "2019-12-31": "-2638.00000", "2018-12-31": "-3171.00000", "2017-12-31": "-2357.00000", "2016-12-31": "-3765.00000", "2015-12-31": "-2600.00000", "2014-12-31": "-1634.00000", "2013-12-31": "-892.00000", "2012-12-31": "-643.00000", "2011-12-31": "-1627.00000", "2010-12-31": "-1355.00000", "2009-12-31": "-1835.00000", "2008-12-31": "-5401.00000", "2007-12-31": "-574.00000", "2006-12-31": "-317.00000", "2005-12-31": "-134.00000"}, "Other Share Holders Equity": {"2020-12-31": "", "2019-12-31": "", "2018-12-31": "", "2017-12-31": "", "2016-12-31": "", "2015-12-31": "", "2014-12-31": "", "2013-12-31": "", "2012-12-31": "", "2011-12-31": "", "2010-12-31": "", "2009-12-31": "", "2008-12-31": "", "2007-12-31": "", "2006-12-31": "", "2005-12-31": ""}, "Share Holder Equity": {"2020-12-31": "45944.00000", "2019-12-31": "41585.00000", "2018-12-31": "40739.00000", "2017-12-31": "41567.00000", "2016-12-31": "39429.00000", "2015-12-31": "38775.00000", "2014-12-31": "38474.00000", "2013-12-31": "38280.00000", "2012-12-31": "37264.00000", "2011-12-31": "34087.00000", "2010-12-31": "33065.00000", "2009-12-31": "29003.00000", "2008-12-31": "28089.00000", "2007-12-31": "29403.00000", "2006-12-31": "11429.00000", "2005-12-31": "9876.00000"}, "Total Liabilities And Share Holders Equity": {"2020-12-31": "469633.00000", "2019-12-31": "381508.00000", "2018-12-31": "362873.00000", "2017-12-31": "371758.00000", "2016-12-31": "333469.00000", "2015-12-31": "393780.00000", "2014-12-31": "385303.00000", "2013-12-31": "374516.00000", "2012-12-31": "358990.00000", "2011-12-31": "325266.00000", "2010-12-31": "247259.00000", "2009-12-31": "212224.00000", "2008-12-31": "237512.00000", "2007-12-31": "197656.00000", "2006-12-31": "103206.00000", "2005-12-31": "102118.00000"}}, "balance sheet, quarterly": {"Cash On Hand": {"2020-12-31": "211506.00000", "2020-09-30": "172037.00000", "2020-06-30": "186337.00000", "2020-03-31": "214579.00000", "2019-12-31": "158436.00000", "2019-09-30": "149849.00000", "2019-06-30": "160577.00000", "2019-03-31": "127386.00000", "2018-12-31": "141830.00000", "2018-09-30": "130817.00000", "2018-06-30": "130140.00000", "2018-03-31": "148633.00000", "2017-12-31": "143028.00000", "2017-09-30": "129170.00000", "2017-06-30": "125175.00000", "2017-03-31": "115694.00000", "2016-12-31": "109483.00000", "2016-09-30": "139923.00000", "2016-06-30": "142400.00000", "2016-03-31": "148446.00000", "2015-12-31": "166627.00000", "2015-09-30": "146208.00000", "2015-06-30": "162167.00000", "2015-03-31": "153581.00000", "2014-12-31": "153330.00000", "2014-09-30": "158056.00000", "2014-06-30": "179207.00000", "2014-03-31": "154544.00000", "2013-12-31": "167378.00000", "2013-09-30": "165505.00000", "2013-06-30": "147121.00000", "2013-03-31": "142682.00000", "2012-12-31": "154718.00000", "2012-09-30": "133630.00000", "2012-06-30": "135960.00000", "2012-03-31": "112904.00000", "2011-12-31": "143110.00000", "2011-09-30": "141713.00000", "2011-06-30": "134047.00000", "2011-03-31": "100294.00000", "2010-12-31": "83869.00000", "2010-09-30": "94346.00000", "2010-06-30": "90390.00000", "2010-03-31": "78490.00000", "2009-12-31": "76932.00000", "2009-09-30": "79548.00000", "2009-06-30": "74945.00000", "2009-03-31": "86355.00000", "2008-12-31": "116016.00000", "2008-09-30": "124276.00000", "2008-06-30": "65976.00000", "2008-03-31": "64921.00000", "2007-12-31": "56475.00000", "2007-09-30": "45252.00000", "2007-06-30": "41519.00000", "2007-03-31": "21020.00000", "2006-12-31": "26670.00000", "2006-09-30": "27230.00000", "2006-06-30": "23288.00000", "2006-03-31": "22953.00000", "2005-12-31": "19881.00000", "2005-09-30": "20415.00000", "2005-06-30": "23844.00000", "2005-03-31": "20607.00000"}, "Receivables": {"2020-12-31": "", "2020-09-30": "", "2020-06-30": "", "2020-03-31": "", "2019-12-31": "", "2019-09-30": "", "2019-06-30": "", "2019-03-31": "", "2018-12-31": "", "2018-09-30": "", "2018-06-30": "", "2018-03-31": "", "2017-12-31": "", "2017-09-30": "", "2017-06-30": "", "2017-03-31": "", "2016-12-31": "", "2016-09-30": "", "2016-06-30": "", "2016-03-31": "", "2015-12-31": "", "2015-09-30": "", "2015-06-30": "", "2015-03-31": "", "2014-12-31": "", "2014-09-30": "", "2014-06-30": "", "2014-03-31": "", "2013-12-31": "", "2013-09-30": "", "2013-06-30": "", "2013-03-31": "", "2012-12-31": "", "2012-09-30": "", "2012-06-30": "", "2012-03-31": "", "2011-12-31": "", "2011-09-30": "", "2011-06-30": "", "2011-03-31": "", "2010-12-31": "", "2010-09-30": "", "2010-06-30": "", "2010-03-31": "", "2009-12-31": "", "2009-09-30": "", "2009-06-30": "", "2009-03-31": "", "2008-12-31": "", "2008-09-30": "", "2008-06-30": "", "2008-03-31": "", "2007-12-31": "", "2007-09-30": "", "2007-06-30": "", "2007-03-31": "", "2006-12-31": "", "2006-09-30": "", "2006-06-30": "", "2006-03-31": "", "2005-12-31": "", "2005-09-30": "", "2005-06-30": "", "2005-03-31": ""}, "Inventory": {"2020-12-31": "", "2020-09-30": "", "2020-06-30": "", "2020-03-31": "", "2019-12-31": "", "2019-09-30": "", "2019-06-30": "", "2019-03-31": "", "2018-12-31": "", "2018-09-30": "", "2018-06-30": "", "2018-03-31": "", "2017-12-31": "", "2017-09-30": "", "2017-06-30": "", "2017-03-31": "", "2016-12-31": "", "2016-09-30": "", "2016-06-30": "", "2016-03-31": "", "2015-12-31": "", "2015-09-30": "", "2015-06-30": "", "2015-03-31": "", "2014-12-31": "", "2014-09-30": "", "2014-06-30": "", "2014-03-31": "", "2013-12-31": "", "2013-09-30": "", "2013-06-30": "", "2013-03-31": "", "2012-12-31": "", "2012-09-30": "", "2012-06-30": "", "2012-03-31": "", "2011-12-31": "", "2011-09-30": "", "2011-06-30": "", "2011-03-31": "", "2010-12-31": "", "2010-09-30": "", "2010-06-30": "", "2010-03-31": "", "2009-12-31": "", "2009-09-30": "", "2009-06-30": "", "2009-03-31": "", "2008-12-31": "", "2008-09-30": "", "2008-06-30": "", "2008-03-31": "", "2007-12-31": "", "2007-09-30": "", "2007-06-30": "", "2007-03-31": "", "2006-12-31": "", "2006-09-30": "", "2006-06-30": "", "2006-03-31": "", "2005-12-31": "", "2005-09-30": "", "2005-06-30": "", "2005-03-31": ""}, "Pre-Paid Expenses": {"2020-12-31": "", "2020-09-30": "", "2020-06-30": "", "2020-03-31": "", "2019-12-31": "", "2019-09-30": "", "2019-06-30": "", "2019-03-31": "", "2018-12-31": "", "2018-09-30": "", "2018-06-30": "", "2018-03-31": "", "2017-12-31": "", "2017-09-30": "", "2017-06-30": "", "2017-03-31": "", "2016-12-31": "", "2016-09-30": "", "2016-06-30": "", "2016-03-31": "", "2015-12-31": "", "2015-09-30": "", "2015-06-30": "", "2015-03-31": "", "2014-12-31": "", "2014-09-30": "", "2014-06-30": "", "2014-03-31": "", "2013-12-31": "", "2013-09-30": "", "2013-06-30": "", "2013-03-31": "", "2012-12-31": "", "2012-09-30": "", "2012-06-30": "", "2012-03-31": "", "2011-12-31": "", "2011-09-30": "", "2011-06-30": "", "2011-03-31": "", "2010-12-31": "", "2010-09-30": "", "2010-06-30": "", "2010-03-31": "", "2009-12-31": "", "2009-09-30": "", "2009-06-30": "", "2009-03-31": "", "2008-12-31": "", "2008-09-30": "", "2008-06-30": "", "2008-03-31": "", "2007-12-31": "", "2007-09-30": "", "2007-06-30": "", "2007-03-31": "", "2006-12-31": "", "2006-09-30": "", "2006-06-30": "", "2006-03-31": "", "2005-12-31": "", "2005-09-30": "", "2005-06-30": "", "2005-03-31": ""}, "Other Current Assets": {"2020-12-31": "", "2020-09-30": "", "2020-06-30": "", "2020-03-31": "", "2019-12-31": "", "2019-09-30": "", "2019-06-30": "", "2019-03-31": "", "2018-12-31": "", "2018-09-30": "", "2018-06-30": "", "2018-03-31": "", "2017-12-31": "", "2017-09-30": "", "2017-06-30": "", "2017-03-31": "", "2016-12-31": "", "2016-09-30": "", "2016-06-30": "", "2016-03-31": "", "2015-12-31": "", "2015-09-30": "", "2015-06-30": "", "2015-03-31": "", "2014-12-31": "", "2014-09-30": "", "2014-06-30": "", "2014-03-31": "", "2013-12-31": "", "2013-09-30": "", "2013-06-30": "", "2013-03-31": "", "2012-12-31": "", "2012-09-30": "", "2012-06-30": "", "2012-03-31": "", "2011-12-31": "", "2011-09-30": "", "2011-06-30": "", "2011-03-31": "", "2010-12-31": "", "2010-09-30": "", "2010-06-30": "", "2010-03-31": "", "2009-12-31": "", "2009-09-30": "", "2009-06-30": "", "2009-03-31": "", "2008-12-31": "", "2008-09-30": "", "2008-06-30": "", "2008-03-31": "", "2007-12-31": "", "2007-09-30": "", "2007-06-30": "", "2007-03-31": "", "2006-12-31": "", "2006-09-30": "", "2006-06-30": "", "2006-03-31": "", "2005-12-31": "", "2005-09-30": "", "2005-06-30": "", "2005-03-31": ""}, "Total Current Assets": {"2020-12-31": "268127.00000", "2020-09-30": "227692.00000", "2020-06-30": "241972.00000", "2020-03-31": "277383.00000", "2019-12-31": "213891.00000", "2019-09-30": "205199.00000", "2019-06-30": "213485.00000", "2019-03-31": "181378.00000", "2018-12-31": "198919.00000", "2018-09-30": "185304.00000", "2018-06-30": "188434.00000", "2018-03-31": "209896.00000", "2017-12-31": "205019.00000", "2017-09-30": "188624.00000", "2017-06-30": "187250.00000", "2017-03-31": "176949.00000", "2016-12-31": "174340.00000", "2016-09-30": "206294.00000", "2016-06-30": "207295.00000", "2016-03-31": "210490.00000", "2015-12-31": "230735.00000", "2015-09-30": "209866.00000", "2015-06-30": "225696.00000", "2015-03-31": "216274.00000", "2014-12-31": "212878.00000", "2014-09-30": "215957.00000", "2014-06-30": "238892.00000", "2014-03-31": "208915.00000", "2013-12-31": "219446.00000", "2013-09-30": "215982.00000", "2013-06-30": "197830.00000", "2013-03-31": "192206.00000", "2012-12-31": "201674.00000", "2012-09-30": "179725.00000", "2012-06-30": "181657.00000", "2012-03-31": "156145.00000", "2011-12-31": "187355.00000", "2011-09-30": "187278.00000", "2011-06-30": "176381.00000", "2011-03-31": "140385.00000", "2010-12-31": "121687.00000", "2010-09-30": "132259.00000", "2010-06-30": "127519.00000", "2010-03-31": "112605.00000", "2009-12-31": "113757.00000", "2009-09-30": "116060.00000", "2009-06-30": "113274.00000", "2009-03-31": "127873.00000", "2008-12-31": "159614.00000", "2008-09-30": "183691.00000", "2008-06-30": "116701.00000", "2008-03-31": "117422.00000", "2007-12-31": "107818.00000", "2007-09-30": "96431.00000", "2007-06-30": "80121.00000", "2007-03-31": "59428.00000", "2006-12-31": "64598.00000", "2006-09-30": "61566.00000", "2006-06-30": "59205.00000", "2006-03-31": "63238.00000", "2005-12-31": "53057.00000", "2005-09-30": "62529.00000", "2005-06-30": "64414.00000", "2005-03-31": "59239.00000"}, "Property, Plant, And Equipment": {"2020-12-31": "3602.00000", "2020-09-30": "3617.00000", "2020-06-30": "3598.00000", "2020-03-31": "3514.00000", "2019-12-31": "3625.00000", "2019-09-30": "3149.00000", "2019-06-30": "2970.00000", "2019-03-31": "3010.00000", "2018-12-31": "1832.00000", "2018-09-30": "1832.00000", "2018-06-30": "1752.00000", "2018-03-31": "1702.00000", "2017-12-31": "1634.00000", "2017-09-30": "1631.00000", "2017-06-30": "1640.00000", "2017-03-31": "1307.00000", "2016-12-31": "1303.00000", "2016-09-30": "1338.00000", "2016-06-30": "1399.00000", "2016-03-31": "1377.00000", "2015-12-31": "1379.00000", "2015-09-30": "1361.00000", "2015-06-30": "1412.00000", "2015-03-31": "1410.00000", "2014-12-31": "1394.00000", "2014-09-30": "1351.00000", "2014-06-30": "1590.00000", "2014-03-31": "1613.00000", "2013-12-31": "1655.00000", "2013-09-30": "1569.00000", "2013-06-30": "1595.00000", "2013-03-31": "1624.00000", "2012-12-31": "1659.00000", "2012-09-30": "1690.00000", "2012-06-30": "1711.00000", "2012-03-31": "1715.00000", "2011-12-31": "1681.00000", "2011-09-30": "1705.00000", "2011-06-30": "1729.00000", "2011-03-31": "1662.00000", "2010-12-31": "1693.00000", "2010-09-30": "1677.00000", "2010-06-30": "1548.00000", "2010-03-31": "1583.00000", "2009-12-31": "1602.00000", "2009-09-30": "1682.00000", "2009-06-30": "1685.00000", "2009-03-31": "1718.00000", "2008-12-31": "1686.00000", "2008-09-30": "1678.00000", "2008-06-30": "1698.00000", "2008-03-31": "1714.00000", "2007-12-31": "1731.00000", "2007-09-30": "1701.00000", "2007-06-30": "1119.00000", "2007-03-31": "1064.00000", "2006-12-31": "1050.00000", "2006-09-30": "1009.00000", "2006-06-30": "963.00000", "2006-03-31": "1059.00000", "2005-12-31": "1004.00000", "2005-09-30": "1040.00000", "2005-06-30": "1050.00000", "2005-03-31": "1070.00000"}, "Long-Term Investments": {"2020-12-31": "156441.00000", "2020-09-30": "155339.00000", "2020-06-30": "154682.00000", "2020-03-31": "139273.00000", "2019-12-31": "123033.00000", "2019-09-30": "122340.00000", "2019-06-30": "120142.00000", "2019-03-31": "117504.00000", "2018-12-31": "119791.00000", "2018-09-30": "118641.00000", "2018-06-30": "119081.00000", "2018-03-31": "118789.00000", "2017-12-31": "120370.00000", "2017-09-30": "120049.00000", "2017-06-30": "119260.00000", "2017-03-31": "115834.00000", "2016-12-31": "114727.00000", "2016-09-30": "118998.00000", "2016-06-30": "117600.00000", "2016-03-31": "118011.00000", "2015-12-31": "119179.00000", "2015-09-30": "120105.00000", "2015-06-30": "123034.00000", "2015-03-31": "128954.00000", "2014-12-31": "119263.00000", "2014-09-30": "115696.00000", "2014-06-30": "104790.00000", "2014-03-31": "99442.00000", "2013-12-31": "99052.00000", "2013-09-30": "97457.00000", "2013-06-30": "105355.00000", "2013-03-31": "106556.00000", "2012-12-31": "100824.00000", "2012-09-30": "103850.00000", "2012-06-30": "93334.00000", "2012-03-31": "88193.00000", "2011-12-31": "81988.00000", "2011-09-30": "76585.00000", "2011-06-30": "68557.00000", "2011-03-31": "66308.00000", "2010-12-31": "66307.00000", "2010-09-30": "62100.00000", "2010-06-30": "53576.00000", "2010-03-31": "55577.00000", "2009-12-31": "56049.00000", "2009-09-30": "54350.00000", "2009-06-30": "48938.00000", "2009-03-31": "37363.00000", "2008-12-31": "39435.00000", "2008-09-30": "41615.00000", "2008-06-30": "44336.00000", "2008-03-31": "45519.00000", "2007-12-31": "48698.00000", "2007-09-30": "47082.00000", "2007-06-30": "27199.00000", "2007-03-31": "23696.00000", "2006-12-31": "21106.00000", "2006-09-30": "22015.00000", "2006-06-30": "27355.00000", "2006-03-31": "27288.00000", "2005-12-31": "27218.00000", "2005-09-30": "26230.00000", "2005-06-30": "25779.00000", "2005-03-31": "23907.00000"}, "Goodwill And Intangible Assets": {"2020-12-31": "20508.00000", "2020-09-30": "20383.00000", "2020-06-30": "20298.00000", "2020-03-31": "20310.00000", "2019-12-31": "20493.00000", "2019-09-30": "20372.00000", "2019-06-30": "20497.00000", "2019-03-31": "20560.00000", "2018-12-31": "20570.00000", "2018-09-30": "20648.00000", "2018-06-30": "20726.00000", "2018-03-31": "20966.00000", "2017-12-31": "20975.00000", "2017-09-30": "21004.00000", "2017-06-30": "20963.00000", "2017-03-31": "20904.00000", "2016-12-31": "20914.00000", "2016-09-30": "21120.00000", "2016-06-30": "21239.00000", "2016-03-31": "21385.00000", "2015-12-31": "21460.00000", "2015-09-30": "21593.00000", "2015-06-30": "21807.00000", "2015-03-31": "21710.00000", "2014-12-31": "21996.00000", "2014-09-30": "22207.00000", "2014-06-30": "22510.00000", "2014-03-31": "22480.00000", "2013-12-31": "22525.00000", "2013-09-30": "22552.00000", "2013-06-30": "22507.00000", "2013-03-31": "22616.00000", "2012-12-31": "22884.00000", "2012-09-30": "22866.00000", "2012-06-30": "22871.00000", "2012-03-31": "23074.00000", "2011-12-31": "23056.00000", "2011-09-30": "23425.00000", "2011-06-30": "23705.00000", "2011-03-31": "23773.00000", "2010-12-31": "23738.00000", "2010-09-30": "23891.00000", "2010-06-30": "21460.00000", "2010-03-31": "21526.00000", "2009-12-31": "21837.00000", "2009-09-30": "21596.00000", "2009-06-30": "21717.00000", "2009-03-31": "21522.00000", "2008-12-31": "21754.00000", "2008-09-30": "22378.00000", "2008-06-30": "22838.00000", "2008-03-31": "22934.00000", "2007-12-31": "22733.00000", "2007-09-30": "22318.00000", "2007-06-30": "6557.00000", "2007-03-31": "6578.00000", "2006-12-31": "6461.00000", "2006-09-30": "4673.00000", "2006-06-30": "4669.00000", "2006-03-31": "4744.00000", "2005-12-31": "4321.00000", "2005-09-30": "4426.00000", "2005-06-30": "4277.00000", "2005-03-31": "4280.00000"}, "Other Long-Term Assets": {"2020-12-31": "20955.00000", "2020-09-30": "21367.00000", "2020-06-30": "21766.00000", "2020-03-31": "27675.00000", "2019-12-31": "20466.00000", "2019-09-30": "22108.00000", "2019-06-30": "24074.00000", "2019-03-31": "23680.00000", "2018-12-31": "21761.00000", "2018-09-30": "23345.00000", "2018-06-30": "22935.00000", "2018-03-31": "22244.00000", "2017-12-31": "23760.00000", "2017-09-30": "23089.00000", "2017-06-30": "25702.00000", "2017-03-31": "22542.00000", "2016-12-31": "22185.00000", "2016-09-30": "26364.00000", "2016-06-30": "24818.00000", "2016-03-31": "21607.00000", "2015-12-31": "21027.00000", "2015-09-30": "24446.00000", "2015-06-30": "23305.00000", "2015-03-31": "30740.00000", "2014-12-31": "29772.00000", "2014-09-30": "31085.00000", "2014-06-30": "32958.00000", "2014-03-31": "35791.00000", "2013-12-31": "31838.00000", "2013-09-30": "34392.00000", "2013-06-30": "33218.00000", "2013-03-31": "32940.00000", "2012-12-31": "31949.00000", "2012-09-30": "31813.00000", "2012-06-30": "30710.00000", "2012-03-31": "31042.00000", "2011-12-31": "31186.00000", "2011-09-30": "33194.00000", "2011-06-30": "34334.00000", "2011-03-31": "34316.00000", "2010-12-31": "33556.00000", "2010-09-30": "33920.00000", "2010-06-30": "31248.00000", "2010-03-31": "28926.00000", "2009-12-31": "16737.00000", "2009-09-30": "16294.00000", "2009-06-30": "15261.00000", "2009-03-31": "15002.00000", "2008-12-31": "15023.00000", "2008-09-30": "18148.00000", "2008-06-30": "15652.00000", "2008-03-31": "17346.00000", "2007-12-31": "16676.00000", "2007-09-30": "16437.00000", "2007-06-30": "11332.00000", "2007-03-31": "9061.00000", "2006-12-31": "9973.00000", "2006-09-30": "8545.00000", "2006-06-30": "7743.00000", "2006-03-31": "7282.00000", "2005-12-31": "7710.00000", "2005-09-30": "7541.00000", "2005-06-30": "7543.00000", "2005-03-31": "8041.00000"}, "Total Long-Term Assets": {"2020-12-31": "201506.00000", "2020-09-30": "200706.00000", "2020-06-30": "200344.00000", "2020-03-31": "190772.00000", "2019-12-31": "167617.00000", "2019-09-30": "167969.00000", "2019-06-30": "167683.00000", "2019-03-31": "164754.00000", "2018-12-31": "163954.00000", "2018-09-30": "164466.00000", "2018-06-30": "164494.00000", "2018-03-31": "163701.00000", "2017-12-31": "166739.00000", "2017-09-30": "165773.00000", "2017-06-30": "167565.00000", "2017-03-31": "160587.00000", "2016-12-31": "159129.00000", "2016-09-30": "167820.00000", "2016-06-30": "165056.00000", "2016-03-31": "162380.00000", "2015-12-31": "163045.00000", "2015-09-30": "167505.00000", "2015-06-30": "169558.00000", "2015-03-31": "182814.00000", "2014-12-31": "172425.00000", "2014-09-30": "170339.00000", "2014-06-30": "161848.00000", "2014-03-31": "159326.00000", "2013-12-31": "155070.00000", "2013-09-30": "155970.00000", "2013-06-30": "162675.00000", "2013-03-31": "163736.00000", "2012-12-31": "157316.00000", "2012-09-30": "160219.00000", "2012-06-30": "148626.00000", "2012-03-31": "144024.00000", "2011-12-31": "137911.00000", "2011-09-30": "134909.00000", "2011-06-30": "128325.00000", "2011-03-31": "126059.00000", "2010-12-31": "125572.00000", "2010-09-30": "121898.00000", "2010-06-30": "108174.00000", "2010-03-31": "107946.00000", "2009-12-31": "98467.00000", "2009-09-30": "95947.00000", "2009-06-30": "89738.00000", "2009-03-31": "75605.00000", "2008-12-31": "77898.00000", "2008-09-30": "83819.00000", "2008-06-30": "84524.00000", "2008-03-31": "87513.00000", "2007-12-31": "89838.00000", "2007-09-30": "87541.00000", "2007-06-30": "46212.00000", "2007-03-31": "40420.00000", "2006-12-31": "38608.00000", "2006-09-30": "45070.00000", "2006-06-30": "49676.00000", "2006-03-31": "40373.00000", "2005-12-31": "49061.00000", "2005-09-30": "39237.00000", "2005-06-30": "38649.00000", "2005-03-31": "37298.00000"}, "Total Assets": {"2020-12-31": "469633.00000", "2020-09-30": "428398.00000", "2020-06-30": "442316.00000", "2020-03-31": "468155.00000", "2019-12-31": "381508.00000", "2019-09-30": "373168.00000", "2019-06-30": "381168.00000", "2019-03-31": "346132.00000", "2018-12-31": "362873.00000", "2018-09-30": "349770.00000", "2018-06-30": "352928.00000", "2018-03-31": "373597.00000", "2017-12-31": "371758.00000", "2017-09-30": "354397.00000", "2017-06-30": "354815.00000", "2017-03-31": "337536.00000", "2016-12-31": "333469.00000", "2016-09-30": "374114.00000", "2016-06-30": "372351.00000", "2016-03-31": "372870.00000", "2015-12-31": "393780.00000", "2015-09-30": "377371.00000", "2015-06-30": "395254.00000", "2015-03-31": "399088.00000", "2014-12-31": "385303.00000", "2014-09-30": "386296.00000", "2014-06-30": "400740.00000", "2014-03-31": "368241.00000", "2013-12-31": "374516.00000", "2013-09-30": "371952.00000", "2013-06-30": "360505.00000", "2013-03-31": "355942.00000", "2012-12-31": "358990.00000", "2012-09-30": "339944.00000", "2012-06-30": "330283.00000", "2012-03-31": "300169.00000", "2011-12-31": "325266.00000", "2011-09-30": "322187.00000", "2011-06-30": "304706.00000", "2011-03-31": "266444.00000", "2010-12-31": "247259.00000", "2010-09-30": "254157.00000", "2010-06-30": "235693.00000", "2010-03-31": "220551.00000", "2009-12-31": "212224.00000", "2009-09-30": "212007.00000", "2009-06-30": "203012.00000", "2009-03-31": "203478.00000", "2008-12-31": "237512.00000", "2008-09-30": "267510.00000", "2008-06-30": "201225.00000", "2008-03-31": "204935.00000", "2007-12-31": "197656.00000", "2007-09-30": "183972.00000", "2007-06-30": "126333.00000", "2007-03-31": "99848.00000", "2006-12-31": "103206.00000", "2006-09-30": "106636.00000", "2006-06-30": "108881.00000", "2006-03-31": "103611.00000", "2005-12-31": "102118.00000", "2005-09-30": "101766.00000", "2005-06-30": "103063.00000", "2005-03-31": "96537.00000"}, "Total Current Liabilities": {"2020-12-31": "389662.00000", "2020-09-30": "347835.00000", "2020-06-30": "356283.00000", "2020-03-31": "386312.00000", "2019-12-31": "304067.00000", "2019-09-30": "293195.00000", "2019-06-30": "301287.00000", "2019-03-31": "264804.00000", "2018-12-31": "283839.00000", "2018-09-30": "270303.00000", "2018-06-30": "274423.00000", "2018-03-31": "296266.00000", "2017-12-31": "292953.00000", "2017-09-30": "274310.00000", "2017-06-30": "278879.00000", "2017-03-31": "264395.00000", "2016-12-31": "262722.00000", "2016-09-30": "300433.00000", "2016-06-30": "300041.00000", "2016-03-31": "304688.00000", "2015-12-31": "326999.00000", "2015-09-30": "309041.00000", "2015-06-30": "328440.00000", "2015-03-31": "324737.00000", "2014-12-31": "312856.00000", "2014-09-30": "308954.00000", "2014-06-30": "323286.00000", "2014-03-31": "291822.00000", "2013-12-31": "300521.00000", "2013-09-30": "297930.00000", "2013-06-30": "288214.00000", "2013-03-31": "279681.00000", "2012-12-31": "285447.00000", "2012-09-30": "264696.00000", "2012-06-30": "258084.00000", "2012-03-31": "227231.00000", "2011-12-31": "252348.00000", "2011-09-30": "245083.00000", "2011-06-30": "230005.00000", "2011-03-31": "192120.00000", "2010-12-31": "173988.00000", "2010-09-30": "178828.00000", "2010-06-30": "169554.00000", "2010-03-31": "156388.00000", "2009-12-31": "160011.00000", "2009-09-30": "158789.00000", "2009-06-30": "151090.00000", "2009-03-31": "154012.00000", "2008-12-31": "188185.00000", "2008-09-30": "213376.00000", "2008-06-30": "150085.00000", "2008-03-31": "150316.00000", "2007-12-31": "144653.00000", "2007-09-30": "131871.00000", "2007-06-30": "97638.00000", "2007-03-31": "72951.00000", "2006-12-31": "78062.00000", "2006-09-30": "69427.00000", "2006-06-30": "71760.00000", "2006-03-31": "80164.00000", "2005-12-31": "66143.00000", "2005-09-30": "80389.00000", "2005-06-30": "81833.00000", "2005-03-31": "75874.00000"}, "Long Term Debt": {"2020-12-31": "26334.00000", "2020-09-30": "26541.00000", "2020-06-30": "29194.00000", "2020-03-31": "29038.00000", "2019-12-31": "28100.00000", "2019-09-30": "28692.00000", "2019-06-30": "30124.00000", "2019-03-31": "31806.00000", "2018-12-31": "32390.00000", "2018-09-30": "31047.00000", "2018-06-30": "31313.00000", "2018-03-31": "29489.00000", "2017-12-31": "31007.00000", "2017-09-30": "31761.00000", "2017-06-30": "29037.00000", "2017-03-31": "27368.00000", "2016-12-31": "25217.00000", "2016-09-30": "25367.00000", "2016-06-30": "24671.00000", "2016-03-31": "22514.00000", "2015-12-31": "22070.00000", "2015-09-30": "22078.00000", "2015-06-30": "21081.00000", "2015-03-31": "21270.00000", "2014-12-31": "21050.00000", "2014-09-30": "22435.00000", "2014-06-30": "21785.00000", "2014-03-31": "21921.00000", "2013-12-31": "20527.00000", "2013-09-30": "19733.00000", "2013-06-30": "19541.00000", "2013-03-31": "20643.00000", "2012-12-31": "19910.00000", "2012-09-30": "20655.00000", "2012-06-30": "20910.00000", "2012-03-31": "22398.00000", "2011-12-31": "22107.00000", "2011-09-30": "23960.00000", "2011-06-30": "19341.00000", "2011-03-31": "18376.00000", "2010-12-31": "19375.00000", "2010-09-30": "18940.00000", "2010-06-30": "18767.00000", "2010-03-31": "17798.00000", "2009-12-31": "17711.00000", "2009-09-30": "18766.00000", "2009-06-30": "18708.00000", "2009-03-31": "16967.00000", "2008-12-31": "16620.00000", "2008-09-30": "18457.00000", "2008-06-30": "17054.00000", "2008-03-31": "20372.00000", "2007-12-31": "18713.00000", "2007-09-30": "16424.00000", "2007-06-30": "12605.00000", "2007-03-31": "11299.00000", "2006-12-31": "10174.00000", "2006-09-30": "9555.00000", "2006-06-30": "9233.00000", "2006-03-31": "9467.00000", "2005-12-31": "8721.00000", "2005-09-30": "8799.00000", "2005-06-30": "8644.00000", "2005-03-31": "8295.00000"}, "Other Non-Current Liabilities": {"2020-12-31": "7517.00000", "2020-09-30": "8675.00000", "2020-06-30": "12873.00000", "2020-03-31": "11426.00000", "2019-12-31": "7613.00000", "2019-09-30": "9811.00000", "2019-06-30": "7922.00000", "2019-03-31": "8053.00000", "2018-12-31": "5776.00000", "2018-09-30": "6552.00000", "2018-06-30": "5446.00000", "2018-03-31": "5718.00000", "2017-12-31": "6052.00000", "2017-09-30": "7222.00000", "2017-06-30": "6401.00000", "2017-03-31": "5942.00000", "2016-12-31": "5950.00000", "2016-09-30": "7941.00000", "2016-06-30": "8342.00000", "2016-03-31": "6383.00000", "2015-12-31": "5736.00000", "2015-09-30": "7053.00000", "2015-06-30": "6309.00000", "2015-03-31": "14201.00000", "2014-12-31": "12694.00000", "2014-09-30": "15309.00000", "2014-06-30": "16195.00000", "2014-03-31": "15529.00000", "2013-12-31": "14958.00000", "2013-09-30": "16306.00000", "2013-06-30": "15819.00000", "2013-03-31": "18944.00000", "2012-12-31": "16191.00000", "2012-09-30": "17454.00000", "2012-06-30": "15904.00000", "2012-03-31": "15711.00000", "2011-12-31": "16610.00000", "2011-09-30": "18615.00000", "2011-06-30": "20637.00000", "2011-03-31": "21808.00000", "2010-12-31": "20739.00000", "2010-09-30": "23498.00000", "2010-06-30": "16267.00000", "2010-03-31": "15910.00000", "2009-12-31": "3891.00000", "2009-09-30": "4572.00000", "2009-06-30": "4303.00000", "2009-03-31": "4262.00000", "2008-12-31": "4618.00000", "2008-09-30": "8164.00000", "2008-06-30": "5517.00000", "2008-03-31": "5772.00000", "2007-12-31": "4887.00000", "2007-09-30": "6679.00000", "2007-06-30": "4205.00000", "2007-03-31": "4007.00000", "2006-12-31": "3477.00000", "2006-09-30": "4152.00000", "2006-06-30": "4101.00000", "2006-03-31": "3879.00000", "2005-12-31": "2697.00000", "2005-09-30": "2970.00000", "2005-06-30": "3115.00000", "2005-03-31": "3033.00000"}, "Total Long Term Liabilities": {"2020-12-31": "34027.00000", "2020-09-30": "35395.00000", "2020-06-30": "42224.00000", "2020-03-31": "40604.00000", "2019-12-31": "35856.00000", "2019-09-30": "38650.00000", "2019-06-30": "38182.00000", "2019-03-31": "39981.00000", "2018-12-31": "38295.00000", "2018-09-30": "37817.00000", "2018-06-30": "36948.00000", "2018-03-31": "35391.00000", "2017-12-31": "37238.00000", "2017-09-30": "39180.00000", "2017-06-30": "35619.00000", "2017-03-31": "33469.00000", "2016-12-31": "31318.00000", "2016-09-30": "33486.00000", "2016-06-30": "33185.00000", "2016-03-31": "29066.00000", "2015-12-31": "28006.00000", "2015-09-30": "29378.00000", "2015-06-30": "27634.00000", "2015-03-31": "35686.00000", "2014-12-31": "33973.00000", "2014-09-30": "37990.00000", "2014-06-30": "38219.00000", "2014-03-31": "37662.00000", "2013-12-31": "35715.00000", "2013-09-30": "36242.00000", "2013-06-30": "35549.00000", "2013-03-31": "39765.00000", "2012-12-31": "36279.00000", "2012-09-30": "38109.00000", "2012-06-30": "36814.00000", "2012-03-31": "38229.00000", "2011-12-31": "38831.00000", "2011-09-30": "42699.00000", "2011-06-30": "40095.00000", "2011-03-31": "40289.00000", "2010-12-31": "40206.00000", "2010-09-30": "42479.00000", "2010-06-30": "35034.00000", "2010-03-31": "33708.00000", "2009-12-31": "23210.00000", "2009-09-30": "24902.00000", "2009-06-30": "24618.00000", "2009-03-31": "21229.00000", "2008-12-31": "21238.00000", "2008-09-30": "26621.00000", "2008-06-30": "22571.00000", "2008-03-31": "26144.00000", "2007-12-31": "23600.00000", "2007-09-30": "23144.00000", "2007-06-30": "16866.00000", "2007-03-31": "15370.00000", "2006-12-31": "13715.00000", "2006-09-30": "26742.00000", "2006-06-30": "27065.00000", "2006-03-31": "13346.00000", "2005-12-31": "26099.00000", "2005-09-30": "11769.00000", "2005-06-30": "11759.00000", "2005-03-31": "11328.00000"}, "Total Liabilities": {"2020-12-31": "423689.00000", "2020-09-30": "383230.00000", "2020-06-30": "398507.00000", "2020-03-31": "426916.00000", "2019-12-31": "339923.00000", "2019-09-30": "331845.00000", "2019-06-30": "339469.00000", "2019-03-31": "304785.00000", "2018-12-31": "322134.00000", "2018-09-30": "308120.00000", "2018-06-30": "311371.00000", "2018-03-31": "331657.00000", "2017-12-31": "330191.00000", "2017-09-30": "313490.00000", "2017-06-30": "314498.00000", "2017-03-31": "297864.00000", "2016-12-31": "294040.00000", "2016-09-30": "333919.00000", "2016-06-30": "333226.00000", "2016-03-31": "333754.00000", "2015-12-31": "355005.00000", "2015-09-30": "338419.00000", "2015-06-30": "356074.00000", "2015-03-31": "360423.00000", "2014-12-31": "346829.00000", "2014-09-30": "346944.00000", "2014-06-30": "361505.00000", "2014-03-31": "329484.00000", "2013-12-31": "336236.00000", "2013-09-30": "334172.00000", "2013-06-30": "323763.00000", "2013-03-31": "319446.00000", "2012-12-31": "321726.00000", "2012-09-30": "302805.00000", "2012-06-30": "294898.00000", "2012-03-31": "265460.00000", "2011-12-31": "291179.00000", "2011-09-30": "287782.00000", "2011-06-30": "270100.00000", "2011-03-31": "232409.00000", "2010-12-31": "214194.00000", "2010-09-30": "221307.00000", "2010-06-30": "204588.00000", "2010-03-31": "190096.00000", "2009-12-31": "183221.00000", "2009-09-30": "183691.00000", "2009-06-30": "175708.00000", "2009-03-31": "175241.00000", "2008-12-31": "209423.00000", "2008-09-30": "239997.00000", "2008-06-30": "172656.00000", "2008-03-31": "176460.00000", "2007-12-31": "168253.00000", "2007-09-30": "155015.00000", "2007-06-30": "114504.00000", "2007-03-31": "88321.00000", "2006-12-31": "91777.00000", "2006-09-30": "96169.00000", "2006-06-30": "98825.00000", "2006-03-31": "93510.00000", "2005-12-31": "92242.00000", "2005-09-30": "92158.00000", "2005-06-30": "93592.00000", "2005-03-31": "87202.00000"}, "Common Stock Net": {"2020-12-31": "14.00000", "2020-09-30": "14.00000", "2020-06-30": "14.00000", "2020-03-31": "14.00000", "2019-12-31": "14.00000", "2019-09-30": "14.00000", "2019-06-30": "14.00000", "2019-03-31": "14.00000", "2018-12-31": "14.00000", "2018-09-30": "14.00000", "2018-06-30": "14.00000", "2018-03-31": "14.00000", "2017-12-31": "14.00000", "2017-09-30": "14.00000", "2017-06-30": "13.00000", "2017-03-31": "13.00000", "2016-12-31": "13.00000", "2016-09-30": "13.00000", "2016-06-30": "13.00000", "2016-03-31": "13.00000", "2015-12-31": "13.00000", "2015-09-30": "13.00000", "2015-06-30": "13.00000", "2015-03-31": "13.00000", "2014-12-31": "13.00000", "2014-09-30": "13.00000", "2014-06-30": "13.00000", "2014-03-31": "13.00000", "2013-12-31": "13.00000", "2013-09-30": "13.00000", "2013-06-30": "13.00000", "2013-03-31": "13.00000", "2012-12-31": "13.00000", "2012-09-30": "13.00000", "2012-06-30": "12.00000", "2012-03-31": "12.00000", "2011-12-31": "12.00000", "2011-09-30": "12.00000", "2011-06-30": "12.00000", "2011-03-31": "12.00000", "2010-12-31": "12.00000", "2010-09-30": "12.00000", "2010-06-30": "12.00000", "2010-03-31": "12.00000", "2009-12-31": "12.00000", "2009-09-30": "12.00000", "2009-06-30": "12.00000", "2009-03-31": "12.00000", "2008-12-31": "11.00000", "2008-09-30": "11.00000", "2008-06-30": "11.00000", "2008-03-31": "11.00000", "2007-12-31": "11.00000", "2007-09-30": "11.00000", "2007-06-30": "10.00000", "2007-03-31": "7909.00000", "2006-12-31": "10.00000", "2006-09-30": "7874.00000", "2006-06-30": "7867.00000", "2006-03-31": "7857.00000", "2005-12-31": "7838.00000", "2005-09-30": "7866.00000", "2005-06-30": "7858.00000", "2005-03-31": "7847.00000"}, "Retained Earnings (Accumulated Deficit)": {"2020-12-31": "34241.00000", "2020-09-30": "33821.00000", "2020-06-30": "33224.00000", "2020-03-31": "32601.00000", "2019-12-31": "31894.00000", "2019-09-30": "30789.00000", "2019-06-30": "30081.00000", "2019-03-31": "29382.00000", "2018-12-31": "28652.00000", "2018-09-30": "28098.00000", "2018-06-30": "27306.00000", "2018-03-31": "26496.00000", "2017-12-31": "25635.00000", "2017-09-30": "24757.00000", "2017-06-30": "24027.00000", "2017-03-31": "23300.00000", "2016-12-31": "22621.00000", "2016-09-30": "22002.00000", "2016-06-30": "21233.00000", "2016-03-31": "20593.00000", "2015-12-31": "19974.00000", "2015-09-30": "19525.00000", "2015-06-30": "18895.00000", "2015-03-31": "18257.00000", "2014-12-31": "17683.00000", "2014-09-30": "17670.00000", "2014-06-30": "16796.00000", "2014-03-31": "16439.00000", "2013-12-31": "15952.00000", "2013-09-30": "15639.00000", "2013-06-30": "14859.00000", "2013-03-31": "14202.00000", "2012-12-31": "14622.00000", "2012-09-30": "14153.00000", "2012-06-30": "13588.00000", "2012-03-31": "13277.00000", "2011-12-31": "12812.00000", "2011-09-30": "12464.00000", "2011-06-30": "11977.00000", "2011-03-31": "11405.00000", "2010-12-31": "10898.00000", "2010-09-30": "10386.00000", "2010-06-30": "9875.00000", "2010-03-31": "9340.00000", "2009-12-31": "8912.00000", "2009-09-30": "8462.00000", "2009-06-30": "11028.00000", "2009-03-31": "10953.00000", "2008-12-31": "10225.00000", "2008-09-30": "10438.00000", "2008-06-30": "10463.00000", "2008-03-31": "10435.00000", "2007-12-31": "10015.00000", "2007-09-30": "9773.00000", "2007-06-30": "9571.00000", "2007-03-31": "9294.00000", "2006-12-31": "9280.00000", "2006-09-30": "7820.00000", "2006-06-30": "7636.00000", "2006-03-31": "7347.00000", "2005-12-31": "7089.00000", "2005-09-30": "6846.00000", "2005-06-30": "6618.00000", "2005-03-31": "6374.00000"}, "Comprehensive Income": {"2020-12-31": "-985.00000", "2020-09-30": "-1359.00000", "2020-06-30": "-1943.00000", "2020-03-31": "-2827.00000", "2019-12-31": "-2638.00000", "2019-09-30": "-2893.00000", "2019-06-30": "-2688.00000", "2019-03-31": "-2990.00000", "2018-12-31": "-3171.00000", "2018-09-30": "-2983.00000", "2018-06-30": "-2795.00000", "2018-03-31": "-2343.00000", "2017-12-31": "-2357.00000", "2017-09-30": "-2781.00000", "2017-06-30": "-3093.00000", "2017-03-31": "-3524.00000", "2016-12-31": "-3765.00000", "2016-09-30": "-2785.00000", "2016-06-30": "-2552.00000", "2016-03-31": "-2390.00000", "2015-12-31": "-2600.00000", "2015-09-30": "-2355.00000", "2015-06-30": "-2225.00000", "2015-03-31": "-2182.00000", "2014-12-31": "-1634.00000", "2014-09-30": "-916.00000", "2014-06-30": "-402.00000", "2014-03-31": "-689.00000", "2013-12-31": "-892.00000", "2013-09-30": "-1339.00000", "2013-06-30": "-1651.00000", "2013-03-31": "-915.00000", "2012-12-31": "-643.00000", "2012-09-30": "-471.00000", "2012-06-30": "-1280.00000", "2012-03-31": "-1229.00000", "2011-12-31": "-1627.00000", "2011-09-30": "-1004.00000", "2011-06-30": "-751.00000", "2011-03-31": "-1003.00000", "2010-12-31": "-1355.00000", "2010-09-30": "-969.00000", "2010-06-30": "-1509.00000", "2010-03-31": "-1614.00000", "2009-12-31": "-1835.00000", "2009-09-30": "-1947.00000", "2009-06-30": "-5608.00000", "2009-03-31": "-5990.00000", "2008-12-31": "-5401.00000", "2008-09-30": "-3115.00000", "2008-06-30": "-1919.00000", "2008-03-31": "-1837.00000", "2007-12-31": "-574.00000", "2007-09-30": "-488.00000", "2007-06-30": "-408.00000", "2007-03-31": "-337.00000", "2006-12-31": "-317.00000", "2006-09-30": "-66.00000", "2006-06-30": "-231.00000", "2006-03-31": "-189.00000", "2005-12-31": "-134.00000", "2005-09-30": "-107.00000", "2005-06-30": "-24.00000", "2005-03-31": "-87.00000"}, "Other Share Holders Equity": {"2020-12-31": "", "2020-09-30": "", "2020-06-30": "", "2020-03-31": "", "2019-12-31": "", "2019-09-30": "", "2019-06-30": "", "2019-03-31": "", "2018-12-31": "", "2018-09-30": "", "2018-06-30": "", "2018-03-31": "", "2017-12-31": "", "2017-09-30": "", "2017-06-30": "", "2017-03-31": "", "2016-12-31": "", "2016-09-30": "", "2016-06-30": "", "2016-03-31": "", "2015-12-31": "", "2015-09-30": "", "2015-06-30": "", "2015-03-31": "", "2014-12-31": "", "2014-09-30": "", "2014-06-30": "", "2014-03-31": "", "2013-12-31": "", "2013-09-30": "", "2013-06-30": "", "2013-03-31": "", "2012-12-31": "", "2012-09-30": "", "2012-06-30": "", "2012-03-31": "", "2011-12-31": "", "2011-09-30": "", "2011-06-30": "", "2011-03-31": "", "2010-12-31": "", "2010-09-30": "", "2010-06-30": "", "2010-03-31": "", "2009-12-31": "", "2009-09-30": "", "2009-06-30": "", "2009-03-31": "", "2008-12-31": "", "2008-09-30": "", "2008-06-30": "", "2008-03-31": "", "2007-12-31": "", "2007-09-30": "", "2007-06-30": "", "2007-03-31": "", "2006-12-31": "", "2006-09-30": "", "2006-06-30": "", "2006-03-31": "", "2005-12-31": "", "2005-09-30": "", "2005-06-30": "", "2005-03-31": ""}, "Share Holder Equity": {"2020-12-31": "45944.00000", "2020-09-30": "45168.00000", "2020-06-30": "43809.00000", "2020-03-31": "41239.00000", "2019-12-31": "41585.00000", "2019-09-30": "41323.00000", "2019-06-30": "41699.00000", "2019-03-31": "41347.00000", "2018-12-31": "40739.00000", "2018-09-30": "41650.00000", "2018-06-30": "41557.00000", "2018-03-31": "41940.00000", "2017-12-31": "41567.00000", "2017-09-30": "40907.00000", "2017-06-30": "40317.00000", "2017-03-31": "39672.00000", "2016-12-31": "39429.00000", "2016-09-30": "40195.00000", "2016-06-30": "39125.00000", "2016-03-31": "39116.00000", "2015-12-31": "38775.00000", "2015-09-30": "38952.00000", "2015-06-30": "39180.00000", "2015-03-31": "38665.00000", "2014-12-31": "38474.00000", "2014-09-30": "39352.00000", "2014-06-30": "39235.00000", "2014-03-31": "38757.00000", "2013-12-31": "38280.00000", "2013-09-30": "37780.00000", "2013-06-30": "36742.00000", "2013-03-31": "36496.00000", "2012-12-31": "37264.00000", "2012-09-30": "37139.00000", "2012-06-30": "35385.00000", "2012-03-31": "34709.00000", "2011-12-31": "34087.00000", "2011-09-30": "34405.00000", "2011-06-30": "34606.00000", "2011-03-31": "34035.00000", "2010-12-31": "33065.00000", "2010-09-30": "32850.00000", "2010-06-30": "31105.00000", "2010-03-31": "30455.00000", "2009-12-31": "29003.00000", "2009-09-30": "28316.00000", "2009-06-30": "27304.00000", "2009-03-31": "28237.00000", "2008-12-31": "28089.00000", "2008-09-30": "27513.00000", "2008-06-30": "28569.00000", "2008-03-31": "28475.00000", "2007-12-31": "29403.00000", "2007-09-30": "28957.00000", "2007-06-30": "11829.00000", "2007-03-31": "11527.00000", "2006-12-31": "11429.00000", "2006-09-30": "10467.00000", "2006-06-30": "10056.00000", "2006-03-31": "10101.00000", "2005-12-31": "9876.00000", "2005-09-30": "9608.00000", "2005-06-30": "9471.00000", "2005-03-31": "9335.00000"}, "Total Liabilities And Share Holders Equity": {"2020-12-31": "469633.00000", "2020-09-30": "428398.00000", "2020-06-30": "442316.00000", "2020-03-31": "468155.00000", "2019-12-31": "381508.00000", "2019-09-30": "373168.00000", "2019-06-30": "381168.00000", "2019-03-31": "346132.00000", "2018-12-31": "362873.00000", "2018-09-30": "349770.00000", "2018-06-30": "352928.00000", "2018-03-31": "373597.00000", "2017-12-31": "371758.00000", "2017-09-30": "354397.00000", "2017-06-30": "354815.00000", "2017-03-31": "337536.00000", "2016-12-31": "333469.00000", "2016-09-30": "374114.00000", "2016-06-30": "372351.00000", "2016-03-31": "372870.00000", "2015-12-31": "393780.00000", "2015-09-30": "377371.00000", "2015-06-30": "395254.00000", "2015-03-31": "399088.00000", "2014-12-31": "385303.00000", "2014-09-30": "386296.00000", "2014-06-30": "400740.00000", "2014-03-31": "368241.00000", "2013-12-31": "374516.00000", "2013-09-30": "371952.00000", "2013-06-30": "360505.00000", "2013-03-31": "355942.00000", "2012-12-31": "358990.00000", "2012-09-30": "339944.00000", "2012-06-30": "330283.00000", "2012-03-31": "300169.00000", "2011-12-31": "325266.00000", "2011-09-30": "322187.00000", "2011-06-30": "304706.00000", "2011-03-31": "266444.00000", "2010-12-31": "247259.00000", "2010-09-30": "254157.00000", "2010-06-30": "235693.00000", "2010-03-31": "220551.00000", "2009-12-31": "212224.00000", "2009-09-30": "212007.00000", "2009-06-30": "203012.00000", "2009-03-31": "203478.00000", "2008-12-31": "237512.00000", "2008-09-30": "267510.00000", "2008-06-30": "201225.00000", "2008-03-31": "204935.00000", "2007-12-31": "197656.00000", "2007-09-30": "183972.00000", "2007-06-30": "126333.00000", "2007-03-31": "99848.00000", "2006-12-31": "103206.00000", "2006-09-30": "106636.00000", "2006-06-30": "108881.00000", "2006-03-31": "103611.00000", "2005-12-31": "102118.00000", "2005-09-30": "101766.00000", "2005-06-30": "103063.00000", "2005-03-31": "96537.00000"}}, "cash flow statement": {"Net Income/Loss": {"2020-12-31": "0.00000", "2019-12-31": "4467.00000", "2018-12-31": "4254.00000", "2017-12-31": "4114.00000", "2016-12-31": "3548.00000", "2015-12-31": "3222.00000", "2014-12-31": "2651.00000", "2013-12-31": "2185.00000", "2012-12-31": "2515.00000", "2011-12-31": "2569.00000", "2010-12-31": "2581.00000", "2009-12-31": "-1083.00000", "2008-12-31": "1443.00000", "2007-12-31": "2058.00000", "2006-12-31": "2847.00000", "2005-12-31": "1571.00000"}, "Total Depreciation And Amortization - Cash Flow": {"2020-12-31": "", "2019-12-31": "1315.00000", "2018-12-31": "1339.00000", "2017-12-31": "1474.00000", "2016-12-31": "1502.00000", "2015-12-31": "1457.00000", "2014-12-31": "1292.00000", "2013-12-31": "1389.00000", "2012-12-31": "1246.00000", "2011-12-31": "776.00000", "2010-12-31": "629.00000", "2009-12-31": "711.00000", "2008-12-31": "878.00000", "2007-12-31": "820.00000", "2006-12-31": "490.00000", "2005-12-31": "515.00000"}, "Other Non-Cash Items": {"2020-12-31": "", "2019-12-31": "-147.00000", "2018-12-31": "-531.00000", "2017-12-31": "-32.00000", "2016-12-31": "-321.00000", "2015-12-31": "-10.00000", "2014-12-31": "-1148.00000", "2013-12-31": "195.00000", "2012-12-31": "-525.00000", "2011-12-31": "-176.00000", "2010-12-31": "1110.00000", "2009-12-31": "3597.00000", "2008-12-31": "448.00000", "2007-12-31": "70.00000", "2006-12-31": "-206.00000", "2005-12-31": "-100.00000"}, "Total Non-Cash Items": {"2020-12-31": "", "2019-12-31": "1168.00000", "2018-12-31": "808.00000", "2017-12-31": "1442.00000", "2016-12-31": "1181.00000", "2015-12-31": "1447.00000", "2014-12-31": "144.00000", "2013-12-31": "1584.00000", "2012-12-31": "721.00000", "2011-12-31": "600.00000", "2010-12-31": "1739.00000", "2009-12-31": "4308.00000", "2008-12-31": "1326.00000", "2007-12-31": "890.00000", "2006-12-31": "284.00000", "2005-12-31": "415.00000"}, "Change In Accounts Receivable": {"2020-12-31": "", "2019-12-31": "", "2018-12-31": "", "2017-12-31": "", "2016-12-31": "481.00000", "2015-12-31": "-381.00000", "2014-12-31": "", "2013-12-31": "", "2012-12-31": "", "2011-12-31": "", "2010-12-31": "", "2009-12-31": "", "2008-12-31": "", "2007-12-31": "", "2006-12-31": "", "2005-12-31": ""}, "Change In Inventories": {"2020-12-31": "", "2019-12-31": "-5167.00000", "2018-12-31": "-574.00000", "2017-12-31": "-694.00000", "2016-12-31": "1522.00000", "2015-12-31": "-414.00000", "2014-12-31": "2636.00000", "2013-12-31": "-3946.00000", "2012-12-31": "-1412.00000", "2011-12-31": "-425.00000", "2010-12-31": "-155.00000", "2009-12-31": "-636.00000", "2008-12-31": "-368.00000", "2007-12-31": "1949.00000", "2006-12-31": "847.00000", "2005-12-31": "-2216.00000"}, "Change In Accounts Payable": {"2020-12-31": "", "2019-12-31": "", "2018-12-31": "", "2017-12-31": "", "2016-12-31": "", "2015-12-31": "", "2014-12-31": "", "2013-12-31": "", "2012-12-31": "", "2011-12-31": "", "2010-12-31": "", "2009-12-31": "", "2008-12-31": "", "2007-12-31": "", "2006-12-31": "", "2005-12-31": ""}, "Change In Assets/Liabilities": {"2020-12-31": "", "2019-12-31": "", "2018-12-31": "", "2017-12-31": "", "2016-12-31": "", "2015-12-31": "", "2014-12-31": "", "2013-12-31": "", "2012-12-31": "", "2011-12-31": "", "2010-12-31": "", "2009-12-31": "", "2008-12-31": "", "2007-12-31": "", "2006-12-31": "", "2005-12-31": ""}, "Total Change In Assets/Liabilities": {"2020-12-31": "", "2019-12-31": "-5539.00000", "2018-12-31": "934.00000", "2017-12-31": "-889.00000", "2016-12-31": "1538.00000", "2015-12-31": "-542.00000", "2014-12-31": "1689.00000", "2013-12-31": "-4411.00000", "2012-12-31": "-1607.00000", "2011-12-31": "-958.00000", "2010-12-31": "-270.00000", "2009-12-31": "556.00000", "2008-12-31": "145.00000", "2007-12-31": "1022.00000", "2006-12-31": "780.00000", "2005-12-31": "-3101.00000"}, "Cash Flow From Operating Activities": {"2020-12-31": "", "2019-12-31": "96.00000", "2018-12-31": "5996.00000", "2017-12-31": "4667.00000", "2016-12-31": "6267.00000", "2015-12-31": "4127.00000", "2014-12-31": "4484.00000", "2013-12-31": "-642.00000", "2012-12-31": "1629.00000", "2011-12-31": "2211.00000", "2010-12-31": "4050.00000", "2009-12-31": "3781.00000", "2008-12-31": "2914.00000", "2007-12-31": "3970.00000", "2006-12-31": "3911.00000", "2005-12-31": "-1115.00000"}, "Net Change In Property, Plant, And Equipment": {"2020-12-31": "", "2019-12-31": "-1210.00000", "2018-12-31": "-1085.00000", "2017-12-31": "-1197.00000", "2016-12-31": "-760.00000", "2015-12-31": "-601.00000", "2014-12-31": "-206.00000", "2013-12-31": "-609.00000", "2012-12-31": "-646.00000", "2011-12-31": "-629.00000", "2010-12-31": "-216.00000", "2009-12-31": "-312.00000", "2008-12-31": "-262.00000", "2007-12-31": "-312.00000", "2006-12-31": "-72.00000", "2005-12-31": "-131.00000"}, "Net Change In Intangible Assets": {"2020-12-31": "", "2019-12-31": "", "2018-12-31": "", "2017-12-31": "", "2016-12-31": "", "2015-12-31": "", "2014-12-31": "", "2013-12-31": "", "2012-12-31": "", "2011-12-31": "", "2010-12-31": "", "2009-12-31": "", "2008-12-31": "", "2007-12-31": "", "2006-12-31": "", "2005-12-31": ""}, "Net Acquisitions/Divestitures": {"2020-12-31": "", "2019-12-31": "", "2018-12-31": "84.00000", "2017-12-31": "", "2016-12-31": "-41.00000", "2015-12-31": "8.00000", "2014-12-31": "36.00000", "2013-12-31": "65.00000", "2012-12-31": "-29.00000", "2011-12-31": "-64.00000", "2010-12-31": "-2660.00000", "2009-12-31": "-364.00000", "2008-12-31": "-201.00000", "2007-12-31": "1431.00000", "2006-12-31": "-140.00000", "2005-12-31": "-265.00000"}, "Net Change In Short-term Investments": {"2020-12-31": "", "2019-12-31": "-11118.00000", "2018-12-31": "1281.00000", "2017-12-31": "-29748.00000", "2016-12-31": "50715.00000", "2015-12-31": "-16367.00000", "2014-12-31": "12546.00000", "2013-12-31": "-6150.00000", "2012-12-31": "-8842.00000", "2011-12-31": "-57145.00000", "2010-12-31": "-5748.00000", "2009-12-31": "34728.00000", "2008-12-31": "-61148.00000", "2007-12-31": "-13228.00000", "2006-12-31": "-6499.00000", "2005-12-31": "2337.00000"}, "Net Change In Long-Term Investments": {"2020-12-31": "", "2019-12-31": "-529.00000", "2018-12-31": "-1711.00000", "2017-12-31": "-4715.00000", "2016-12-31": "2141.00000", "2015-12-31": "-2157.00000", "2014-12-31": "-21346.00000", "2013-12-31": "-958.00000", "2012-12-31": "-17027.00000", "2011-12-31": "-14847.00000", "2010-12-31": "-6602.00000", "2009-12-31": "-15527.00000", "2008-12-31": "-468.00000", "2007-12-31": "-6316.00000", "2006-12-31": "5060.00000", "2005-12-31": "-4008.00000"}, "Net Change In Investments - Total": {"2020-12-31": "", "2019-12-31": "-11647.00000", "2018-12-31": "-430.00000", "2017-12-31": "-34463.00000", "2016-12-31": "52856.00000", "2015-12-31": "-18524.00000", "2014-12-31": "-8800.00000", "2013-12-31": "-7108.00000", "2012-12-31": "-25869.00000", "2011-12-31": "-71992.00000", "2010-12-31": "-12350.00000", "2009-12-31": "19201.00000", "2008-12-31": "-61616.00000", "2007-12-31": "-19544.00000", "2006-12-31": "-1439.00000", "2005-12-31": "-1671.00000"}, "Investing Activities - Other": {"2020-12-31": "", "2019-12-31": "2309.00000", "2018-12-31": "4730.00000", "2017-12-31": "2955.00000", "2016-12-31": "-1771.00000", "2015-12-31": "-670.00000", "2014-12-31": "-2705.00000", "2013-12-31": "-5548.00000", "2012-12-31": "-2843.00000", "2011-12-31": "-7493.00000", "2010-12-31": "289.00000", "2009-12-31": "4563.00000", "2008-12-31": "6104.00000", "2007-12-31": "-3149.00000", "2006-12-31": "-4696.00000", "2005-12-31": "-5555.00000"}, "Cash Flow From Investing Activities": {"2020-12-31": "", "2019-12-31": "-10548.00000", "2018-12-31": "3299.00000", "2017-12-31": "-32705.00000", "2016-12-31": "50284.00000", "2015-12-31": "-19787.00000", "2014-12-31": "-11675.00000", "2013-12-31": "-13200.00000", "2012-12-31": "-29387.00000", "2011-12-31": "-80178.00000", "2010-12-31": "-14937.00000", "2009-12-31": "23088.00000", "2008-12-31": "-55975.00000", "2007-12-31": "-21574.00000", "2006-12-31": "-6347.00000", "2005-12-31": "-7622.00000"}, "Net Long-Term Debt": {"2020-12-31": "", "2019-12-31": "-4908.00000", "2018-12-31": "1657.00000", "2017-12-31": "5544.00000", "2016-12-31": "3501.00000", "2015-12-31": "933.00000", "2014-12-31": "445.00000", "2013-12-31": "1185.00000", "2012-12-31": "-2198.00000", "2011-12-31": "2582.00000", "2010-12-31": "721.00000", "2009-12-31": "-4249.00000", "2008-12-31": "4161.00000", "2007-12-31": "2714.00000", "2006-12-31": "1548.00000", "2005-12-31": "2352.00000"}, "Net Current Debt": {"2020-12-31": "", "2019-12-31": "-1783.00000", "2018-12-31": "-2489.00000", "2017-12-31": "7436.00000", "2016-12-31": "-5924.00000", "2015-12-31": "4252.00000", "2014-12-31": "7199.00000", "2013-12-31": "1591.00000", "2012-12-31": "4912.00000", "2011-12-31": "3374.00000", "2010-12-31": "1294.00000", "2009-12-31": "3923.00000", "2008-12-31": "-2905.00000", "2007-12-31": "-693.00000", "2006-12-31": "-1262.00000", "2005-12-31": "-580.00000"}, "Debt Issuance/Retirement Net - Total": {"2020-12-31": "", "2019-12-31": "-6691.00000", "2018-12-31": "-832.00000", "2017-12-31": "12980.00000", "2016-12-31": "-2423.00000", "2015-12-31": "5185.00000", "2014-12-31": "7644.00000", "2013-12-31": "2776.00000", "2012-12-31": "2714.00000", "2011-12-31": "5956.00000", "2010-12-31": "2015.00000", "2009-12-31": "-326.00000", "2008-12-31": "1256.00000", "2007-12-31": "2021.00000", "2006-12-31": "286.00000", "2005-12-31": "1772.00000"}, "Net Common Equity Issued/Repurchased": {"2020-12-31": "", "2019-12-31": "-3241.00000", "2018-12-31": "-3149.00000", "2017-12-31": "-2221.00000", "2016-12-31": "-1933.00000", "2015-12-31": "-2003.00000", "2014-12-31": "-1273.00000", "2013-12-31": "-738.00000", "2012-12-31": "-1083.00000", "2011-12-31": "-830.00000", "2010-12-31": "687.00000", "2009-12-31": "1223.00000", "2008-12-31": "135.00000", "2007-12-31": "382.00000", "2006-12-31": "-492.00000", "2005-12-31": "-185.00000"}, "Net Total Equity Issued/Repurchased": {"2020-12-31": "", "2019-12-31": "-3241.00000", "2018-12-31": "-3149.00000", "2017-12-31": "-2221.00000", "2016-12-31": "-943.00000", "2015-12-31": "-1013.00000", "2014-12-31": "-1273.00000", "2013-12-31": "-244.00000", "2012-12-31": "-15.00000", "2011-12-31": "-830.00000", "2010-12-31": "687.00000", "2009-12-31": "-1777.00000", "2008-12-31": "2914.00000", "2007-12-31": "382.00000", "2006-12-31": "-492.00000", "2005-12-31": "-185.00000"}, "Total Common And Preferred Stock Dividends Paid": {"2020-12-31": "", "2019-12-31": "-1289.00000", "2018-12-31": "-1221.00000", "2017-12-31": "-1076.00000", "2016-12-31": "-900.00000", "2015-12-31": "-865.00000", "2014-12-31": "-833.00000", "2013-12-31": "-744.00000", "2012-12-31": "-641.00000", "2011-12-31": "-593.00000", "2010-12-31": "-440.00000", "2009-12-31": "-672.00000", "2008-12-31": "-1129.00000", "2007-12-31": "-884.00000", "2006-12-31": "-656.00000", "2005-12-31": "-644.00000"}, "Financial Activities - Other": {"2020-12-31": "", "2019-12-31": "20680.00000", "2018-12-31": "-2896.00000", "2017-12-31": "17095.00000", "2016-12-31": "-54784.00000", "2015-12-31": "11878.00000", "2014-12-31": "2291.00000", "2013-12-31": "13833.00000", "2012-12-31": "26230.00000", "2011-12-31": "74232.00000", "2010-12-31": "8528.00000", "2009-12-31": "-25198.00000", "2008-12-31": "48712.00000", "2007-12-31": "19949.00000", "2006-12-31": "3341.00000", "2005-12-31": "7111.00000"}, "Cash Flow From Financial Activities": {"2020-12-31": "", "2019-12-31": "9459.00000", "2018-12-31": "-8098.00000", "2017-12-31": "26778.00000", "2016-12-31": "-59050.00000", "2015-12-31": "15185.00000", "2014-12-31": "7829.00000", "2013-12-31": "15621.00000", "2012-12-31": "28288.00000", "2011-12-31": "78765.00000", "2010-12-31": "10790.00000", "2009-12-31": "-27973.00000", "2008-12-31": "51753.00000", "2007-12-31": "21468.00000", "2006-12-31": "2479.00000", "2005-12-31": "8054.00000"}, "Net Cash Flow": {"2020-12-31": "", "2019-12-31": "-991.00000", "2018-12-31": "1125.00000", "2017-12-31": "-1071.00000", "2016-12-31": "-2613.00000", "2015-12-31": "-433.00000", "2014-12-31": "510.00000", "2013-12-31": "1733.00000", "2012-12-31": "552.00000", "2011-12-31": "500.00000", "2010-12-31": "-57.00000", "2009-12-31": "-1157.00000", "2008-12-31": "-1746.00000", "2007-12-31": "3795.00000", "2006-12-31": "-42.00000", "2005-12-31": "-374.00000"}, "Stock-Based Compensation": {"2020-12-31": "", "2019-12-31": "", "2018-12-31": "", "2017-12-31": "", "2016-12-31": "", "2015-12-31": "", "2014-12-31": "", "2013-12-31": "", "2012-12-31": "", "2011-12-31": "", "2010-12-31": "", "2009-12-31": "0.00000", "2008-12-31": "0.00000", "2007-12-31": "0.00000", "2006-12-31": "", "2005-12-31": ""}, "Common Stock Dividends Paid": {"2020-12-31": "", "2019-12-31": "-1120.00000", "2018-12-31": "-1052.00000", "2017-12-31": "-901.00000", "2016-12-31": "-778.00000", "2015-12-31": "-760.00000", "2014-12-31": "-760.00000", "2013-12-31": "-680.00000", "2012-12-31": "-623.00000", "2011-12-31": "-593.00000", "2010-12-31": "-440.00000", "2009-12-31": "-599.00000", "2008-12-31": "-1107.00000", "2007-12-31": "-884.00000", "2006-12-31": "-656.00000", "2005-12-31": "-644.00000"}}, "cash flow statement, quarterly": {"Net Income/Loss": {"2020-12-31": -2871, "2020-09-30": 944, "2020-06-30": 965, "2020-03-31": "962.00000", "2019-12-31": 1449, "2019-09-30": 1041, "2019-06-30": 1021, "2019-03-31": "956.00000", "2018-12-31": 870, "2018-09-30": 1114, "2018-06-30": 1108, "2018-03-31": "1162.00000", "2017-12-31": 1181, "2017-09-30": 1020, "2017-06-30": 976, "2017-03-31": "937.00000", "2016-12-31": 872, "2016-09-30": 993, "2016-06-30": 875, "2016-03-31": "808.00000", "2015-12-31": 696, "2015-09-30": 827, "2015-06-30": 889, "2015-03-31": "810.00000", "2014-12-31": 257, "2014-09-30": 1106, "2014-06-30": 594, "2014-03-31": "694.00000", "2013-12-31": 556, "2013-09-30": 983, "2013-06-30": 883, "2013-03-31": "-237.00000", "2012-12-31": 638, "2012-09-30": 750, "2012-06-30": 496, "2012-03-31": "631.00000", "2011-12-31": 478, "2011-09-30": 664, "2011-06-30": 757, "2011-03-31": "670.00000", "2010-12-31": 694, "2010-09-30": 611, "2010-06-30": 692, "2010-03-31": "584.00000", "2009-12-31": 594, "2009-09-30": -2457, "2009-06-30": 410, "2009-03-31": "370.00000", "2008-12-31": 66, "2008-09-30": 307, "2008-06-30": 315, "2008-03-31": "755.00000", "2007-12-31": 539, "2007-09-30": 640, "2007-06-30": 445, "2007-03-31": "434.00000", "2006-12-31": 1625, "2006-09-30": 352, "2006-06-30": 448, "2006-03-31": "422.00000", "2005-12-31": 405, "2005-09-30": 389, "2005-06-30": 398, "2005-03-31": "379.00000"}, "Total Depreciation And Amortization - Cash Flow": {"2020-12-31": -1175, "2020-09-30": 431, "2020-06-30": 390, "2020-03-31": "354.00000", "2019-12-31": 344, "2019-09-30": 336, "2019-06-30": 333, "2019-03-31": "302.00000", "2018-12-31": 328, "2018-09-30": 334, "2018-06-30": 342, "2018-03-31": "335.00000", "2017-12-31": 430, "2017-09-30": 351, "2017-06-30": 346, "2017-03-31": "347.00000", "2016-12-31": 384, "2016-09-30": 370, "2016-06-30": 384, "2016-03-31": "364.00000", "2015-12-31": 373, "2015-09-30": 376, "2015-06-30": 368, "2015-03-31": "340.00000", "2014-12-31": 316, "2014-09-30": 330, "2014-06-30": 313, "2014-03-31": "333.00000", "2013-12-31": 338, "2013-09-30": 345, "2013-06-30": 373, "2013-03-31": "333.00000", "2012-12-31": 335, "2012-09-30": 313, "2012-06-30": 299, "2012-03-31": "299.00000", "2011-12-31": 219, "2011-09-30": 191, "2011-06-30": 183, "2011-03-31": "183.00000", "2010-12-31": 216, "2010-09-30": 156, "2010-06-30": 144, "2010-03-31": "113.00000", "2009-12-31": 191, "2009-09-30": 193, "2009-06-30": 176, "2009-03-31": "151.00000", "2008-12-31": 187, "2008-09-30": 221, "2008-06-30": 239, "2008-03-31": "231.00000", "2007-12-31": 370, "2007-09-30": 224, "2007-06-30": 99, "2007-03-31": "127.00000", "2006-12-31": 144, "2006-09-30": 127, "2006-06-30": 102, "2006-03-31": "117.00000", "2005-12-31": 145, "2005-09-30": 122, "2005-06-30": 102, "2005-03-31": "146.00000"}, "Other Non-Cash Items": {"2020-12-31": 79, "2020-09-30": -1, "2020-06-30": 50, "2020-03-31": "-128.00000", "2019-12-31": 109, "2019-09-30": -101, "2019-06-30": -106, "2019-03-31": "-49.00000", "2018-12-31": -121, "2018-09-30": -205, "2018-06-30": -271, "2018-03-31": "66.00000", "2017-12-31": -227, "2017-09-30": 117, "2017-06-30": -17, "2017-03-31": "95.00000", "2016-12-31": 60, "2016-09-30": -36, "2016-06-30": -324, "2016-03-31": "-21.00000", "2015-12-31": 337, "2015-09-30": -198, "2015-06-30": 21, "2015-03-31": "-170.00000", "2014-12-31": -427, "2014-09-30": -485, "2014-06-30": -107, "2014-03-31": "-129.00000", "2013-12-31": 119, "2013-09-30": 312, "2013-06-30": -289, "2013-03-31": "53.00000", "2012-12-31": -204, "2012-09-30": 136, "2012-06-30": -426, "2012-03-31": "-31.00000", "2011-12-31": -182, "2011-09-30": -104, "2011-06-30": 137, "2011-03-31": "-27.00000", "2010-12-31": 319, "2010-09-30": 813, "2010-06-30": -61, "2010-03-31": "39.00000", "2009-12-31": -227, "2009-09-30": 3539, "2009-06-30": -72, "2009-03-31": "357.00000", "2008-12-31": 459, "2008-09-30": -94, "2008-06-30": 15, "2008-03-31": "68.00000", "2007-12-31": -74, "2007-09-30": 83, "2007-06-30": 29, "2007-03-31": "32.00000", "2006-12-31": -404, "2006-09-30": 135, "2006-06-30": 112, "2006-03-31": "-49.00000", "2005-12-31": -291, "2005-09-30": 100, "2005-06-30": 24, "2005-03-31": "67.00000"}, "Total Non-Cash Items": {"2020-12-31": -1096, "2020-09-30": 430, "2020-06-30": 440, "2020-03-31": "226.00000", "2019-12-31": 453, "2019-09-30": 235, "2019-06-30": 227, "2019-03-31": "253.00000", "2018-12-31": 207, "2018-09-30": 129, "2018-06-30": 71, "2018-03-31": "401.00000", "2017-12-31": 203, "2017-09-30": 468, "2017-06-30": 329, "2017-03-31": "442.00000", "2016-12-31": 444, "2016-09-30": 334, "2016-06-30": 60, "2016-03-31": "343.00000", "2015-12-31": 710, "2015-09-30": 178, "2015-06-30": 389, "2015-03-31": "170.00000", "2014-12-31": -111, "2014-09-30": -155, "2014-06-30": 206, "2014-03-31": "204.00000", "2013-12-31": 457, "2013-09-30": 657, "2013-06-30": 84, "2013-03-31": "386.00000", "2012-12-31": 131, "2012-09-30": 449, "2012-06-30": -127, "2012-03-31": "268.00000", "2011-12-31": 37, "2011-09-30": 87, "2011-06-30": 320, "2011-03-31": "156.00000", "2010-12-31": 535, "2010-09-30": 969, "2010-06-30": 83, "2010-03-31": "152.00000", "2009-12-31": -36, "2009-09-30": 3732, "2009-06-30": 104, "2009-03-31": "508.00000", "2008-12-31": 646, "2008-09-30": 127, "2008-06-30": 254, "2008-03-31": "299.00000", "2007-12-31": 296, "2007-09-30": 307, "2007-06-30": 128, "2007-03-31": "159.00000", "2006-12-31": -260, "2006-09-30": 262, "2006-06-30": 214, "2006-03-31": "68.00000", "2005-12-31": -146, "2005-09-30": 222, "2005-06-30": 126, "2005-03-31": "213.00000"}, "Change In Accounts Receivable": {"2020-12-31": 0, "2020-09-30": 0, "2020-06-30": 0, "2020-03-31": "", "2019-12-31": 0, "2019-09-30": 0, "2019-06-30": 0, "2019-03-31": "", "2018-12-31": 0, "2018-09-30": 0, "2018-06-30": 0, "2018-03-31": "", "2017-12-31": 0, "2017-09-30": 0, "2017-06-30": 0, "2017-03-31": "", "2016-12-31": 29, "2016-09-30": 343, "2016-06-30": 52, "2016-03-31": "57.00000", "2015-12-31": -381, "2015-09-30": 0, "2015-06-30": 0, "2015-03-31": "", "2014-12-31": 0, "2014-09-30": 0, "2014-06-30": 0, "2014-03-31": "", "2013-12-31": 0, "2013-09-30": 0, "2013-06-30": 0, "2013-03-31": "", "2012-12-31": 0, "2012-09-30": 0, "2012-06-30": 0, "2012-03-31": "", "2011-12-31": 0, "2011-09-30": 0, "2011-06-30": 0, "2011-03-31": "", "2010-12-31": 0, "2010-09-30": 0, "2010-06-30": 0, "2010-03-31": "", "2009-12-31": 0, "2009-09-30": 0, "2009-06-30": 0, "2009-03-31": "", "2008-12-31": 0, "2008-09-30": 0, "2008-06-30": 0, "2008-03-31": "", "2007-12-31": 0, "2007-09-30": 0, "2007-06-30": 0, "2007-03-31": "", "2006-12-31": 0, "2006-09-30": 0, "2006-06-30": 0, "2006-03-31": "", "2005-12-31": 0, "2005-09-30": 0, "2005-06-30": 0, "2005-03-31": ""}, "Change In Inventories": {"2020-12-31": -1736, "2020-09-30": 1565, "2020-06-30": -2248, "2020-03-31": "2419.00000", "2019-12-31": -3287, "2019-09-30": -574, "2019-06-30": -1249, "2019-03-31": "-57.00000", "2018-12-31": 708, "2018-09-30": -820, "2018-06-30": 1752, "2018-03-31": "-2214.00000", "2017-12-31": -628, "2017-09-30": -233, "2017-06-30": 918, "2017-03-31": "-751.00000", "2016-12-31": -158, "2016-09-30": -234, "2016-06-30": 290, "2016-03-31": "1624.00000", "2015-12-31": -925, "2015-09-30": 216, "2015-06-30": 12, "2015-03-31": "283.00000", "2014-12-31": 1482, "2014-09-30": 127, "2014-06-30": 798, "2014-03-31": "229.00000", "2013-12-31": -2080, "2013-09-30": -174, "2013-06-30": 564, "2013-03-31": "-2256.00000", "2012-12-31": 234, "2012-09-30": -1467, "2012-06-30": -355, "2012-03-31": "176.00000", "2011-12-31": 2016, "2011-09-30": -2477, "2011-06-30": 728, "2011-03-31": "-692.00000", "2010-12-31": 484, "2010-09-30": 1146, "2010-06-30": -1536, "2010-03-31": "-249.00000", "2009-12-31": 199, "2009-09-30": -241, "2009-06-30": -55, "2009-03-31": "-539.00000", "2008-12-31": 332, "2008-09-30": -720, "2008-06-30": -160, "2008-03-31": "180.00000", "2007-12-31": 126, "2007-09-30": -329, "2007-06-30": 544, "2007-03-31": "1608.00000", "2006-12-31": -2238, "2006-09-30": 2601, "2006-06-30": 1558, "2006-03-31": "-1074.00000", "2005-12-31": -401, "2005-09-30": 162, "2005-06-30": -1619, "2005-03-31": "-358.00000"}, "Change In Accounts Payable": {"2020-12-31": 0, "2020-09-30": 0, "2020-06-30": 0, "2020-03-31": "", "2019-12-31": 0, "2019-09-30": 0, "2019-06-30": 0, "2019-03-31": "", "2018-12-31": 0, "2018-09-30": 0, "2018-06-30": 0, "2018-03-31": "", "2017-12-31": 0, "2017-09-30": 0, "2017-06-30": 0, "2017-03-31": "", "2016-12-31": 0, "2016-09-30": 0, "2016-06-30": 0, "2016-03-31": "", "2015-12-31": 0, "2015-09-30": 0, "2015-06-30": 0, "2015-03-31": "", "2014-12-31": 0, "2014-09-30": 0, "2014-06-30": 0, "2014-03-31": "", "2013-12-31": 0, "2013-09-30": 0, "2013-06-30": 0, "2013-03-31": "", "2012-12-31": 0, "2012-09-30": 0, "2012-06-30": 0, "2012-03-31": "", "2011-12-31": 0, "2011-09-30": 0, "2011-06-30": 0, "2011-03-31": "", "2010-12-31": 0, "2010-09-30": 0, "2010-06-30": 0, "2010-03-31": "", "2009-12-31": 0, "2009-09-30": 0, "2009-06-30": 0, "2009-03-31": "", "2008-12-31": 0, "2008-09-30": 0, "2008-06-30": 0, "2008-03-31": "", "2007-12-31": 0, "2007-09-30": 0, "2007-06-30": 0, "2007-03-31": "", "2006-12-31": 0, "2006-09-30": 0, "2006-06-30": 0, "2006-03-31": "", "2005-12-31": 0, "2005-09-30": 0, "2005-06-30": 0, "2005-03-31": ""}, "Change In Assets/Liabilities": {"2020-12-31": 0, "2020-09-30": 0, "2020-06-30": 0, "2020-03-31": "", "2019-12-31": 0, "2019-09-30": 0, "2019-06-30": 0, "2019-03-31": "", "2018-12-31": 0, "2018-09-30": 0, "2018-06-30": 0, "2018-03-31": "", "2017-12-31": 0, "2017-09-30": 0, "2017-06-30": 0, "2017-03-31": "", "2016-12-31": 0, "2016-09-30": 0, "2016-06-30": 0, "2016-03-31": "", "2015-12-31": 0, "2015-09-30": 0, "2015-06-30": 0, "2015-03-31": "", "2014-12-31": 0, "2014-09-30": 0, "2014-06-30": 0, "2014-03-31": "", "2013-12-31": 0, "2013-09-30": 0, "2013-06-30": 0, "2013-03-31": "", "2012-12-31": 0, "2012-09-30": 0, "2012-06-30": 0, "2012-03-31": "", "2011-12-31": 0, "2011-09-30": 0, "2011-06-30": 0, "2011-03-31": "", "2010-12-31": 0, "2010-09-30": 0, "2010-06-30": 0, "2010-03-31": "", "2009-12-31": 0, "2009-09-30": 0, "2009-06-30": 0, "2009-03-31": "", "2008-12-31": 0, "2008-09-30": 0, "2008-06-30": 0, "2008-03-31": "", "2007-12-31": 0, "2007-09-30": 0, "2007-06-30": 0, "2007-03-31": "", "2006-12-31": 0, "2006-09-30": 0, "2006-06-30": 0, "2006-03-31": "", "2005-12-31": 0, "2005-09-30": 0, "2005-06-30": 0, "2005-03-31": ""}, "Total Change In Assets/Liabilities": {"2020-12-31": -1936, "2020-09-30": -596, "2020-06-30": 5405, "2020-03-31": "-2873.00000", "2019-12-31": -4373, "2019-09-30": 3805, "2019-06-30": -2813, "2019-03-31": "-2158.00000", "2018-12-31": 2107, "2018-09-30": 1, "2018-06-30": 1241, "2018-03-31": "-2415.00000", "2017-12-31": -93, "2017-09-30": 3724, "2017-06-30": -1917, "2017-03-31": "-2603.00000", "2016-12-31": 3394, "2016-09-30": -1232, "2016-06-30": -1267, "2016-03-31": "643.00000", "2015-12-31": -1264, "2015-09-30": 346, "2015-06-30": 1427, "2015-03-31": "-1051.00000", "2014-12-31": 1040, "2014-09-30": -38, "2014-06-30": 2640, "2014-03-31": "-1953.00000", "2013-12-31": -1600, "2013-09-30": -736, "2013-06-30": 818, "2013-03-31": "-2893.00000", "2012-12-31": -413, "2012-09-30": -300, "2012-06-30": -109, "2012-03-31": "-785.00000", "2011-12-31": 2379, "2011-09-30": -2431, "2011-06-30": -506, "2011-03-31": "-400.00000", "2010-12-31": -68, "2010-09-30": 1451, "2010-06-30": -2108, "2010-03-31": "455.00000", "2009-12-31": 697, "2009-09-30": 938, "2009-06-30": 224, "2009-03-31": "-1303.00000", "2008-12-31": 669, "2008-09-30": -752, "2008-06-30": 377, "2008-03-31": "-149.00000", "2007-12-31": -1112, "2007-09-30": 2256, "2007-06-30": -1576, "2007-03-31": "1454.00000", "2006-12-31": -2272, "2006-09-30": 1611, "2006-06-30": 1398, "2006-03-31": "43.00000", "2005-12-31": -1167, "2005-09-30": -100, "2005-06-30": -812, "2005-03-31": "-1022.00000"}, "Cash Flow From Operating Activities": {"2020-12-31": -5903, "2020-09-30": 778, "2020-06-30": 6810, "2020-03-31": "-1685.00000", "2019-12-31": -2471, "2019-09-30": 5081, "2019-06-30": -1565, "2019-03-31": "-949.00000", "2018-12-31": 3184, "2018-09-30": 1244, "2018-06-30": 2420, "2018-03-31": "-852.00000", "2017-12-31": 1291, "2017-09-30": 5212, "2017-06-30": -612, "2017-03-31": "-1224.00000", "2016-12-31": 4710, "2016-09-30": 95, "2016-06-30": -332, "2016-03-31": "1794.00000", "2015-12-31": 142, "2015-09-30": 1351, "2015-06-30": 2705, "2015-03-31": "-71.00000", "2014-12-31": 1186, "2014-09-30": 913, "2014-06-30": 3440, "2014-03-31": "-1055.00000", "2013-12-31": -587, "2013-09-30": 904, "2013-06-30": 1785, "2013-03-31": "-2744.00000", "2012-12-31": 356, "2012-09-30": 899, "2012-06-30": 260, "2012-03-31": "114.00000", "2011-12-31": 2894, "2011-09-30": -1680, "2011-06-30": 571, "2011-03-31": "426.00000", "2010-12-31": 1161, "2010-09-30": 3031, "2010-06-30": -1333, "2010-03-31": "1191.00000", "2009-12-31": 1255, "2009-09-30": 2213, "2009-06-30": 738, "2009-03-31": "-425.00000", "2008-12-31": 1381, "2008-09-30": -318, "2008-06-30": 946, "2008-03-31": "905.00000", "2007-12-31": -277, "2007-09-30": 3203, "2007-06-30": -1003, "2007-03-31": "2047.00000", "2006-12-31": -907, "2006-09-30": 2225, "2006-06-30": 2060, "2006-03-31": "533.00000", "2005-12-31": -908, "2005-09-30": 511, "2005-06-30": -288, "2005-03-31": "-430.00000"}, "Net Change In Property, Plant, And Equipment": {"2020-12-31": 956, "2020-09-30": -333, "2020-06-30": -359, "2020-03-31": "-264.00000", "2019-12-31": -98, "2019-09-30": -395, "2019-06-30": -453, "2019-03-31": "-264.00000", "2018-12-31": -289, "2018-09-30": -291, "2018-06-30": -332, "2018-03-31": "-173.00000", "2017-12-31": -264, "2017-09-30": -211, "2017-06-30": -436, "2017-03-31": "-286.00000", "2016-12-31": -330, "2016-09-30": -81, "2016-06-30": -201, "2016-03-31": "-148.00000", "2015-12-31": -190, "2015-09-30": -112, "2015-06-30": -137, "2015-03-31": "-162.00000", "2014-12-31": -196, "2014-09-30": 370, "2014-06-30": -179, "2014-03-31": "-201.00000", "2013-12-31": -237, "2013-09-30": -114, "2013-06-30": -132, "2013-03-31": "-126.00000", "2012-12-31": -198, "2012-09-30": -177, "2012-06-30": -147, "2012-03-31": "-124.00000", "2011-12-31": -62, "2011-09-30": -205, "2011-06-30": -203, "2011-03-31": "-159.00000", "2010-12-31": -102, "2010-09-30": -38, "2010-06-30": -33, "2010-03-31": "-43.00000", "2009-12-31": -33, "2009-09-30": -94, "2009-06-30": -59, "2009-03-31": "-126.00000", "2008-12-31": -87, "2008-09-30": -65, "2008-06-30": -47, "2008-03-31": "-63.00000", "2007-12-31": -80, "2007-09-30": -115, "2007-06-30": -60, "2007-03-31": "-57.00000", "2006-12-31": 52, "2006-09-30": -41, "2006-06-30": -42, "2006-03-31": "-41.00000", "2005-12-31": -60, "2005-09-30": -29, "2005-06-30": -26, "2005-03-31": "-16.00000"}, "Net Change In Intangible Assets": {"2020-12-31": 0, "2020-09-30": 0, "2020-06-30": 0, "2020-03-31": "", "2019-12-31": 0, "2019-09-30": 0, "2019-06-30": 0, "2019-03-31": "", "2018-12-31": 0, "2018-09-30": 0, "2018-06-30": 0, "2018-03-31": "", "2017-12-31": 0, "2017-09-30": 0, "2017-06-30": 0, "2017-03-31": "", "2016-12-31": 0, "2016-09-30": 0, "2016-06-30": 0, "2016-03-31": "", "2015-12-31": 0, "2015-09-30": 0, "2015-06-30": 0, "2015-03-31": "", "2014-12-31": 0, "2014-09-30": 0, "2014-06-30": 0, "2014-03-31": "", "2013-12-31": 0, "2013-09-30": 0, "2013-06-30": 0, "2013-03-31": "", "2012-12-31": 0, "2012-09-30": 0, "2012-06-30": 0, "2012-03-31": "", "2011-12-31": 0, "2011-09-30": 0, "2011-06-30": 0, "2011-03-31": "", "2010-12-31": 0, "2010-09-30": 0, "2010-06-30": 0, "2010-03-31": "", "2009-12-31": 0, "2009-09-30": 0, "2009-06-30": 0, "2009-03-31": "", "2008-12-31": 0, "2008-09-30": 0, "2008-06-30": 0, "2008-03-31": "", "2007-12-31": 0, "2007-09-30": 0, "2007-06-30": 0, "2007-03-31": "", "2006-12-31": 0, "2006-09-30": 0, "2006-06-30": 0, "2006-03-31": "", "2005-12-31": 0, "2005-09-30": 0, "2005-06-30": 0, "2005-03-31": ""}, "Net Acquisitions/Divestitures": {"2020-12-31": 0, "2020-09-30": 0, "2020-06-30": 0, "2020-03-31": "", "2019-12-31": 0, "2019-09-30": 0, "2019-06-30": 0, "2019-03-31": "", "2018-12-31": 0, "2018-09-30": 0, "2018-06-30": 0, "2018-03-31": "84.00000", "2017-12-31": 0, "2017-09-30": 0, "2017-06-30": 0, "2017-03-31": "", "2016-12-31": -4, "2016-09-30": 1, "2016-06-30": -38, "2016-03-31": "", "2015-12-31": 0, "2015-09-30": 17, "2015-06-30": 0, "2015-03-31": "-9.00000", "2014-12-31": -3, "2014-09-30": 0, "2014-06-30": 40, "2014-03-31": "-1.00000", "2013-12-31": -2, "2013-09-30": 72, "2013-06-30": -1, "2013-03-31": "-4.00000", "2012-12-31": -22, "2012-09-30": -3, "2012-06-30": -4, "2012-03-31": "", "2011-12-31": -27, "2011-09-30": -17, "2011-06-30": -8, "2011-03-31": "-12.00000", "2010-12-31": 0, "2010-09-30": -2678, "2010-06-30": -115, "2010-03-31": "133.00000", "2009-12-31": -353, "2009-09-30": 0, "2009-06-30": -5, "2009-03-31": "-6.00000", "2008-12-31": -33, "2008-09-30": 0, "2008-06-30": 164, "2008-03-31": "-332.00000", "2007-12-31": -574, "2007-09-30": 2073, "2007-06-30": -10, "2007-03-31": "-58.00000", "2006-12-31": 219, "2006-09-30": -10, "2006-06-30": -10, "2006-03-31": "-339.00000", "2005-12-31": -8, "2005-09-30": -187, "2005-06-30": -39, "2005-03-31": "-31.00000"}, "Net Change In Short-term Investments": {"2020-12-31": 13058, "2020-09-30": 15285, "2020-06-30": 27354, "2020-03-31": "-55697.00000", "2019-12-31": -5515, "2019-09-30": 12130, "2019-06-30": -31882, "2019-03-31": "14149.00000", "2018-12-31": -10330, "2018-09-30": -1018, "2018-06-30": 15489, "2018-03-31": "-2860.00000", "2017-12-31": -14232, "2017-09-30": -1781, "2017-06-30": -7453, "2017-03-31": "-6282.00000", "2016-12-31": 26818, "2016-09-30": -134, "2016-06-30": 7741, "2016-03-31": "16290.00000", "2015-12-31": -21502, "2015-09-30": 14748, "2015-06-30": -9066, "2015-03-31": "-547.00000", "2014-12-31": 3768, "2014-09-30": 22353, "2014-06-30": -24637, "2014-03-31": "11062.00000", "2013-12-31": -2140, "2013-09-30": -16267, "2013-06-30": -2577, "2013-03-31": "14834.00000", "2012-12-31": -20400, "2012-09-30": 5094, "2012-06-30": -22667, "2012-03-31": "29131.00000", "2011-12-31": -5891, "2011-09-30": -4961, "2011-06-30": -31348, "2011-03-31": "-14945.00000", "2010-12-31": 6734, "2010-09-30": 3373, "2010-06-30": -12518, "2010-03-31": "-3337.00000", "2009-12-31": 792, "2009-09-30": -3725, "2009-06-30": 12442, "2009-03-31": "25219.00000", "2008-12-31": -31250, "2008-09-30": -19008, "2008-06-30": -5604, "2008-03-31": "-5286.00000", "2007-12-31": -5525, "2007-09-30": 8726, "2007-06-30": -19612, "2007-03-31": "3183.00000", "2006-12-31": 3999, "2006-09-30": -7707, "2006-06-30": -1535, "2006-03-31": "-1256.00000", "2005-12-31": -512, "2005-09-30": 3712, "2005-06-30": -1693, "2005-03-31": "830.00000"}, "Net Change In Long-Term Investments": {"2020-12-31": 29342, "2020-09-30": -445, "2020-06-30": -14231, "2020-03-31": "-14666.00000", "2019-12-31": 199, "2019-09-30": -2684, "2019-06-30": -1479, "2019-03-31": "3435.00000", "2018-12-31": -1508, "2018-09-30": 137, "2018-06-30": -1607, "2018-03-31": "1267.00000", "2017-12-31": -1953, "2017-09-30": -261, "2017-06-30": -2112, "2017-03-31": "-389.00000", "2016-12-31": 1562, "2016-09-30": -2228, "2016-06-30": 791, "2016-03-31": "2016.00000", "2015-12-31": 209, "2015-09-30": 2503, "2015-06-30": 2476, "2015-03-31": "-7345.00000", "2014-12-31": -4138, "2014-09-30": -12318, "2014-06-30": -3842, "2014-03-31": "-1048.00000", "2013-12-31": -445, "2013-09-30": 7080, "2013-06-30": -3226, "2013-03-31": "-4367.00000", "2012-12-31": 3061, "2012-09-30": -9237, "2012-06-30": -5401, "2012-03-31": "-5450.00000", "2011-12-31": -5623, "2011-09-30": -8878, "2011-06-30": -1720, "2011-03-31": "1374.00000", "2010-12-31": -4958, "2010-09-30": -4352, "2010-06-30": 1588, "2010-03-31": "1120.00000", "2009-12-31": -946, "2009-09-30": -3992, "2009-06-30": -12335, "2009-03-31": "1746.00000", "2008-12-31": -2276, "2008-09-30": 321, "2008-06-30": 109, "2008-03-31": "1378.00000", "2007-12-31": 1369, "2007-09-30": -1449, "2007-06-30": -3589, "2007-03-31": "-2647.00000", "2006-12-31": -64, "2006-09-30": 5177, "2006-06-30": -114, "2006-03-31": "61.00000", "2005-12-31": -1265, "2005-09-30": -597, "2005-06-30": -1864, "2005-03-31": "-282.00000"}, "Net Change In Investments - Total": {"2020-12-31": 42400, "2020-09-30": 14840, "2020-06-30": 13123, "2020-03-31": "-70363.00000", "2019-12-31": -5316, "2019-09-30": 9446, "2019-06-30": -33361, "2019-03-31": "17584.00000", "2018-12-31": -11838, "2018-09-30": -881, "2018-06-30": 13882, "2018-03-31": "-1593.00000", "2017-12-31": -16185, "2017-09-30": -2042, "2017-06-30": -9565, "2017-03-31": "-6671.00000", "2016-12-31": 28380, "2016-09-30": -2362, "2016-06-30": 8532, "2016-03-31": "18306.00000", "2015-12-31": -21293, "2015-09-30": 17251, "2015-06-30": -6590, "2015-03-31": "-7892.00000", "2014-12-31": -370, "2014-09-30": 10035, "2014-06-30": -28479, "2014-03-31": "10014.00000", "2013-12-31": -2585, "2013-09-30": -9187, "2013-06-30": -5803, "2013-03-31": "10467.00000", "2012-12-31": -17339, "2012-09-30": -4143, "2012-06-30": -28068, "2012-03-31": "23681.00000", "2011-12-31": -11514, "2011-09-30": -13839, "2011-06-30": -33068, "2011-03-31": "-13571.00000", "2010-12-31": 1776, "2010-09-30": -979, "2010-06-30": -10930, "2010-03-31": "-2217.00000", "2009-12-31": -154, "2009-09-30": -7717, "2009-06-30": 107, "2009-03-31": "26965.00000", "2008-12-31": -33526, "2008-09-30": -18687, "2008-06-30": -5495, "2008-03-31": "-3908.00000", "2007-12-31": -4156, "2007-09-30": 7277, "2007-06-30": -23201, "2007-03-31": "536.00000", "2006-12-31": 3935, "2006-09-30": -2530, "2006-06-30": -1649, "2006-03-31": "-1195.00000", "2005-12-31": -1777, "2005-09-30": 3115, "2005-06-30": -3557, "2005-03-31": "548.00000"}, "Investing Activities - Other": {"2020-12-31": 944, "2020-09-30": -61, "2020-06-30": 7091, "2020-03-31": "-7974.00000", "2019-12-31": 96, "2019-09-30": -2895, "2019-06-30": 1618, "2019-03-31": "3490.00000", "2018-12-31": -2591, "2018-09-30": 3975, "2018-06-30": 3094, "2018-03-31": "252.00000", "2017-12-31": -2755, "2017-09-30": 2420, "2017-06-30": -890, "2017-03-31": "4180.00000", "2016-12-31": 1180, "2016-09-30": -2196, "2016-06-30": -2677, "2016-03-31": "1922.00000", "2015-12-31": 1944, "2015-09-30": 646, "2015-06-30": -1378, "2015-03-31": "-1882.00000", "2014-12-31": -447, "2014-09-30": 5254, "2014-06-30": -5101, "2014-03-31": "-2411.00000", "2013-12-31": -1839, "2013-09-30": 1324, "2013-06-30": -1957, "2013-03-31": "-3076.00000", "2012-12-31": -1453, "2012-09-30": -259, "2012-06-30": -1941, "2012-03-31": "810.00000", "2011-12-31": 557, "2011-09-30": -3047, "2011-06-30": -2265, "2011-03-31": "-2738.00000", "2010-12-31": -360, "2010-09-30": 1789, "2010-06-30": -3779, "2010-03-31": "2639.00000", "2009-12-31": -1172, "2009-09-30": 1767, "2009-06-30": 2249, "2009-03-31": "1719.00000", "2008-12-31": 15279, "2008-09-30": -8582, "2008-06-30": 244, "2008-03-31": "-837.00000", "2007-12-31": 2519, "2007-09-30": -5320, "2007-06-30": -185, "2007-03-31": "-163.00000", "2006-12-31": -3790, "2006-09-30": 2079, "2006-06-30": -3600, "2006-03-31": "615.00000", "2005-12-31": 1202, "2005-09-30": -1530, "2005-06-30": -2241, "2005-03-31": "-2986.00000"}, "Cash Flow From Investing Activities": {"2020-12-31": 44300, "2020-09-30": 14446, "2020-06-30": 19855, "2020-03-31": "-78601.00000", "2019-12-31": -5318, "2019-09-30": 6156, "2019-06-30": -32196, "2019-03-31": "20810.00000", "2018-12-31": -14718, "2018-09-30": 2803, "2018-06-30": 16644, "2018-03-31": "-1430.00000", "2017-12-31": -19204, "2017-09-30": 167, "2017-06-30": -10891, "2017-03-31": "-2777.00000", "2016-12-31": 29226, "2016-09-30": -4638, "2016-06-30": 5616, "2016-03-31": "20080.00000", "2015-12-31": -19539, "2015-09-30": 17802, "2015-06-30": -8105, "2015-03-31": "-9945.00000", "2014-12-31": -1016, "2014-09-30": 15659, "2014-06-30": -33719, "2014-03-31": "7401.00000", "2013-12-31": -4663, "2013-09-30": -7905, "2013-06-30": -7893, "2013-03-31": "7261.00000", "2012-12-31": -19012, "2012-09-30": -4582, "2012-06-30": -30160, "2012-03-31": "24367.00000", "2011-12-31": -11046, "2011-09-30": -17108, "2011-06-30": -35544, "2011-03-31": "-16480.00000", "2010-12-31": 1314, "2010-09-30": -1906, "2010-06-30": -14857, "2010-03-31": "512.00000", "2009-12-31": -1712, "2009-09-30": -6044, "2009-06-30": 2292, "2009-03-31": "28552.00000", "2008-12-31": -18367, "2008-09-30": -27334, "2008-06-30": -5134, "2008-03-31": "-5140.00000", "2007-12-31": -2291, "2007-09-30": 3915, "2007-06-30": -23456, "2007-03-31": "258.00000", "2006-12-31": 416, "2006-09-30": -502, "2006-06-30": -5301, "2006-03-31": "-960.00000", "2005-12-31": -643, "2005-09-30": 1369, "2005-06-30": -5863, "2005-03-31": "-2485.00000"}, "Net Long-Term Debt": {"2020-12-31": 2338, "2020-09-30": -2620, "2020-06-30": 73, "2020-03-31": "209.00000", "2019-12-31": -482, "2019-09-30": -1596, "2019-06-30": -2025, "2019-03-31": "-805.00000", "2018-12-31": 1046, "2018-09-30": -175, "2018-06-30": 1965, "2018-03-31": "-1179.00000", "2017-12-31": -586, "2017-09-30": 2740, "2017-06-30": 1210, "2017-03-31": "2180.00000", "2016-12-31": 545, "2016-09-30": 865, "2016-06-30": 2043, "2016-03-31": "48.00000", "2015-12-31": 219, "2015-09-30": 705, "2015-06-30": 15, "2015-03-31": "-6.00000", "2014-12-31": -1595, "2014-09-30": 778, "2014-06-30": -121, "2014-03-31": "1383.00000", "2013-12-31": 958, "2013-09-30": 162, "2013-06-30": -812, "2013-03-31": "877.00000", "2012-12-31": -681, "2012-09-30": -294, "2012-06-30": -1588, "2012-03-31": "365.00000", "2011-12-31": -1803, "2011-09-30": 5018, "2011-06-30": 433, "2011-03-31": "-1066.00000", "2010-12-31": 754, "2010-09-30": -1330, "2010-06-30": 1709, "2010-03-31": "-412.00000", "2009-12-31": -1406, "2009-09-30": -1097, "2009-06-30": 3147, "2009-03-31": "-4893.00000", "2008-12-31": -7580, "2008-09-30": 12131, "2008-06-30": -1645, "2008-03-31": "1255.00000", "2007-12-31": 1147, "2007-09-30": -971, "2007-06-30": 1512, "2007-03-31": "1026.00000", "2006-12-31": 673, "2006-09-30": -31, "2006-06-30": 16, "2006-03-31": "890.00000", "2005-12-31": 171, "2005-09-30": 209, "2005-06-30": 265, "2005-03-31": "1707.00000"}, "Net Current Debt": {"2020-12-31": -5638, "2020-09-30": -483, "2020-06-30": 1855, "2020-03-31": "4266.00000", "2019-12-31": 397, "2019-09-30": -5871, "2019-06-30": 5753, "2019-03-31": "-2062.00000", "2018-12-31": 6343, "2018-09-30": -5251, "2018-06-30": -10867, "2018-03-31": "7286.00000", "2017-12-31": 4433, "2017-09-30": 556, "2017-06-30": -1567, "2017-03-31": "4014.00000", "2016-12-31": 1769, "2016-09-30": 428, "2016-06-30": -8024, "2016-03-31": "-97.00000", "2015-12-31": 5842, "2015-09-30": -1010, "2015-06-30": 2192, "2015-03-31": "-2772.00000", "2014-12-31": 2808, "2014-09-30": 2272, "2014-06-30": 786, "2014-03-31": "1333.00000", "2013-12-31": -1430, "2013-09-30": -1097, "2013-06-30": 4312, "2013-03-31": "-194.00000", "2012-12-31": -3543, "2012-09-30": 3372, "2012-06-30": 1717, "2012-03-31": "3366.00000", "2011-12-31": -961, "2011-09-30": 789, "2011-06-30": 1588, "2011-03-31": "1958.00000", "2010-12-31": 1370, "2010-09-30": 1086, "2010-06-30": -1297, "2010-03-31": "135.00000", "2009-12-31": 1151, "2009-09-30": 2462, "2009-06-30": 826, "2009-03-31": "-516.00000", "2008-12-31": -6615, "2008-09-30": 5416, "2008-06-30": 1423, "2008-03-31": "-3129.00000", "2007-12-31": -1986, "2007-09-30": 48, "2007-06-30": 1948, "2007-03-31": "-703.00000", "2006-12-31": 449, "2006-09-30": -68, "2006-06-30": -645, "2006-03-31": "-998.00000", "2005-12-31": -2164, "2005-09-30": 1391, "2005-06-30": 499, "2005-03-31": "-306.00000"}, "Debt Issuance/Retirement Net - Total": {"2020-12-31": -3300, "2020-09-30": -3103, "2020-06-30": 1928, "2020-03-31": "4475.00000", "2019-12-31": -85, "2019-09-30": -7467, "2019-06-30": 3728, "2019-03-31": "-2867.00000", "2018-12-31": 7389, "2018-09-30": -5426, "2018-06-30": -8902, "2018-03-31": "6107.00000", "2017-12-31": 3847, "2017-09-30": 3296, "2017-06-30": -357, "2017-03-31": "6194.00000", "2016-12-31": 2314, "2016-09-30": 1293, "2016-06-30": -5981, "2016-03-31": "-49.00000", "2015-12-31": 6061, "2015-09-30": -305, "2015-06-30": 2207, "2015-03-31": "-2778.00000", "2014-12-31": 1213, "2014-09-30": 3050, "2014-06-30": 665, "2014-03-31": "2716.00000", "2013-12-31": -472, "2013-09-30": -935, "2013-06-30": 3500, "2013-03-31": "683.00000", "2012-12-31": -4224, "2012-09-30": 3078, "2012-06-30": 129, "2012-03-31": "3731.00000", "2011-12-31": -2764, "2011-09-30": 5807, "2011-06-30": 2021, "2011-03-31": "892.00000", "2010-12-31": 2124, "2010-09-30": -244, "2010-06-30": 412, "2010-03-31": "-277.00000", "2009-12-31": -255, "2009-09-30": 1365, "2009-06-30": 3973, "2009-03-31": "-5409.00000", "2008-12-31": -14195, "2008-09-30": 17547, "2008-06-30": -222, "2008-03-31": "-1874.00000", "2007-12-31": -839, "2007-09-30": -923, "2007-06-30": 3460, "2007-03-31": "323.00000", "2006-12-31": 1122, "2006-09-30": -99, "2006-06-30": -629, "2006-03-31": "-108.00000", "2005-12-31": -1993, "2005-09-30": 1600, "2005-06-30": 764, "2005-03-31": "1401.00000"}, "Net Common Equity Issued/Repurchased": {"2020-12-31": 943, "2020-09-30": 6, "2020-06-30": 3, "2020-03-31": "-952.00000", "2019-12-31": -1025, "2019-09-30": -962, "2019-06-30": -743, "2019-03-31": "-511.00000", "2018-12-31": -1356, "2018-09-30": -588, "2018-06-30": -629, "2018-03-31": "-576.00000", "2017-12-31": -593, "2017-09-30": -513, "2017-06-30": -388, "2017-03-31": "-727.00000", "2016-12-31": -532, "2016-09-30": -434, "2016-06-30": -438, "2016-03-31": "-529.00000", "2015-12-31": -362, "2015-09-30": -626, "2015-06-30": -702, "2015-03-31": "-313.00000", "2014-12-31": -332, "2014-09-30": -284, "2014-06-30": -339, "2014-03-31": "-318.00000", "2013-12-31": -223, "2013-09-30": -80, "2013-06-30": -300, "2013-03-31": "-135.00000", "2012-12-31": -135, "2012-09-30": -280, "2012-06-30": -279, "2012-03-31": "-389.00000", "2011-12-31": -63, "2011-09-30": -462, "2011-06-30": -261, "2011-03-31": "-44.00000", "2010-12-31": 9, "2010-09-30": 669, "2010-06-30": 11, "2010-03-31": "-2.00000", "2009-12-31": 7, "2009-09-30": -125, "2009-06-30": 1342, "2009-03-31": "-1.00000", "2008-12-31": 231, "2008-09-30": -280, "2008-06-30": 391, "2008-03-31": "-207.00000", "2007-12-31": 49, "2007-09-30": 133, "2007-06-30": 96, "2007-03-31": "104.00000", "2006-12-31": -267, "2006-09-30": 45, "2006-06-30": -292, "2006-03-31": "22.00000", "2005-12-31": 81, "2005-09-30": -9, "2005-06-30": -171, "2005-03-31": "-86.00000"}, "Net Total Equity Issued/Repurchased": {"2020-12-31": -47, "2020-09-30": 6, "2020-06-30": 993, "2020-03-31": "-952.00000", "2019-12-31": -1025, "2019-09-30": -962, "2019-06-30": -743, "2019-03-31": "-511.00000", "2018-12-31": -1356, "2018-09-30": -588, "2018-06-30": -629, "2018-03-31": "-576.00000", "2017-12-31": -593, "2017-09-30": -513, "2017-06-30": -388, "2017-03-31": "-727.00000", "2016-12-31": -532, "2016-09-30": 556, "2016-06-30": -438, "2016-03-31": "-529.00000", "2015-12-31": -362, "2015-09-30": -626, "2015-06-30": 288, "2015-03-31": "-313.00000", "2014-12-31": -332, "2014-09-30": -284, "2014-06-30": -339, "2014-03-31": "-318.00000", "2013-12-31": -223, "2013-09-30": -80, "2013-06-30": 194, "2013-03-31": "-135.00000", "2012-12-31": -103, "2012-09-30": 256, "2012-06-30": 221, "2012-03-31": "-389.00000", "2011-12-31": -63, "2011-09-30": -462, "2011-06-30": -261, "2011-03-31": "-44.00000", "2010-12-31": 9, "2010-09-30": 669, "2010-06-30": 11, "2010-03-31": "-2.00000", "2009-12-31": 7, "2009-09-30": -125, "2009-06-30": -1658, "2009-03-31": "-1.00000", "2008-12-31": 3010, "2008-09-30": -280, "2008-06-30": 391, "2008-03-31": "-207.00000", "2007-12-31": 49, "2007-09-30": 133, "2007-06-30": 96, "2007-03-31": "104.00000", "2006-12-31": -267, "2006-09-30": 45, "2006-06-30": -292, "2006-03-31": "22.00000", "2005-12-31": 81, "2005-09-30": -9, "2005-06-30": -171, "2005-03-31": "-86.00000"}, "Total Common And Preferred Stock Dividends Paid": {"2020-12-31": 984, "2020-09-30": -339, "2020-06-30": -327, "2020-03-31": "-318.00000", "2019-12-31": -335, "2019-09-30": -330, "2019-06-30": -318, "2019-03-31": "-306.00000", "2018-12-31": -327, "2018-09-30": -319, "2018-06-30": -293, "2018-03-31": "-282.00000", "2017-12-31": -297, "2017-09-30": -288, "2017-06-30": -248, "2017-03-31": "-243.00000", "2016-12-31": -250, "2016-09-30": -219, "2016-06-30": -232, "2016-03-31": "-199.00000", "2015-12-31": -242, "2015-09-30": -204, "2015-06-30": -214, "2015-03-31": "-205.00000", "2014-12-31": -218, "2014-09-30": -209, "2014-06-30": -220, "2014-03-31": "-186.00000", "2013-12-31": -201, "2013-09-30": -188, "2013-06-30": -189, "2013-03-31": "-166.00000", "2012-12-31": -167, "2012-09-30": -160, "2012-06-30": -156, "2012-03-31": "-158.00000", "2011-12-31": -158, "2011-09-30": -161, "2011-06-30": -162, "2011-03-31": "-112.00000", "2010-12-31": -112, "2010-09-30": -109, "2010-06-30": -110, "2010-03-31": "-109.00000", "2009-12-31": -108, "2009-09-30": -112, "2009-06-30": -137, "2009-03-31": "-315.00000", "2008-12-31": -299, "2008-09-30": -277, "2008-06-30": -277, "2008-03-31": "-276.00000", "2007-12-31": -274, "2007-09-30": -274, "2007-06-30": -168, "2007-03-31": "-168.00000", "2006-12-31": -165, "2006-09-30": -168, "2006-06-30": -159, "2006-03-31": "-164.00000", "2005-12-31": -162, "2005-09-30": -161, "2005-06-30": -154, "2005-03-31": "-167.00000"}, "Financial Activities - Other": {"2020-12-31": -35772, "2020-09-30": -11819, "2020-06-30": -32084, "2020-03-31": "79675.00000", "2019-12-31": 7450, "2019-09-30": -1032, "2019-06-30": 30415, "2019-03-31": "-16153.00000", "2018-12-31": 7752, "2018-09-30": 1612, "2018-06-30": -7982, "2018-03-31": "-4278.00000", "2017-12-31": 12592, "2017-09-30": -6339, "2017-06-30": 12034, "2017-03-31": "-1192.00000", "2016-12-31": -36404, "2016-09-30": 1898, "2016-06-30": 3432, "2016-03-31": "-23710.00000", "2015-12-31": 12243, "2015-09-30": -18209, "2015-06-30": 4312, "2015-03-31": "13532.00000", "2014-12-31": -245, "2014-09-30": -18781, "2014-06-30": 30246, "2014-03-31": "-8929.00000", "2013-12-31": 5273, "2013-09-30": 8516, "2013-06-30": 5181, "2013-03-31": "-5137.00000", "2012-12-31": 22876, "2012-09-30": 951, "2012-06-30": 29939, "2012-03-31": "-27536.00000", "2011-12-31": 8625, "2011-09-30": 15041, "2011-06-30": 34872, "2011-03-31": "15694.00000", "2010-12-31": -4523, "2010-09-30": -1369, "2010-06-30": 16158, "2010-03-31": "-1738.00000", "2009-12-31": 1192, "2009-09-30": 2258, "2009-06-30": -5142, "2009-03-31": "-23506.00000", "2008-12-31": -11739, "2008-09-30": 50292, "2008-06-30": 2602, "2008-03-31": "7557.00000", "2007-12-31": 4245, "2007-09-30": -3199, "2007-06-30": 22174, "2007-03-31": "-3271.00000", "2006-12-31": 656, "2006-09-30": -2464, "2006-06-30": 4503, "2006-03-31": "646.00000", "2005-12-31": 3652, "2005-09-30": -2784, "2005-06-30": 5683, "2005-03-31": "560.00000"}, "Cash Flow From Financial Activities": {"2020-12-31": -38135, "2020-09-30": -15255, "2020-06-30": -29490, "2020-03-31": "82880.00000", "2019-12-31": 6005, "2019-09-30": -9791, "2019-06-30": 33082, "2019-03-31": "-19837.00000", "2018-12-31": 13458, "2018-09-30": -4721, "2018-06-30": -17806, "2018-03-31": "971.00000", "2017-12-31": 15549, "2017-09-30": -3844, "2017-06-30": 11041, "2017-03-31": "4032.00000", "2016-12-31": -34872, "2016-09-30": 3528, "2016-06-30": -3219, "2016-03-31": "-24487.00000", "2015-12-31": 17700, "2015-09-30": -19344, "2015-06-30": 6593, "2015-03-31": "10236.00000", "2014-12-31": 418, "2014-09-30": -16224, "2014-06-30": 30352, "2014-03-31": "-6717.00000", "2013-12-31": 4377, "2013-09-30": 7313, "2013-06-30": 8686, "2013-03-31": "-4755.00000", "2012-12-31": 18382, "2012-09-30": 4125, "2012-06-30": 30133, "2012-03-31": "-24352.00000", "2011-12-31": 5640, "2011-09-30": 20225, "2011-06-30": 36470, "2011-03-31": "16430.00000", "2010-12-31": -2502, "2010-09-30": -1053, "2010-06-30": 16471, "2010-03-31": "-2126.00000", "2009-12-31": 836, "2009-09-30": 3386, "2009-06-30": -2964, "2009-03-31": "-29231.00000", "2008-12-31": -23223, "2008-09-30": 67282, "2008-06-30": 2494, "2008-03-31": "5200.00000", "2007-12-31": 3181, "2007-09-30": -4263, "2007-06-30": 25562, "2007-03-31": "-3012.00000", "2006-12-31": 1346, "2006-09-30": -2686, "2006-06-30": 3423, "2006-03-31": "396.00000", "2005-12-31": 1578, "2005-09-30": -1354, "2005-06-30": 6122, "2005-03-31": "1708.00000"}, "Net Cash Flow": {"2020-12-31": 272, "2020-09-30": 9, "2020-06-30": -2819, "2020-03-31": "2538.00000", "2019-12-31": -1725, "2019-09-30": 1400, "2019-06-30": -701, "2019-03-31": "35.00000", "2018-12-31": 1909, "2018-09-30": -671, "2018-06-30": 1148, "2018-03-31": "-1261.00000", "2017-12-31": -2332, "2017-09-30": 1579, "2017-06-30": -385, "2017-03-31": "67.00000", "2016-12-31": -1033, "2016-09-30": -852, "2016-06-30": 1881, "2016-03-31": "-2609.00000", "2015-12-31": -1697, "2015-09-30": -119, "2015-06-30": 1186, "2015-03-31": "197.00000", "2014-12-31": 560, "2014-09-30": 237, "2014-06-30": 81, "2014-03-31": "-368.00000", "2013-12-31": -844, "2013-09-30": 364, "2013-06-30": 2500, "2013-03-31": "-287.00000", "2012-12-31": -264, "2012-09-30": 469, "2012-06-30": 189, "2012-03-31": "158.00000", "2011-12-31": -2516, "2011-09-30": 1131, "2011-06-30": 1502, "2011-03-31": "383.00000", "2010-12-31": -18, "2010-09-30": 124, "2010-06-30": 262, "2010-03-31": "-425.00000", "2009-12-31": 366, "2009-09-30": -425, "2009-06-30": 111, "2009-03-31": "-1209.00000", "2008-12-31": -40450, "2008-09-30": 39349, "2008-06-30": -1699, "2008-03-31": "1054.00000", "2007-12-31": 625, "2007-09-30": 2745, "2007-06-30": 1106, "2007-03-31": "-681.00000", "2006-12-31": 768, "2006-09-30": -305, "2006-06-30": 146, "2006-03-31": "-651.00000", "2005-12-31": 577, "2005-09-30": 594, "2005-06-30": -256, "2005-03-31": "-1289.00000"}, "Stock-Based Compensation": {"2020-12-31": 0, "2020-09-30": 0, "2020-06-30": 0, "2020-03-31": "", "2019-12-31": 0, "2019-09-30": 0, "2019-06-30": 0, "2019-03-31": "", "2018-12-31": 0, "2018-09-30": 0, "2018-06-30": 0, "2018-03-31": "", "2017-12-31": 0, "2017-09-30": 0, "2017-06-30": 0, "2017-03-31": "", "2016-12-31": 0, "2016-09-30": 0, "2016-06-30": 0, "2016-03-31": "", "2015-12-31": 0, "2015-09-30": 0, "2015-06-30": 0, "2015-03-31": "", "2014-12-31": 0, "2014-09-30": 0, "2014-06-30": 0, "2014-03-31": "", "2013-12-31": 0, "2013-09-30": 0, "2013-06-30": 0, "2013-03-31": "", "2012-12-31": 0, "2012-09-30": 0, "2012-06-30": 0, "2012-03-31": "", "2011-12-31": 0, "2011-09-30": 0, "2011-06-30": 0, "2011-03-31": "", "2010-12-31": 0, "2010-09-30": 0, "2010-06-30": 0, "2010-03-31": "", "2009-12-31": 0, "2009-09-30": 0, "2009-06-30": 0, "2009-03-31": "", "2008-12-31": 0, "2008-09-30": 0, "2008-06-30": 0, "2008-03-31": "", "2007-12-31": 0, "2007-09-30": 0, "2007-06-30": 0, "2007-03-31": "", "2006-12-31": 0, "2006-09-30": 0, "2006-06-30": 0, "2006-03-31": "", "2005-12-31": 0, "2005-09-30": 0, "2005-06-30": 0, "2005-03-31": ""}, "Common Stock Dividends Paid": {"2020-12-31": 838, "2020-09-30": -278, "2020-06-30": -278, "2020-03-31": "-282.00000", "2019-12-31": -286, "2019-09-30": -294, "2019-06-30": -270, "2019-03-31": "-270.00000", "2018-12-31": -278, "2018-09-30": -283, "2018-06-30": -245, "2018-03-31": "-246.00000", "2017-12-31": -248, "2017-09-30": -253, "2017-06-30": -199, "2017-03-31": "-201.00000", "2016-12-31": -202, "2016-09-30": -206, "2016-06-30": -184, "2016-03-31": "-186.00000", "2015-12-31": -186, "2015-09-30": -191, "2015-06-30": -191, "2015-03-31": "-192.00000", "2014-12-31": -194, "2014-09-30": -196, "2014-06-30": -197, "2014-03-31": "-173.00000", "2013-12-31": -175, "2013-09-30": -175, "2013-06-30": -177, "2013-03-31": "-153.00000", "2012-12-31": -154, "2012-09-30": -155, "2012-06-30": -156, "2012-03-31": "-158.00000", "2011-12-31": -158, "2011-09-30": -161, "2011-06-30": -162, "2011-03-31": "-112.00000", "2010-12-31": -112, "2010-09-30": -109, "2010-06-30": -110, "2010-03-31": "-109.00000", "2009-12-31": -109, "2009-09-30": -112, "2009-06-30": -101, "2009-03-31": "-277.00000", "2008-12-31": -277, "2008-09-30": -277, "2008-06-30": -277, "2008-03-31": "-276.00000", "2007-12-31": -274, "2007-09-30": -274, "2007-06-30": -168, "2007-03-31": "-168.00000", "2006-12-31": -165, "2006-09-30": -168, "2006-06-30": -159, "2006-03-31": "-164.00000", "2005-12-31": -162, "2005-09-30": -161, "2005-06-30": -154, "2005-03-31": "-167.00000"}}, "financial ratios": {"Current Ratio": {"2019-12-31": "", "2018-12-31": "", "2017-12-31": "", "2016-12-31": "", "2015-12-31": "", "2014-12-31": "", "2013-12-31": "", "2012-12-31": "", "2011-12-31": "", "2010-12-31": "", "2009-12-31": "", "2008-12-31": "", "2007-12-31": "", "2006-12-31": "", "2005-12-31": ""}, "Long-term Debt / Capital": {"2019-12-31": "0.40320", "2018-12-31": "0.44290", "2017-12-31": "0.42720", "2016-12-31": "0.39010", "2015-12-31": "0.36270", "2014-12-31": "0.35360", "2013-12-31": "0.34910", "2012-12-31": "0.34820", "2011-12-31": "0.39340", "2010-12-31": "0.36950", "2009-12-31": "0.37910", "2008-12-31": "0.37170", "2007-12-31": "0.38890", "2006-12-31": "0.47100", "2005-12-31": "0.46890"}, "Debt/Equity Ratio": {"2019-12-31": "1.16150", "2018-12-31": "1.27770", "2017-12-31": "1.28060", "2016-12-31": "1.00420", "2015-12-31": "1.07220", "2014-12-31": "1.03840", "2013-12-31": "0.97220", "2012-12-31": "0.96210", "2011-12-31": "1.06950", "2010-12-31": "0.96470", "2009-12-31": "0.94700", "2008-12-31": "1.13230", "2007-12-31": "1.00540", "2006-12-31": "1.19830", "2005-12-31": "1.23210"}, "Gross Margin": {"2019-12-31": "", "2018-12-31": "", "2017-12-31": "", "2016-12-31": "", "2015-12-31": "", "2014-12-31": "", "2013-12-31": "", "2012-12-31": "", "2011-12-31": "", "2010-12-31": "", "2009-12-31": "", "2008-12-31": "", "2007-12-31": "", "2006-12-31": "", "2005-12-31": ""}, "Operating Margin": {"2019-12-31": "", "2018-12-31": "", "2017-12-31": "", "2016-12-31": "", "2015-12-31": "", "2014-12-31": "", "2013-12-31": "", "2012-12-31": "", "2011-12-31": "", "2010-12-31": "", "2009-12-31": "", "2008-12-31": "", "2007-12-31": "", "2006-12-31": "", "2005-12-31": ""}, "EBIT Margin": {"2019-12-31": "", "2018-12-31": "", "2017-12-31": "", "2016-12-31": "", "2015-12-31": "", "2014-12-31": "", "2013-12-31": "", "2012-12-31": "", "2011-12-31": "", "2010-12-31": "", "2009-12-31": "", "2008-12-31": "", "2007-12-31": "", "2006-12-31": "", "2005-12-31": ""}, "EBITDA Margin": {"2019-12-31": "", "2018-12-31": "", "2017-12-31": "", "2016-12-31": "", "2015-12-31": "", "2014-12-31": "", "2013-12-31": "", "2012-12-31": "", "2011-12-31": "", "2010-12-31": "", "2009-12-31": "", "2008-12-31": "", "2007-12-31": "", "2006-12-31": "", "2005-12-31": ""}, "Pre-Tax Profit Margin": {"2019-12-31": "33.88730", "2018-12-31": "31.65280", "2017-12-31": "29.61390", "2016-12-31": "30.98770", "2015-12-31": "28.16950", "2014-12-31": "22.63660", "2013-12-31": "25.04140", "2012-12-31": "22.85230", "2011-12-31": "24.55700", "2010-12-31": "26.64460", "2009-12-31": "-30.15570", "2008-12-31": "14.44800", "2007-12-31": "28.42870", "2006-12-31": "31.64190", "2005-12-31": "32.62950"}, "Net Profit Margin": {"2019-12-31": "25.80220", "2018-12-31": "24.81250", "2017-12-31": "24.87310", "2016-12-31": "22.46200", "2015-12-31": "20.02130", "2014-12-31": "15.57180", "2013-12-31": "13.27320", "2012-12-31": "16.26280", "2011-12-31": "16.83750", "2010-12-31": "17.99630", "2009-12-31": "-18.66980", "2008-12-31": "10.29030", "2007-12-31": "18.02990", "2006-12-31": "41.51360", "2005-12-31": "25.91550"}, "Asset Turnover": {"2019-12-31": "0.04320", "2018-12-31": "0.04520", "2017-12-31": "0.04190", "2016-12-31": "0.04570", "2015-12-31": "0.03820", "2014-12-31": "0.04090", "2013-12-31": "0.04030", "2012-12-31": "0.04090", "2011-12-31": "0.04530", "2010-12-31": "0.05610", "2009-12-31": "0.03450", "2008-12-31": "0.05670", "2007-12-31": "0.05720", "2006-12-31": "0.06640", "2005-12-31": "0.05940"}, "Inventory Turnover Ratio": {"2019-12-31": "", "2018-12-31": "", "2017-12-31": "", "2016-12-31": "", "2015-12-31": "", "2014-12-31": "", "2013-12-31": "", "2012-12-31": "", "2011-12-31": "", "2010-12-31": "", "2009-12-31": "", "2008-12-31": "", "2007-12-31": "", "2006-12-31": "", "2005-12-31": ""}, "Receiveable Turnover": {"2019-12-31": "", "2018-12-31": "", "2017-12-31": "", "2016-12-31": "", "2015-12-31": "", "2014-12-31": "", "2013-12-31": "", "2012-12-31": "", "2011-12-31": "", "2010-12-31": "", "2009-12-31": "", "2008-12-31": "", "2007-12-31": "", "2006-12-31": "", "2005-12-31": ""}, "Days Sales In Receivables": {"2019-12-31": "", "2018-12-31": "", "2017-12-31": "", "2016-12-31": "", "2015-12-31": "", "2014-12-31": "", "2013-12-31": "", "2012-12-31": "", "2011-12-31": "", "2010-12-31": "", "2009-12-31": "", "2008-12-31": "", "2007-12-31": "", "2006-12-31": "", "2005-12-31": ""}, "ROE - Return On Equity": {"2019-12-31": "11.74200", "2018-12-31": "11.43640", "2017-12-31": "10.81920", "2016-12-31": "9.88660", "2015-12-31": "8.89490", "2014-12-31": "7.18190", "2013-12-31": "5.95080", "2012-12-31": "6.94830", "2011-12-31": "7.53660", "2010-12-31": "8.00540", "2009-12-31": "-2.80320", "2008-12-31": "5.75030", "2007-12-31": "7.57750", "2006-12-31": "12.91450", "2005-12-31": "13.59860"}, "Return On Tangible Equity": {"2019-12-31": "21.17870", "2018-12-31": "21.09180", "2017-12-31": "19.97860", "2016-12-31": "19.16280", "2015-12-31": "18.60810", "2014-12-31": "16.08810", "2013-12-31": "13.86860", "2012-12-31": "17.48960", "2011-12-31": "23.28890", "2010-12-31": "28.38000", "2009-12-31": "-11.34520", "2008-12-31": "22.96760", "2007-12-31": "33.40330", "2006-12-31": "29.71010", "2005-12-31": "24.17640"}, "ROA - Return On Assets": {"2019-12-31": "1.17090", "2018-12-31": "1.17230", "2017-12-31": "1.10660", "2016-12-31": "1.06400", "2015-12-31": "0.81820", "2014-12-31": "0.68800", "2013-12-31": "0.58340", "2012-12-31": "0.70060", "2011-12-31": "0.78980", "2010-12-31": "1.07050", "2009-12-31": "-0.38310", "2008-12-31": "0.61260", "2007-12-31": "1.12720", "2006-12-31": "1.43010", "2005-12-31": "1.31510"}, "ROI - Return On Investment": {"2019-12-31": "6.41030", "2018-12-31": "5.81710", "2017-12-31": "5.66870", "2016-12-31": "5.48840", "2015-12-31": "5.29540", "2014-12-31": "4.45370", "2013-12-31": "3.71550", "2012-12-31": "4.39890", "2011-12-31": "4.57170", "2010-12-31": "5.04770", "2009-12-31": "-1.74040", "2008-12-31": "3.25440", "2007-12-31": "4.63050", "2006-12-31": "6.83240", "2005-12-31": "7.22160"}, "Book Value Per Share": {"2019-12-31": "46.17050", "2018-12-31": "42.41760", "2017-12-31": "41.01570", "2016-12-31": "37.64150", "2015-12-31": "35.72600", "2014-12-31": "34.40620", "2013-12-31": "33.51280", "2012-12-31": "32.02780", "2011-12-31": "28.17860", "2010-12-31": "26.63250", "2009-12-31": "24.01240", "2008-12-31": "24.45780", "2007-12-31": "25.65750", "2006-12-31": "16.02550", "2005-12-31": "13.57200"}, "Operating Cash Flow Per Share": {"2019-12-31": -5.8517, "2018-12-31": 1.4673, "2017-12-31": -1.3598, "2016-12-31": 2.1364, "2015-12-31": -0.2324, "2014-12-31": 4.4981, "2013-12-31": -1.9384, "2012-12-31": -0.4255, "2011-12-31": -1.5222, "2010-12-31": 0.1228, "2009-12-31": 0.6697, "2008-12-31": -1.7282, "2007-12-31": -1.1481, "2006-12-31": 6.9431, "2005-12-31": -1.5293}, "Free Cash Flow Per Share": {"2019-12-31": -6.0574, "2018-12-31": 1.5406, "2017-12-31": -1.8015, "2016-12-31": 1.9677, "2015-12-31": -0.5915, "2014-12-31": 4.8445, "2013-12-31": -1.9178, "2012-12-31": -0.4593, "2011-12-31": -1.8589, "2010-12-31": 0.2098, "2009-12-31": 0.6332, "2008-12-31": -1.6211, "2007-12-31": -1.3837, "2006-12-31": 7.0231, "2005-12-31": -1.7089}}, "financial ratios, quarterly": {"Current Ratio": {"2020-09-30": "", "2020-06-30": "", "2020-03-31": "", "2019-12-31": "", "2019-09-30": "", "2019-06-30": "", "2019-03-31": "", "2018-12-31": "", "2018-09-30": "", "2018-06-30": "", "2018-03-31": "", "2017-12-31": "", "2017-09-30": "", "2017-06-30": "", "2017-03-31": "", "2016-12-31": "", "2016-09-30": "", "2016-06-30": "", "2016-03-31": "", "2015-12-31": "", "2015-09-30": "", "2015-06-30": "", "2015-03-31": "", "2014-12-31": "", "2014-09-30": "", "2014-06-30": "", "2014-03-31": "", "2013-12-31": "", "2013-09-30": "", "2013-06-30": "", "2013-03-31": "", "2012-12-31": "", "2012-09-30": "", "2012-06-30": "", "2012-03-31": "", "2011-12-31": "", "2011-09-30": "", "2011-06-30": "", "2011-03-31": "", "2010-12-31": "", "2010-09-30": "", "2010-06-30": "", "2010-03-31": "", "2009-12-31": "", "2009-09-30": "", "2009-06-30": "", "2009-03-31": "", "2008-12-31": "", "2008-09-30": "", "2008-06-30": "", "2008-03-31": "", "2007-12-31": "", "2007-09-30": "", "2007-06-30": "", "2007-03-31": "", "2006-12-31": "", "2006-09-30": "", "2006-06-30": "", "2006-03-31": "", "2005-12-31": "", "2005-09-30": "", "2005-06-30": "", "2005-03-31": ""}, "Long-term Debt / Capital": {"2020-09-30": "0.37010", "2020-06-30": "0.39990", "2020-03-31": "0.41320", "2019-12-31": "0.40320", "2019-09-30": "0.40980", "2019-06-30": "0.41940", "2019-03-31": "0.43480", "2018-12-31": "0.44290", "2018-09-30": "0.42710", "2018-06-30": "0.42970", "2018-03-31": "0.41280", "2017-12-31": "0.42720", "2017-09-30": "0.43710", "2017-06-30": "0.41870", "2017-03-31": "0.40820", "2016-12-31": "0.39010", "2016-09-30": "0.38690", "2016-06-30": "0.38670", "2016-03-31": "0.36530", "2015-12-31": "0.36270", "2015-09-30": "0.36180", "2015-06-30": "0.34980", "2015-03-31": "0.35490", "2014-12-31": "0.35360", "2014-09-30": "0.36310", "2014-06-30": "0.35700", "2014-03-31": "0.36130", "2013-12-31": "0.34910", "2013-09-30": "0.34310", "2013-06-30": "0.34720", "2013-03-31": "0.36130", "2012-12-31": "0.34820", "2012-09-30": "0.35740", "2012-06-30": "0.37140", "2012-03-31": "0.39220", "2011-12-31": "0.39340", "2011-09-30": "0.41050", "2011-06-30": "0.35850", "2011-03-31": "0.35060", "2010-12-31": "0.36950", "2010-09-30": "0.36570", "2010-06-30": "0.37630", "2010-03-31": "0.36880", "2009-12-31": "0.37910", "2009-09-30": "0.39860", "2009-06-30": "0.40660", "2009-03-31": "0.37530", "2008-12-31": "0.37170", "2008-09-30": "0.40150", "2008-06-30": "0.37380", "2008-03-31": "0.41710", "2007-12-31": "0.38890", "2007-09-30": "0.36190", "2007-06-30": "0.51590", "2007-03-31": "0.49500", "2006-12-31": "0.47100", "2006-09-30": "0.47720", "2006-06-30": "0.47870", "2006-03-31": "0.48380", "2005-12-31": "0.46890", "2005-09-30": "0.47800", "2005-06-30": "0.47720", "2005-03-31": "0.47050"}, "Debt/Equity Ratio": {"2020-09-30": "1.08930", "2020-06-30": "1.14050", "2020-03-31": "1.21030", "2019-12-31": "1.16150", "2019-09-30": "1.18050", "2019-06-30": "1.30800", "2019-03-31": "1.21490", "2018-12-31": "1.27770", "2018-09-30": "1.09190", "2018-06-30": "1.21760", "2018-03-31": "1.39220", "2017-12-31": "1.28060", "2017-09-30": "1.16920", "2017-06-30": "1.11480", "2017-03-31": "1.10600", "2016-12-31": "1.00420", "2016-09-30": "0.93480", "2016-06-30": "0.98340", "2016-03-31": "1.08810", "2015-12-31": "1.07220", "2015-09-30": "0.91540", "2015-06-30": "0.93210", "2015-03-31": "0.94480", "2014-12-31": "1.03840", "2014-09-30": "1.01280", "2014-06-30": "0.99290", "2014-03-31": "0.99140", "2013-12-31": "0.97220", "2013-09-30": "1.06780", "2013-06-30": "1.09590", "2013-03-31": "1.04370", "2012-12-31": "0.96210", "2012-09-30": "1.13460", "2012-06-30": "1.09020", "2012-03-31": "1.10600", "2011-12-31": "1.06950", "2011-09-30": "1.12580", "2011-06-30": "0.97750", "2011-03-31": "0.93320", "2010-12-31": "0.96470", "2010-09-30": "0.98480", "2010-06-30": "0.95830", "2010-03-31": "0.91820", "2009-12-31": "0.94700", "2009-09-30": "1.03500", "2009-06-30": "1.02280", "2009-03-31": "0.90630", "2008-12-31": "1.13230", "2008-09-30": "1.51060", "2008-06-30": "0.84130", "2008-03-31": "1.02780", "2007-12-31": "1.00540", "2007-09-30": "0.84020", "2007-06-30": "1.41690", "2007-03-31": "1.24420", "2006-12-31": "1.19830", "2006-09-30": "1.24340", "2006-06-30": "1.34830", "2006-03-31": "1.28740", "2005-12-31": "1.23210", "2005-09-30": "1.59490", "2005-06-30": "1.40090", "2005-03-31": "1.30860"}, "Gross Margin": {"2020-09-30": "", "2020-06-30": "", "2020-03-31": "", "2019-12-31": "", "2019-09-30": "", "2019-06-30": "", "2019-03-31": "", "2018-12-31": "", "2018-09-30": "", "2018-06-30": "", "2018-03-31": "", "2017-12-31": "", "2017-09-30": "", "2017-06-30": "", "2017-03-31": "", "2016-12-31": "", "2016-09-30": "", "2016-06-30": "", "2016-03-31": "", "2015-12-31": "", "2015-09-30": "", "2015-06-30": "", "2015-03-31": "", "2014-12-31": "", "2014-09-30": "", "2014-06-30": "", "2014-03-31": "", "2013-12-31": "", "2013-09-30": "", "2013-06-30": "", "2013-03-31": "", "2012-12-31": "", "2012-09-30": "", "2012-06-30": "", "2012-03-31": "", "2011-12-31": "", "2011-09-30": "", "2011-06-30": "", "2011-03-31": "", "2010-12-31": "", "2010-09-30": "", "2010-06-30": "", "2010-03-31": "", "2009-12-31": "", "2009-09-30": "", "2009-06-30": "", "2009-03-31": "", "2008-12-31": "", "2008-09-30": "", "2008-06-30": "", "2008-03-31": "", "2007-12-31": "", "2007-09-30": "", "2007-06-30": "", "2007-03-31": "", "2006-12-31": "", "2006-09-30": "", "2006-06-30": "", "2006-03-31": "", "2005-12-31": "", "2005-09-30": "", "2005-06-30": "", "2005-03-31": ""}, "Operating Margin": {"2020-09-30": "", "2020-06-30": "", "2020-03-31": "", "2019-12-31": "", "2019-09-30": "", "2019-06-30": "", "2019-03-31": "", "2018-12-31": "", "2018-09-30": "", "2018-06-30": "", "2018-03-31": "", "2017-12-31": "", "2017-09-30": "", "2017-06-30": "", "2017-03-31": "", "2016-12-31": "", "2016-09-30": "", "2016-06-30": "", "2016-03-31": "", "2015-12-31": "", "2015-09-30": "", "2015-06-30": "", "2015-03-31": "", "2014-12-31": "", "2014-09-30": "", "2014-06-30": "", "2014-03-31": "", "2013-12-31": "", "2013-09-30": "", "2013-06-30": "", "2013-03-31": "", "2012-12-31": "", "2012-09-30": "", "2012-06-30": "", "2012-03-31": "", "2011-12-31": "", "2011-09-30": "", "2011-06-30": "", "2011-03-31": "", "2010-12-31": "", "2010-09-30": "", "2010-06-30": "", "2010-03-31": "", "2009-12-31": "", "2009-09-30": "", "2009-06-30": "", "2009-03-31": "", "2008-12-31": "", "2008-09-30": "", "2008-06-30": "", "2008-03-31": "", "2007-12-31": "", "2007-09-30": "", "2007-06-30": "", "2007-03-31": "", "2006-12-31": "", "2006-09-30": "", "2006-06-30": "", "2006-03-31": "", "2005-12-31": "", "2005-09-30": "", "2005-06-30": "", "2005-03-31": ""}, "EBIT Margin": {"2020-09-30": "", "2020-06-30": "", "2020-03-31": "", "2019-12-31": "", "2019-09-30": "", "2019-06-30": "", "2019-03-31": "", "2018-12-31": "", "2018-09-30": "", "2018-06-30": "", "2018-03-31": "", "2017-12-31": "", "2017-09-30": "", "2017-06-30": "", "2017-03-31": "", "2016-12-31": "", "2016-09-30": "", "2016-06-30": "", "2016-03-31": "", "2015-12-31": "", "2015-09-30": "", "2015-06-30": "", "2015-03-31": "", "2014-12-31": "", "2014-09-30": "", "2014-06-30": "", "2014-03-31": "", "2013-12-31": "", "2013-09-30": "", "2013-06-30": "", "2013-03-31": "", "2012-12-31": "", "2012-09-30": "", "2012-06-30": "", "2012-03-31": "", "2011-12-31": "", "2011-09-30": "", "2011-06-30": "", "2011-03-31": "", "2010-12-31": "", "2010-09-30": "", "2010-06-30": "", "2010-03-31": "", "2009-12-31": "", "2009-09-30": "", "2009-06-30": "", "2009-03-31": "", "2008-12-31": "", "2008-09-30": "", "2008-06-30": "", "2008-03-31": "", "2007-12-31": "", "2007-09-30": "", "2007-06-30": "", "2007-03-31": "", "2006-12-31": "", "2006-09-30": "", "2006-06-30": "", "2006-03-31": "", "2005-12-31": "", "2005-09-30": "", "2005-06-30": "", "2005-03-31": ""}, "EBITDA Margin": {"2020-09-30": "", "2020-06-30": "", "2020-03-31": "", "2019-12-31": "", "2019-09-30": "", "2019-06-30": "", "2019-03-31": "", "2018-12-31": "", "2018-09-30": "", "2018-06-30": "", "2018-03-31": "", "2017-12-31": "", "2017-09-30": "", "2017-06-30": "", "2017-03-31": "", "2016-12-31": "", "2016-09-30": "", "2016-06-30": "", "2016-03-31": "", "2015-12-31": "", "2015-09-30": "", "2015-06-30": "", "2015-03-31": "", "2014-12-31": "", "2014-09-30": "", "2014-06-30": "", "2014-03-31": "", "2013-12-31": "", "2013-09-30": "", "2013-06-30": "", "2013-03-31": "", "2012-12-31": "", "2012-09-30": "", "2012-06-30": "", "2012-03-31": "", "2011-12-31": "", "2011-09-30": "", "2011-06-30": "", "2011-03-31": "", "2010-12-31": "", "2010-09-30": "", "2010-06-30": "", "2010-03-31": "", "2009-12-31": "", "2009-09-30": "", "2009-06-30": "", "2009-03-31": "", "2008-12-31": "", "2008-09-30": "", "2008-06-30": "", "2008-03-31": "", "2007-12-31": "", "2007-09-30": "", "2007-06-30": "", "2007-03-31": "", "2006-12-31": "", "2006-09-30": "", "2006-06-30": "", "2006-03-31": "", "2005-12-31": "", "2005-09-30": "", "2005-06-30": "", "2005-03-31": ""}, "Pre-Tax Profit Margin": {"2020-09-30": "30.14590", "2020-06-30": "30.54050", "2020-03-31": "31.15000", "2019-12-31": "38.06940", "2019-09-30": "33.19580", "2019-06-30": "32.68060", "2019-03-31": "30.65260", "2018-12-31": "25.45550", "2018-09-30": "32.76030", "2018-06-30": "33.66340", "2018-03-31": "34.52070", "2017-12-31": "19.49650", "2017-09-30": "34.01290", "2017-06-30": "33.00530", "2017-03-31": "31.34100", "2016-12-31": "30.45200", "2016-09-30": "33.25760", "2016-06-30": "30.77940", "2016-03-31": "29.32800", "2015-12-31": "24.44570", "2015-09-30": "29.26890", "2015-06-30": "29.93320", "2015-03-31": "28.75990", "2014-12-31": "4.44690", "2014-09-30": "35.89630", "2014-06-30": "21.58640", "2014-03-31": "25.26600", "2013-12-31": "20.19420", "2013-09-30": "26.50090", "2013-06-30": "30.21760", "2013-03-31": "22.58420", "2012-12-31": "23.19200", "2012-09-30": "26.49460", "2012-06-30": "16.19910", "2012-03-31": "24.30650", "2011-12-31": "19.59060", "2011-09-30": "25.43060", "2011-06-30": "26.85710", "2011-03-31": "26.02850", "2010-12-31": "25.70900", "2010-09-30": "24.20900", "2010-06-30": "30.28300", "2010-03-31": "26.59450", "2009-12-31": "20.65150", "2009-09-30": "239.72190", "2009-06-30": "17.71410", "2009-03-31": "20.05610", "2008-12-31": "-1.55700", "2008-09-30": "7.39400", "2008-06-30": "18.46020", "2008-03-31": "29.99200", "2007-12-31": "27.19810", "2007-09-30": "24.83330", "2007-06-30": "32.14460", "2007-03-31": "33.64630", "2006-12-31": "32.61670", "2006-09-30": "26.08160", "2006-06-30": "34.18160", "2006-03-31": "33.35410", "2005-12-31": "30.39360", "2005-09-30": "32.21570", "2005-06-30": "33.09310", "2005-03-31": "34.44920"}, "Net Profit Margin": {"2020-09-30": "22.79830", "2020-06-30": "23.27390", "2020-03-31": "23.88930", "2019-12-31": "28.93860", "2019-09-30": "25.76740", "2019-06-30": "24.54220", "2019-03-31": "23.25280", "2018-12-31": "20.63890", "2018-09-30": "26.22790", "2018-06-30": "25.30790", "2018-03-31": "26.94240", "2017-12-31": "29.94110", "2017-09-30": "24.44060", "2017-06-30": "23.03810", "2017-03-31": "22.50520", "2016-12-31": "21.38510", "2016-09-30": "24.21720", "2016-06-30": "21.45310", "2016-03-31": "21.31720", "2015-12-31": "17.62560", "2015-09-30": "21.48320", "2015-06-30": "21.09460", "2015-03-31": "19.89450", "2014-12-31": "5.55860", "2014-09-30": "22.67820", "2014-06-30": "14.47960", "2014-03-31": "17.68080", "2013-12-31": "13.95280", "2013-09-30": "24.96690", "2013-06-30": "20.17800", "2013-03-31": "-7.36380", "2012-12-31": "16.66670", "2012-09-30": "19.26630", "2012-06-30": "12.59630", "2012-03-31": "16.94590", "2011-12-31": "14.21670", "2011-09-30": "17.22280", "2011-06-30": "18.88310", "2011-03-31": "16.81300", "2010-12-31": "17.99630", "2010-09-30": "18.05520", "2010-06-30": "19.80730", "2010-03-31": "16.81710", "2009-12-31": "18.22370", "2009-09-30": "148.60940", "2009-06-30": "6.07730", "2009-03-31": "11.29030", "2008-12-31": "0.99080", "2008-09-30": "8.45420", "2008-06-30": "9.18550", "2008-03-31": "19.99460", "2007-12-31": "13.77120", "2007-09-30": "17.77780", "2007-06-30": "21.73910", "2007-03-31": "22.63950", "2006-12-31": "93.81230", "2006-09-30": "21.75530", "2006-06-30": "25.91090", "2006-03-31": "26.30920", "2005-12-31": "29.51900", "2005-09-30": "25.57530", "2005-06-30": "26.08130", "2005-03-31": "23.06760"}, "Asset Turnover": {"2020-09-30": "0.00900", "2020-06-30": "0.00870", "2020-03-31": "0.00840", "2019-12-31": "0.01250", "2019-09-30": "0.01040", "2019-06-30": "0.01030", "2019-03-31": "0.01120", "2018-12-31": "0.01100", "2018-09-30": "0.01160", "2018-06-30": "0.01170", "2018-03-31": "0.01120", "2017-12-31": "0.01000", "2017-09-30": "0.01130", "2017-06-30": "0.01120", "2017-03-31": "0.01140", "2016-12-31": "0.01130", "2016-09-30": "0.01060", "2016-06-30": "0.01020", "2016-03-31": "0.01000", "2015-12-31": "0.00900", "2015-09-30": "0.01000", "2015-06-30": "0.00980", "2015-03-31": "0.00950", "2014-12-31": "0.00960", "2014-09-30": "0.01200", "2014-06-30": "0.00940", "2014-03-31": "0.01000", "2013-12-31": "0.00960", "2013-09-30": "0.01020", "2013-06-30": "0.01120", "2013-03-31": "0.01030", "2012-12-31": "0.01020", "2012-09-30": "0.01080", "2012-06-30": "0.01100", "2012-03-31": "0.01210", "2011-12-31": "0.01080", "2011-09-30": "0.01150", "2011-06-30": "0.01260", "2011-03-31": "0.01370", "2010-12-31": "0.01530", "2010-09-30": "0.01360", "2010-06-30": "0.01410", "2010-03-31": "0.01510", "2009-12-31": "0.01530", "2009-09-30": "-0.00780", "2009-06-30": "0.01430", "2009-03-31": "0.01400", "2008-12-31": "0.01190", "2008-09-30": "0.01340", "2008-06-30": "0.01670", "2008-03-31": "0.01820", "2007-12-31": "0.01910", "2007-09-30": "0.01960", "2007-06-30": "0.01620", "2007-03-31": "0.01920", "2006-12-31": "0.01850", "2006-09-30": "0.01520", "2006-06-30": "0.01590", "2006-03-31": "0.01550", "2005-12-31": "0.01340", "2005-09-30": "0.01490", "2005-06-30": "0.01480", "2005-03-31": "0.01700"}, "Inventory Turnover Ratio": {"2020-09-30": "", "2020-06-30": "", "2020-03-31": "", "2019-12-31": "", "2019-09-30": "", "2019-06-30": "", "2019-03-31": "", "2018-12-31": "", "2018-09-30": "", "2018-06-30": "", "2018-03-31": "", "2017-12-31": "", "2017-09-30": "", "2017-06-30": "", "2017-03-31": "", "2016-12-31": "", "2016-09-30": "", "2016-06-30": "", "2016-03-31": "", "2015-12-31": "", "2015-09-30": "", "2015-06-30": "", "2015-03-31": "", "2014-12-31": "", "2014-09-30": "", "2014-06-30": "", "2014-03-31": "", "2013-12-31": "", "2013-09-30": "", "2013-06-30": "", "2013-03-31": "", "2012-12-31": "", "2012-09-30": "", "2012-06-30": "", "2012-03-31": "", "2011-12-31": "", "2011-09-30": "", "2011-06-30": "", "2011-03-31": "", "2010-12-31": "", "2010-09-30": "", "2010-06-30": "", "2010-03-31": "", "2009-12-31": "", "2009-09-30": "", "2009-06-30": "", "2009-03-31": "", "2008-12-31": "", "2008-09-30": "", "2008-06-30": "", "2008-03-31": "", "2007-12-31": "", "2007-09-30": "", "2007-06-30": "", "2007-03-31": "", "2006-12-31": "", "2006-09-30": "", "2006-06-30": "", "2006-03-31": "", "2005-12-31": "", "2005-09-30": "", "2005-06-30": "", "2005-03-31": ""}, "Receiveable Turnover": {"2020-09-30": "", "2020-06-30": "", "2020-03-31": "", "2019-12-31": "", "2019-09-30": "", "2019-06-30": "", "2019-03-31": "", "2018-12-31": "", "2018-09-30": "", "2018-06-30": "", "2018-03-31": "", "2017-12-31": "", "2017-09-30": "", "2017-06-30": "", "2017-03-31": "", "2016-12-31": "", "2016-09-30": "", "2016-06-30": "", "2016-03-31": "", "2015-12-31": "", "2015-09-30": "", "2015-06-30": "", "2015-03-31": "", "2014-12-31": "", "2014-09-30": "", "2014-06-30": "", "2014-03-31": "", "2013-12-31": "", "2013-09-30": "", "2013-06-30": "", "2013-03-31": "", "2012-12-31": "", "2012-09-30": "", "2012-06-30": "", "2012-03-31": "", "2011-12-31": "", "2011-09-30": "", "2011-06-30": "", "2011-03-31": "", "2010-12-31": "", "2010-09-30": "", "2010-06-30": "", "2010-03-31": "", "2009-12-31": "", "2009-09-30": "", "2009-06-30": "", "2009-03-31": "", "2008-12-31": "", "2008-09-30": "", "2008-06-30": "", "2008-03-31": "", "2007-12-31": "", "2007-09-30": "", "2007-06-30": "", "2007-03-31": "", "2006-12-31": "", "2006-09-30": "", "2006-06-30": "", "2006-03-31": "", "2005-12-31": "", "2005-09-30": "", "2005-06-30": "", "2005-03-31": ""}, "Days Sales In Receivables": {"2020-09-30": "", "2020-06-30": "", "2020-03-31": "", "2019-12-31": "", "2019-09-30": "", "2019-06-30": "", "2019-03-31": "", "2018-12-31": "", "2018-09-30": "", "2018-06-30": "", "2018-03-31": "", "2017-12-31": "", "2017-09-30": "", "2017-06-30": "", "2017-03-31": "", "2016-12-31": "", "2016-09-30": "", "2016-06-30": "", "2016-03-31": "", "2015-12-31": "", "2015-09-30": "", "2015-06-30": "", "2015-03-31": "", "2014-12-31": "", "2014-09-30": "", "2014-06-30": "", "2014-03-31": "", "2013-12-31": "", "2013-09-30": "", "2013-06-30": "", "2013-03-31": "", "2012-12-31": "", "2012-09-30": "", "2012-06-30": "", "2012-03-31": "", "2011-12-31": "", "2011-09-30": "", "2011-06-30": "", "2011-03-31": "", "2010-12-31": "", "2010-09-30": "", "2010-06-30": "", "2010-03-31": "", "2009-12-31": "", "2009-09-30": "", "2009-06-30": "", "2009-03-31": "", "2008-12-31": "", "2008-09-30": "", "2008-06-30": "", "2008-03-31": "", "2007-12-31": "", "2007-09-30": "", "2007-06-30": "", "2007-03-31": "", "2006-12-31": "", "2006-09-30": "", "2006-06-30": "", "2006-03-31": "", "2005-12-31": "", "2005-09-30": "", "2005-06-30": "", "2005-03-31": ""}, "ROE - Return On Equity": {"2020-09-30": "2.32310", "2020-06-30": "2.45690", "2020-03-31": "2.55190", "2019-12-31": "3.80880", "2019-09-30": "2.75540", "2019-06-30": "2.67580", "2019-03-31": "2.52880", "2018-12-31": "2.33890", "2018-09-30": "2.92330", "2018-06-30": "2.91460", "2018-03-31": "3.02620", "2017-12-31": "3.10590", "2017-09-30": "2.72980", "2017-06-30": "2.65400", "2017-03-31": "2.59340", "2016-12-31": "2.42980", "2016-09-30": "2.70920", "2016-06-30": "2.39250", "2016-03-31": "2.20980", "2015-12-31": "1.92140", "2015-09-30": "2.27200", "2015-06-30": "2.42710", "2015-03-31": "2.18310", "2014-12-31": "0.69630", "2014-09-30": "2.92670", "2014-06-30": "1.57670", "2014-03-31": "1.86580", "2013-12-31": "1.51420", "2013-09-30": "2.71410", "2013-06-30": "2.50990", "2013-03-31": "-0.66900", "2012-12-31": "1.78470", "2012-09-30": "2.07740", "2012-06-30": "1.42180", "2012-03-31": "1.81800", "2011-12-31": "1.40230", "2011-09-30": "1.93000", "2011-06-30": "2.18750", "2011-03-31": "1.96860", "2010-12-31": "2.13220", "2010-09-30": "1.86910", "2010-06-30": "2.25690", "2010-03-31": "2.05550", "2009-12-31": "2.45840", "2009-09-30": "-8.61000", "2009-06-30": "1.83490", "2009-03-31": "1.61540", "2008-12-31": "0.35960", "2008-09-30": "1.11580", "2008-06-30": "1.08160", "2008-03-31": "2.66200", "2007-12-31": "2.38070", "2007-09-30": "2.21710", "2007-06-30": "3.78730", "2007-03-31": "3.79110", "2006-12-31": "3.73610", "2006-09-30": "2.84700", "2006-06-30": "3.88820", "2006-03-31": "3.56400", "2005-12-31": "2.91620", "2005-09-30": "3.46590", "2005-06-30": "3.62160", "2005-03-31": "4.06000"}, "Return On Tangible Equity": {"2020-09-30": "3.80880", "2020-06-30": "4.10450", "2020-03-31": "4.59650", "2019-12-31": "6.86990", "2019-09-30": "4.96870", "2019-06-30": "4.81560", "2019-03-31": "4.59900", "2018-12-31": "4.31360", "2018-09-30": "5.30430", "2018-06-30": "5.31900", "2018-03-31": "5.54020", "2017-12-31": "5.73520", "2017-09-30": "5.12490", "2017-06-30": "5.04290", "2017-03-31": "4.99250", "2016-12-31": "4.70970", "2016-09-30": "5.20580", "2016-06-30": "4.89210", "2016-03-31": "4.55700", "2015-12-31": "4.01960", "2015-09-30": "4.76410", "2015-06-30": "5.11710", "2015-03-31": "4.77740", "2014-12-31": "1.55970", "2014-09-30": "6.45090", "2014-06-30": "3.55160", "2014-03-31": "4.26370", "2013-12-31": "3.52900", "2013-09-30": "6.45520", "2013-06-30": "6.20300", "2013-03-31": "-1.70750", "2012-12-31": "4.49240", "2012-09-30": "5.25470", "2012-06-30": "3.96360", "2012-03-31": "5.42330", "2011-12-31": "4.33320", "2011-09-30": "6.04740", "2011-06-30": "6.94430", "2011-03-31": "6.52890", "2010-12-31": "7.55870", "2010-09-30": "6.85340", "2010-06-30": "7.27840", "2010-03-31": "7.01090", "2009-12-31": "9.94980", "2009-09-30": "-36.27980", "2009-06-30": "8.96720", "2009-03-31": "6.12060", "2008-12-31": "1.43650", "2008-09-30": "5.97860", "2008-06-30": "5.39170", "2008-03-31": "13.67980", "2007-12-31": "10.49480", "2007-09-30": "9.67010", "2007-06-30": "8.49770", "2007-03-31": "8.83010", "2006-12-31": "8.59500", "2006-09-30": "5.14330", "2006-06-30": "7.25820", "2006-03-31": "6.72020", "2005-12-31": "5.18450", "2005-09-30": "6.42610", "2005-06-30": "6.60380", "2005-03-31": "7.49750"}, "ROA - Return On Assets": {"2020-09-30": "0.22040", "2020-06-30": "0.21820", "2020-03-31": "0.20550", "2019-12-31": "0.37980", "2019-09-30": "0.27900", "2019-06-30": "0.26790", "2019-03-31": "0.27620", "2018-12-31": "0.23980", "2018-09-30": "0.31850", "2018-06-30": "0.31390", "2018-03-31": "0.31100", "2017-12-31": "0.31770", "2017-09-30": "0.28780", "2017-06-30": "0.27510", "2017-03-31": "0.27760", "2016-12-31": "0.26150", "2016-09-30": "0.26540", "2016-06-30": "0.23500", "2016-03-31": "0.21670", "2015-12-31": "0.17670", "2015-09-30": "0.21910", "2015-06-30": "0.22490", "2015-03-31": "0.20300", "2014-12-31": "0.06670", "2014-09-30": "0.28630", "2014-06-30": "0.14820", "2014-03-31": "0.18850", "2013-12-31": "0.14850", "2013-09-30": "0.26430", "2013-06-30": "0.24490", "2013-03-31": "-0.06660", "2012-12-31": "0.17990", "2012-09-30": "0.22060", "2012-06-30": "0.15020", "2012-03-31": "0.21020", "2011-12-31": "0.14700", "2011-09-30": "0.20610", "2011-06-30": "0.24840", "2011-03-31": "0.25150", "2010-12-31": "0.28510", "2010-09-30": "0.24160", "2010-06-30": "0.29780", "2010-03-31": "0.28380", "2009-12-31": "0.33600", "2009-09-30": "-1.15000", "2009-06-30": "0.24680", "2009-03-31": "0.20200", "2008-12-31": "0.03830", "2008-09-30": "0.11480", "2008-06-30": "0.15360", "2008-03-31": "0.36990", "2007-12-31": "0.35420", "2007-09-30": "0.34900", "2007-06-30": "0.35460", "2007-03-31": "0.43770", "2006-12-31": "0.41370", "2006-09-30": "0.27950", "2006-06-30": "0.35910", "2006-03-31": "0.34750", "2005-12-31": "0.28200", "2005-09-30": "0.32720", "2005-06-30": "0.33280", "2005-03-31": "0.39260"}, "ROI - Return On Investment": {"2020-09-30": "1.31640", "2020-06-30": "1.32190", "2020-03-31": "1.36890", "2019-12-31": "2.07940", "2019-09-30": "1.48680", "2019-06-30": "1.42160", "2019-03-31": "1.30690", "2018-12-31": "1.18970", "2018-09-30": "1.53240", "2018-06-30": "1.52050", "2018-03-31": "1.62680", "2017-12-31": "1.62730", "2017-09-30": "1.40360", "2017-06-30": "1.40730", "2017-03-31": "1.39770", "2016-12-31": "1.34890", "2016-09-30": "1.51460", "2016-06-30": "1.37160", "2016-03-31": "1.31110", "2015-12-31": "1.14390", "2015-09-30": "1.35510", "2015-06-30": "1.47520", "2015-03-31": "1.35150", "2014-12-31": "0.43180", "2014-09-30": "1.79000", "2014-06-30": "0.97350", "2014-03-31": "1.14370", "2013-12-31": "0.94550", "2013-09-30": "1.70920", "2013-06-30": "1.56890", "2013-03-31": "-0.41480", "2012-12-31": "1.12990", "2012-09-30": "1.29770", "2012-06-30": "0.88110", "2012-03-31": "1.10490", "2011-12-31": "0.85060", "2011-09-30": "1.13770", "2011-06-30": "1.40320", "2011-03-31": "1.27840", "2010-12-31": "1.34440", "2010-09-30": "1.18560", "2010-06-30": "1.40760", "2010-03-31": "1.29730", "2009-12-31": "1.52630", "2009-09-30": "-5.17820", "2009-06-30": "1.08880", "2009-03-31": "0.90920", "2008-12-31": "0.20350", "2008-09-30": "0.66780", "2008-06-30": "0.67730", "2008-03-31": "1.55180", "2007-12-31": "1.45480", "2007-09-30": "1.41470", "2007-06-30": "1.83350", "2007-03-31": "1.91450", "2006-12-31": "1.97660", "2006-09-30": "1.48840", "2006-06-30": "2.02710", "2006-03-31": "1.83970", "2005-12-31": "1.54860", "2005-09-30": "1.80910", "2005-06-30": "1.89350", "2005-03-31": "2.14970"}, "Book Value Per Share": {"2020-09-30": "50.97190", "2020-06-30": "49.45350", "2020-03-31": "46.57440", "2019-12-31": "46.17050", "2019-09-30": "44.80920", "2019-06-30": "44.25400", "2019-03-31": "43.18150", "2018-12-31": "42.41760", "2018-09-30": "42.12280", "2018-06-30": "41.55930", "2018-03-31": "41.49700", "2017-12-31": "41.01570", "2017-09-30": "39.94740", "2017-06-30": "39.02320", "2017-03-31": "38.15070", "2016-12-31": "37.64150", "2016-09-30": "38.01530", "2016-06-30": "36.64510", "2016-03-31": "36.31660", "2015-12-31": "35.72600", "2015-09-30": "35.63920", "2015-06-30": "35.40840", "2015-03-31": "34.47580", "2014-12-31": "34.40620", "2014-09-30": "34.95750", "2014-06-30": "34.67230", "2014-03-31": "33.98630", "2013-12-31": "33.51280", "2013-09-30": "32.89450", "2013-06-30": "31.93630", "2013-03-31": "31.44450", "2012-12-31": "32.02780", "2012-09-30": "31.78060", "2012-06-30": "29.95430", "2012-03-31": "29.10080", "2011-12-31": "28.17860", "2011-09-30": "28.37220", "2011-06-30": "28.07350", "2011-03-31": "27.40950", "2010-12-31": "26.63250", "2010-09-30": "26.48220", "2010-06-30": "25.62100", "2010-03-31": "25.10840", "2009-12-31": "24.01240", "2009-09-30": "23.51350", "2009-06-30": "22.69980", "2009-03-31": "24.48050", "2008-12-31": "24.45780", "2008-09-30": "23.97510", "2008-06-30": "24.92780", "2008-03-31": "24.89470", "2007-12-31": "25.65750", "2007-09-30": "25.43030", "2007-06-30": "16.49570", "2007-03-31": "16.11040", "2006-12-31": "16.02550", "2006-09-30": "14.51850", "2006-06-30": "13.97060", "2006-03-31": "13.87340", "2005-12-31": "13.57200", "2005-09-30": "13.22280", "2005-06-30": "13.01930", "2005-03-31": "12.73680"}, "Operating Cash Flow Per Share": {"2020-09-30": 0.8698, "2020-06-30": 7.6339, "2020-03-31": "-1.87910", "2019-12-31": -2.6386, "2019-09-30": 5.3789, "2019-06-30": -1.653, "2019-03-31": "-0.98240", "2018-12-31": 3.2631, "2018-09-30": 1.2559, "2018-06-30": 2.3797, "2018-03-31": "-0.83390", "2017-12-31": 1.2867, "2017-09-30": 5.0048, "2017-06-30": -0.594, "2017-03-31": "-1.16820", "2016-12-31": 4.4718, "2016-09-30": 0.1024, "2016-06-30": -0.2971, "2016-03-31": "1.65300", "2015-12-31": 0.16, "2015-09-30": 1.2569, "2015-06-30": 2.4103, "2015-03-31": "-0.06300", "2014-12-31": 1.0654, "2014-09-30": 0.8136, "2014-06-30": 3.0143, "2014-03-31": "-0.92180", "2013-12-31": -0.5116, "2013-09-30": 0.7819, "2013-06-30": 1.5383, "2013-03-31": "-2.36790", "2012-12-31": 0.3132, "2012-09-30": 0.7705, "2012-06-30": 0.2207, "2012-03-31": "0.09540", "2011-12-31": 2.3959, "2011-09-30": -1.37, "2011-06-30": 0.4641, "2011-03-31": "0.34400", "2010-12-31": 0.8953, "2010-09-30": 2.4998, "2010-06-30": -1.1048, "2010-03-31": "0.98730", "2009-12-31": 1.0323, "2009-09-30": 1.843, "2009-06-30": 0.6371, "2009-03-31": "-0.37060", "2008-12-31": 1.2067, "2008-09-30": -0.2837, "2008-06-30": 0.8283, "2008-03-31": "0.79120", "2007-12-31": -0.264, "2007-09-30": 2.2775, "2007-06-30": -1.399, "2007-03-31": "2.84320", "2006-12-31": -1.1921, "2006-09-30": 3.0671, "2006-06-30": 2.864, "2006-03-31": "0.73030", "2005-12-31": -1.244, "2005-09-30": 0.7006, "2005-06-30": -0.4008, "2005-03-31": "-0.58510"}, "Free Cash Flow Per Share": {"2020-09-30": 0.4966, "2020-06-30": 7.2288, "2020-03-31": "-2.17360", "2019-12-31": -2.7728, "2019-09-30": 4.942, "2019-06-30": -2.1313, "2019-03-31": "-1.25570", "2018-12-31": 2.9588, "2018-09-30": 0.9606, "2018-06-30": 2.0512, "2018-03-31": "-1.00320", "2017-12-31": 1.0211, "2017-09-30": 4.8017, "2017-06-30": -1.014, "2017-03-31": "-1.44120", "2016-12-31": 4.1553, "2016-09-30": 0.0234, "2016-06-30": -0.4845, "2016-03-31": "1.51670", "2015-12-31": -0.0165, "2015-09-30": 1.1516, "2015-06-30": 2.2878, "2015-03-31": "-0.20690", "2014-12-31": 0.8919, "2014-09-30": 1.1381, "2014-06-30": 2.8565, "2014-03-31": "-1.09740", "2013-12-31": -0.7194, "2013-09-30": 0.6824, "2013-06-30": 1.4239, "2013-03-31": "-2.47670", "2012-12-31": 0.1405, "2012-09-30": 0.6171, "2012-06-30": 0.0955, "2012-03-31": "-0.00840", "2011-12-31": 2.3406, "2011-09-30": -1.5431, "2011-06-30": 0.2991, "2011-03-31": "0.21560", "2010-12-31": 0.8145, "2010-09-30": 2.4686, "2010-06-30": -1.132, "2010-03-31": "0.95170", "2009-12-31": 1.006, "2009-09-30": 1.7675, "2009-06-30": 0.5894, "2009-03-31": "-0.48040", "2008-12-31": 1.1305, "2008-09-30": -0.3399, "2008-06-30": 0.7871, "2008-03-31": "0.73620", "2007-12-31": -0.3325, "2007-09-30": 2.236, "2007-06-30": -1.4816, "2007-03-31": "2.76400", "2006-12-31": -1.1214, "2006-09-30": 3.0108, "2006-06-30": 2.8051, "2006-03-31": "0.67410", "2005-12-31": -1.3257, "2005-09-30": 0.6603, "2005-06-30": -0.4366, "2005-03-31": "-0.60690"}}, "revenue": {"Bank Of New York Mellon Annual Revenue (Millions of US $)": {"2020": "$12,831", "2019": "$20,822", "2018": "$19,213", "2017": "$16,617", "2016": "$15,674", "2015": "$15,494", "2014": "$16,046", "2013": "$15,391", "2012": "$15,144", "2011": "$15,334", "2010": "$14,420", "2009": "$8,247", "2008": "$16,238", "2007": "$14,723", "2006": "$9,079", "2005": "$7,384"}, "Bank Of New York Mellon Quarterly Revenue (Millions of US $)": {"2020-12-31": "$3,163", "2020-09-30": "$3,964", "2020-06-30": "$4,173", "2020-03-31": "$4,864", "2019-12-31": "$5,684", "2019-09-30": "$5,073", "2019-06-30": "$5,087", "2019-03-31": "$4,978", "2018-12-31": "$4,986", "2018-09-30": "$4,812", "2018-06-30": "$4,775", "2018-03-31": "$4,640", "2017-12-31": "$4,096", "2017-09-30": "$4,328", "2017-06-30": "$4,182", "2017-03-31": "$4,011", "2016-12-31": "$3,887", "2016-09-30": "$4,041", "2016-06-30": "$3,899", "2016-03-31": "$3,847", "2015-12-31": "$3,800", "2015-09-30": "$3,869", "2015-06-30": "$3,954", "2015-03-31": "$3,871", "2014-12-31": "$3,779", "2014-09-30": "$4,699", "2014-06-30": "$3,837", "2014-03-31": "$3,731", "2013-12-31": "$3,696", "2013-09-30": "$3,866", "2013-06-30": "$4,104", "2013-03-31": "$3,725", "2012-12-31": "$3,735", "2012-09-30": "$3,803", "2012-06-30": "$3,758", "2012-03-31": "$3,793", "2011-12-31": "$3,685", "2011-09-30": "$3,847", "2011-06-30": "$4,006", "2011-03-31": "$3,796", "2010-12-31": "$3,944", "2010-09-30": "$3,564", "2010-06-30": "$3,482", "2010-03-31": "$3,477", "2009-12-31": "$3,449", "2009-09-30": "$-1,394", "2009-06-30": "$3,102", "2009-03-31": "$3,115", "2008-12-31": "$3,367", "2008-09-30": "$4,238", "2008-06-30": "$4,054", "2008-03-31": "$4,636", "2007-12-31": "$4,833", "2007-09-30": "$4,709", "2007-06-30": "$2,742", "2007-03-31": "$2,496", "2006-12-31": "$2,498", "2006-09-30": "$2,223", "2006-06-30": "$2,280", "2006-03-31": "$2,078", "2005-12-31": "$1,774", "2005-09-30": "$1,878", "2005-06-30": "$1,828", "2005-03-31": "$1,904"}}, "gross-profit": {"Bank Of New York Mellon Annual Gross Profit (Millions of US $)": {"2020": "$12,831", "2019": "$16,462", "2018": "$16,392", "2017": "$15,543", "2016": "$15,237", "2015": "$15,194", "2014": "$15,692", "2013": "$15,048", "2012": "$14,610", "2011": "$14,730", "2010": "$13,875", "2009": "$7,654", "2008": "$13,573", "2007": "$11,298", "2006": "$6,838", "2005": "$6,055"}, "Bank Of New York Mellon Quarterly Gross Profit (Millions of US $)": {"2020-12-31": "$3,163", "2020-09-30": "$3,847", "2020-06-30": "$4,010", "2020-03-31": "$4,108", "2019-12-31": "$4,778", "2019-09-30": "$3,861", "2019-06-30": "$3,924", "2019-03-31": "$3,899", "2018-12-31": "$4,007", "2018-09-30": "$4,069", "2018-06-30": "$4,138", "2018-03-31": "$4,178", "2017-12-31": "$3,728", "2017-09-30": "$4,016", "2017-06-30": "$3,956", "2017-03-31": "$3,843", "2016-12-31": "$3,790", "2016-09-30": "$3,941", "2016-06-30": "$3,776", "2016-03-31": "$3,730", "2015-12-31": "$3,726", "2015-09-30": "$3,790", "2015-06-30": "$3,886", "2015-03-31": "$3,792", "2014-12-31": "$3,689", "2014-09-30": "$4,611", "2014-06-30": "$3,745", "2014-03-31": "$3,647", "2013-12-31": "$3,611", "2013-09-30": "$3,783", "2013-06-30": "$4,025", "2013-03-31": "$3,629", "2012-12-31": "$3,617", "2012-09-30": "$3,675", "2012-06-30": "$3,617", "2012-03-31": "$3,646", "2011-12-31": "$3,540", "2011-09-30": "$3,694", "2011-06-30": "$3,850", "2011-03-31": "$3,646", "2010-12-31": "$3,751", "2010-09-30": "$3,423", "2010-06-30": "$3,342", "2010-03-31": "$3,359", "2009-12-31": "$3,319", "2009-09-30": "$-1,507", "2009-06-30": "$2,957", "2009-03-31": "$2,911", "2008-12-31": "$2,886", "2008-09-30": "$3,607", "2008-06-30": "$3,377", "2008-03-31": "$3,747", "2007-12-31": "$3,796", "2007-09-30": "$3,600", "2007-06-30": "$2,032", "2007-03-31": "$1,902", "2006-12-31": "$1,892", "2006-09-30": "$1,614", "2006-06-30": "$1,728", "2006-03-31": "$1,604", "2005-12-31": "$1,368", "2005-09-30": "$1,531", "2005-06-30": "$1,523", "2005-03-31": "$1,633"}}, "operating-income": {"Bank Of New York Mellon Annual Operating Income (Millions of US $)": {"2020": "$1,491", "2019": "$5,587", "2018": "$5,192", "2017": "$4,610", "2016": "$4,725", "2015": "$4,320", "2014": "$4,693", "2013": "$3,847", "2012": "$3,916", "2011": "$4,007", "2010": "$4,078", "2009": "$-1,825", "2008": "$2,610", "2007": "$3,619", "2006": "$2,276", "2005": "$1,978"}, "Bank Of New York Mellon Quarterly Operating Income (Millions of US $)": {"2020-12-31": "$223", "2020-09-30": "$1,157", "2020-06-30": "$1,181", "2020-03-31": "$1,227", "2019-12-31": "$1,822", "2019-09-30": "$1,287", "2019-06-30": "$1,285", "2019-03-31": "$1,193", "2018-12-31": "$1,020", "2018-09-30": "$1,334", "2018-06-30": "$1,394", "2018-03-31": "$1,444", "2017-12-31": "$728", "2017-09-30": "$1,368", "2017-06-30": "$1,308", "2017-03-31": "$1,206", "2016-12-31": "$1,159", "2016-09-30": "$1,335", "2016-06-30": "$1,172", "2016-03-31": "$1,108", "2015-12-31": "$889", "2015-09-30": "$1,120", "2015-06-30": "$1,224", "2015-03-31": "$1,087", "2014-12-31": "$964", "2014-09-30": "$1,882", "2014-06-30": "$933", "2014-03-31": "$914", "2013-12-31": "$730", "2013-09-30": "$1,018", "2013-06-30": "$1,235", "2013-03-31": "$864", "2012-12-31": "$899", "2012-09-30": "$1,001", "2012-06-30": "$967", "2012-03-31": "$994", "2011-12-31": "$828", "2011-09-30": "$1,037", "2011-06-30": "$1,097", "2011-03-31": "$960", "2010-12-31": "$1,034", "2010-09-30": "$905", "2010-06-30": "$1,005", "2010-03-31": "$917", "2009-12-31": "$863", "2009-09-30": "$-3,916", "2009-06-30": "$578", "2009-03-31": "$650", "2008-12-31": "$234", "2008-09-30": "$376", "2008-06-30": "$770", "2008-03-31": "$1,245", "2007-12-31": "$1,151", "2007-09-30": "$1,112", "2007-06-30": "$705", "2007-03-31": "$660", "2006-12-31": "$639", "2006-09-30": "$511", "2006-06-30": "$591", "2006-03-31": "$535", "2005-12-31": "$417", "2005-09-30": "$490", "2005-06-30": "$505", "2005-03-31": "$566"}}, "ebitda": {"Bank Of New York Mellon Annual EBITDA (Millions of US $)": {"2019": "$", "2018": "$", "2017": "$", "2016": "$", "2015": "$", "2014": "$", "2013": "$", "2012": "$", "2011": "$", "2010": "$", "2009": "$", "2008": "$", "2007": "$", "2006": "$", "2005": "$"}, "Bank Of New York Mellon Quarterly EBITDA (Millions of US $)": {"2020-09-30": "", "2020-06-30": "", "2020-03-31": "", "2019-12-31": "", "2019-09-30": "", "2019-06-30": "", "2019-03-31": "", "2018-12-31": "", "2018-09-30": "", "2018-06-30": "", "2018-03-31": "", "2017-12-31": "", "2017-09-30": "", "2017-06-30": "", "2017-03-31": "", "2016-12-31": "", "2016-09-30": "", "2016-06-30": "", "2016-03-31": "", "2015-12-31": "", "2015-09-30": "", "2015-06-30": "", "2015-03-31": "", "2014-12-31": "", "2014-09-30": "", "2014-06-30": "", "2014-03-31": "", "2013-12-31": "", "2013-09-30": "", "2013-06-30": "", "2013-03-31": "", "2012-12-31": "", "2012-09-30": "", "2012-06-30": "", "2012-03-31": "", "2011-12-31": "", "2011-09-30": "", "2011-06-30": "", "2011-03-31": "", "2010-12-31": "", "2010-09-30": "", "2010-06-30": "", "2010-03-31": "", "2009-12-31": "", "2009-09-30": "", "2009-06-30": "", "2009-03-31": "", "2008-12-31": "", "2008-09-30": "", "2008-06-30": "", "2008-03-31": "", "2007-12-31": "", "2007-09-30": "", "2007-06-30": "", "2007-03-31": "", "2006-12-31": "", "2006-09-30": "", "2006-06-30": "", "2006-03-31": "", "2005-12-31": "", "2005-09-30": "", "2005-06-30": "", "2005-03-31": ""}}, "net-income": {"Bank Of New York Mellon Annual Net Income (Millions of US $)": {"2020": "$3,423", "2019": "$4,254", "2018": "$4,070", "2017": "$3,872", "2016": "$3,425", "2015": "$3,010", "2014": "$2,451", "2013": "$2,002", "2012": "$2,389", "2011": "$2,480", "2010": "$2,495", "2009": "$-1,367", "2008": "$1,386", "2007": "$2,039", "2006": "$2,847", "2005": "$1,571"}, "Bank Of New York Mellon Quarterly Net Income (Millions of US $)": {"2020-12-31": "$702", "2020-09-30": "$875", "2020-06-30": "$900", "2020-03-31": "$941", "2019-12-31": "$1,385", "2019-09-30": "$999", "2019-06-30": "$965", "2019-03-31": "$905", "2018-12-31": "$827", "2018-09-30": "$1,068", "2018-06-30": "$1,048", "2018-03-31": "$1,127", "2017-12-31": "$1,118", "2017-09-30": "$983", "2017-06-30": "$913", "2017-03-31": "$866", "2016-12-31": "$809", "2016-09-30": "$959", "2016-06-30": "$812", "2016-03-31": "$793", "2015-12-31": "$628", "2015-09-30": "$814", "2015-06-30": "$821", "2015-03-31": "$754", "2014-12-31": "$205", "2014-09-30": "$1,050", "2014-06-30": "$544", "2014-03-31": "$648", "2013-12-31": "$503", "2013-09-30": "$944", "2013-06-30": "$816", "2013-03-31": "$-269", "2012-12-31": "$613", "2012-09-30": "$709", "2012-06-30": "$458", "2012-03-31": "$617", "2011-12-31": "$500", "2011-09-30": "$640", "2011-06-30": "$727", "2011-03-31": "$613", "2010-12-31": "$679", "2010-09-30": "$622", "2010-06-30": "$658", "2010-03-31": "$559", "2009-12-31": "$593", "2009-09-30": "$-2,458", "2009-06-30": "$176", "2009-03-31": "$322", "2008-12-31": "$28", "2008-09-30": "$303", "2008-06-30": "$309", "2008-03-31": "$746", "2007-12-31": "$520", "2007-09-30": "$640", "2007-06-30": "$445", "2007-03-31": "$434", "2006-12-31": "$1,789", "2006-09-30": "$352", "2006-06-30": "$448", "2006-03-31": "$422", "2005-12-31": "$405", "2005-09-30": "$389", "2005-06-30": "$398", "2005-03-31": "$379"}}, "eps-earnings-per-share-diluted": {"Bank Of New York Mellon Annual EPS": {"2020": "$3.83", "2019": "$4.51", "2018": "$4.04", "2017": "$3.72", "2016": "$3.15", "2015": "$2.71", "2014": "$2.15", "2013": "$1.73", "2012": "$2.03", "2011": "$2.03", "2010": "$2.05", "2009": "$-1.16", "2008": "$1.20", "2007": "$2.17", "2006": "$3.94", "2005": "$2.16"}, "Bank Of New York Mellon Quarterly EPS": {"2020-12-31": "$0.79", "2020-09-30": "$0.98", "2020-06-30": "$1.01", "2020-03-31": "$1.05", "2019-12-31": "$1.52", "2019-09-30": "$1.07", "2019-06-30": "$1.01", "2019-03-31": "$0.94", "2018-12-31": "$0.84", "2018-09-30": "$1.06", "2018-06-30": "$1.03", "2018-03-31": "$1.10", "2017-12-31": "$1.08", "2017-09-30": "$0.94", "2017-06-30": "$0.88", "2017-03-31": "$0.83", "2016-12-31": "$0.77", "2016-09-30": "$0.90", "2016-06-30": "$0.75", "2016-03-31": "$0.73", "2015-12-31": "$0.57", "2015-09-30": "$0.74", "2015-06-30": "$0.73", "2015-03-31": "$0.67", "2014-12-31": "$0.18", "2014-09-30": "$0.93", "2014-06-30": "$0.48", "2014-03-31": "$0.57", "2013-12-31": "$0.44", "2013-09-30": "$0.82", "2013-06-30": "$0.71", "2013-03-31": "$-0.23", "2012-12-31": "$0.53", "2012-09-30": "$0.61", "2012-06-30": "$0.39", "2012-03-31": "$0.52", "2011-12-31": "$0.42", "2011-09-30": "$0.53", "2011-06-30": "$0.59", "2011-03-31": "$0.50", "2010-12-31": "$0.54", "2010-09-30": "$0.51", "2010-06-30": "$0.54", "2010-03-31": "$0.46", "2009-12-31": "$0.49", "2009-09-30": "$-2.05", "2009-06-30": "$0.15", "2009-03-31": "$0.28", "2008-12-31": "$0.02", "2008-09-30": "$0.26", "2008-06-30": "$0.27", "2008-03-31": "$0.65", "2007-12-31": "$0.45", "2007-09-30": "$0.56", "2007-06-30": "$0.62", "2007-03-31": "$0.60", "2006-12-31": "$2.50", "2006-09-30": "$0.49", "2006-06-30": "$0.62", "2006-03-31": "$0.58", "2005-12-31": "$0.55", "2005-09-30": "$0.54", "2005-06-30": "$0.55", "2005-03-31": "$0.52"}}, "shares-outstanding": {"Bank Of New York Mellon Annual Shares Outstanding (Millions of Shares)": {"2020": "893", "2019": "943", "2018": "1,007", "2017": "1,040", "2016": "1,072", "2015": "1,113", "2014": "1,137", "2013": "1,154", "2012": "1,178", "2011": "1,223", "2010": "1,216", "2009": "1,179", "2008": "1,148", "2007": "931", "2006": "722", "2005": "729"}, "Bank Of New York Mellon Quarterly Shares Outstanding (Millions of Shares)": {"2020-12-31": "892", "2020-09-30": "891", "2020-06-30": "891", "2020-03-31": "897", "2019-12-31": "915", "2019-09-30": "936", "2019-06-30": "954", "2019-03-31": "966", "2018-12-31": "989", "2018-09-30": "1,004", "2018-06-30": "1,014", "2018-03-31": "1,022", "2017-12-31": "1,030", "2017-09-30": "1,041", "2017-06-30": "1,042", "2017-03-31": "1,048", "2016-12-31": "1,057", "2016-09-30": "1,068", "2016-06-30": "1,078", "2016-03-31": "1,085", "2015-12-31": "1,096", "2015-09-30": "1,106", "2015-06-30": "1,122", "2015-03-31": "1,126", "2014-12-31": "1,129", "2014-09-30": "1,135", "2014-06-30": "1,140", "2014-03-31": "1,145", "2013-12-31": "1,148", "2013-09-30": "1,153", "2013-06-30": "1,156", "2013-03-31": "1,159", "2012-12-31": "1,164", "2012-09-30": "1,172", "2012-06-30": "1,183", "2012-03-31": "1,196", "2011-12-31": "1,206", "2011-09-30": "1,216", "2011-06-30": "1,234", "2011-03-31": "1,238", "2010-12-31": "1,236", "2010-09-30": "1,213", "2010-06-30": "1,209", "2010-03-31": "1,206", "2009-12-31": "1,203", "2009-09-30": "1,197", "2009-06-30": "1,174", "2009-03-31": "1,147", "2008-12-31": "1,146", "2008-09-30": "1,148", "2008-06-30": "1,143", "2008-03-31": "1,144", "2007-12-31": "1,148", "2007-09-30": "1,141", "2007-06-30": "723", "2007-03-31": "720", "2006-12-31": "715", "2006-09-30": "723", "2006-06-30": "721", "2006-03-31": "730", "2005-12-31": "729", "2005-09-30": "725", "2005-06-30": "728", "2005-03-31": "735"}}, "total-assets": {"Bank Of New York Mellon Annual Total Assets (Millions of US $)": {"2019": "$381,508", "2018": "$362,873", "2017": "$371,758", "2016": "$333,469", "2015": "$393,780", "2014": "$385,303", "2013": "$374,516", "2012": "$358,990", "2011": "$325,266", "2010": "$247,259", "2009": "$212,224", "2008": "$237,512", "2007": "$197,656", "2006": "$103,206", "2005": "$102,118"}, "Bank Of New York Mellon Quarterly Total Assets (Millions of US $)": {"2020-09-30": "$428,398", "2020-06-30": "$442,316", "2020-03-31": "$468,155", "2019-12-31": "$381,508", "2019-09-30": "$373,168", "2019-06-30": "$381,168", "2019-03-31": "$346,132", "2018-12-31": "$362,873", "2018-09-30": "$349,770", "2018-06-30": "$352,928", "2018-03-31": "$373,597", "2017-12-31": "$371,758", "2017-09-30": "$354,397", "2017-06-30": "$354,815", "2017-03-31": "$337,536", "2016-12-31": "$333,469", "2016-09-30": "$374,114", "2016-06-30": "$372,351", "2016-03-31": "$372,870", "2015-12-31": "$393,780", "2015-09-30": "$377,371", "2015-06-30": "$395,254", "2015-03-31": "$399,088", "2014-12-31": "$385,303", "2014-09-30": "$386,296", "2014-06-30": "$400,740", "2014-03-31": "$368,241", "2013-12-31": "$374,516", "2013-09-30": "$371,952", "2013-06-30": "$360,505", "2013-03-31": "$355,942", "2012-12-31": "$358,990", "2012-09-30": "$339,944", "2012-06-30": "$330,283", "2012-03-31": "$300,169", "2011-12-31": "$325,266", "2011-09-30": "$322,187", "2011-06-30": "$304,706", "2011-03-31": "$266,444", "2010-12-31": "$247,259", "2010-09-30": "$254,157", "2010-06-30": "$235,693", "2010-03-31": "$220,551", "2009-12-31": "$212,224", "2009-09-30": "$212,007", "2009-06-30": "$203,012", "2009-03-31": "$203,478", "2008-12-31": "$237,512", "2008-09-30": "$267,510", "2008-06-30": "$201,225", "2008-03-31": "$204,935", "2007-12-31": "$197,656", "2007-09-30": "$183,972", "2007-06-30": "$126,333", "2007-03-31": "$99,848", "2006-12-31": "$103,206", "2006-09-30": "$106,636", "2006-06-30": "$108,881", "2006-03-31": "$103,611", "2005-12-31": "$102,118", "2005-09-30": "$101,766", "2005-06-30": "$103,063", "2005-03-31": "$96,537"}}, "cash-on-hand": {"Bank Of New York Mellon Annual Cash on Hand (Millions of US $)": {"2019": "$158,436", "2018": "$141,830", "2017": "$143,028", "2016": "$109,483", "2015": "$166,627", "2014": "$153,330", "2013": "$167,378", "2012": "$154,718", "2011": "$143,110", "2010": "$83,869", "2009": "$76,932", "2008": "$116,016", "2007": "$56,475", "2006": "$26,670", "2005": "$19,881"}, "Bank Of New York Mellon Quarterly Cash on Hand (Millions of US $)": {"2020-09-30": "$172,037", "2020-06-30": "$186,337", "2020-03-31": "$214,579", "2019-12-31": "$158,436", "2019-09-30": "$149,849", "2019-06-30": "$160,577", "2019-03-31": "$127,386", "2018-12-31": "$141,830", "2018-09-30": "$130,817", "2018-06-30": "$130,140", "2018-03-31": "$148,633", "2017-12-31": "$143,028", "2017-09-30": "$129,170", "2017-06-30": "$125,175", "2017-03-31": "$115,694", "2016-12-31": "$109,483", "2016-09-30": "$139,923", "2016-06-30": "$142,400", "2016-03-31": "$148,446", "2015-12-31": "$166,627", "2015-09-30": "$146,208", "2015-06-30": "$162,167", "2015-03-31": "$153,581", "2014-12-31": "$153,330", "2014-09-30": "$158,056", "2014-06-30": "$179,207", "2014-03-31": "$154,544", "2013-12-31": "$167,378", "2013-09-30": "$165,505", "2013-06-30": "$147,121", "2013-03-31": "$142,682", "2012-12-31": "$154,718", "2012-09-30": "$133,630", "2012-06-30": "$135,960", "2012-03-31": "$112,904", "2011-12-31": "$143,110", "2011-09-30": "$141,713", "2011-06-30": "$134,047", "2011-03-31": "$100,294", "2010-12-31": "$83,869", "2010-09-30": "$94,346", "2010-06-30": "$90,390", "2010-03-31": "$78,490", "2009-12-31": "$76,932", "2009-09-30": "$79,548", "2009-06-30": "$74,945", "2009-03-31": "$86,355", "2008-12-31": "$116,016", "2008-09-30": "$124,276", "2008-06-30": "$65,976", "2008-03-31": "$64,921", "2007-12-31": "$56,475", "2007-09-30": "$45,252", "2007-06-30": "$41,519", "2007-03-31": "$21,020", "2006-12-31": "$26,670", "2006-09-30": "$27,230", "2006-06-30": "$23,288", "2006-03-31": "$22,953", "2005-12-31": "$19,881", "2005-09-30": "$20,415", "2005-06-30": "$23,844", "2005-03-31": "$20,607"}}, "long-term-debt": {"Bank Of New York Mellon Annual Long Term Debt (Millions of US $)": {"2019": "$28,100", "2018": "$32,390", "2017": "$31,007", "2016": "$25,217", "2015": "$22,070", "2014": "$21,050", "2013": "$20,527", "2012": "$19,910", "2011": "$22,107", "2010": "$19,375", "2009": "$17,711", "2008": "$16,620", "2007": "$18,713", "2006": "$10,174", "2005": "$8,721"}, "Bank Of New York Mellon Quarterly Long Term Debt (Millions of US $)": {"2020-09-30": "$26,541", "2020-06-30": "$29,194", "2020-03-31": "$29,038", "2019-12-31": "$28,100", "2019-09-30": "$28,692", "2019-06-30": "$30,124", "2019-03-31": "$31,806", "2018-12-31": "$32,390", "2018-09-30": "$31,047", "2018-06-30": "$31,313", "2018-03-31": "$29,489", "2017-12-31": "$31,007", "2017-09-30": "$31,761", "2017-06-30": "$29,037", "2017-03-31": "$27,368", "2016-12-31": "$25,217", "2016-09-30": "$25,367", "2016-06-30": "$24,671", "2016-03-31": "$22,514", "2015-12-31": "$22,070", "2015-09-30": "$22,078", "2015-06-30": "$21,081", "2015-03-31": "$21,270", "2014-12-31": "$21,050", "2014-09-30": "$22,435", "2014-06-30": "$21,785", "2014-03-31": "$21,921", "2013-12-31": "$20,527", "2013-09-30": "$19,733", "2013-06-30": "$19,541", "2013-03-31": "$20,643", "2012-12-31": "$19,910", "2012-09-30": "$20,655", "2012-06-30": "$20,910", "2012-03-31": "$22,398", "2011-12-31": "$22,107", "2011-09-30": "$23,960", "2011-06-30": "$19,341", "2011-03-31": "$18,376", "2010-12-31": "$19,375", "2010-09-30": "$18,940", "2010-06-30": "$18,767", "2010-03-31": "$17,798", "2009-12-31": "$17,711", "2009-09-30": "$18,766", "2009-06-30": "$18,708", "2009-03-31": "$16,967", "2008-12-31": "$16,620", "2008-09-30": "$18,457", "2008-06-30": "$17,054", "2008-03-31": "$20,372", "2007-12-31": "$18,713", "2007-09-30": "$16,424", "2007-06-30": "$12,605", "2007-03-31": "$11,299", "2006-12-31": "$10,174", "2006-09-30": "$9,555", "2006-06-30": "$9,233", "2006-03-31": "$9,467", "2005-12-31": "$8,721", "2005-09-30": "$8,799", "2005-06-30": "$8,644", "2005-03-31": "$8,295"}}, "total-liabilities": {"Bank Of New York Mellon Annual Total Liabilities (Millions of US $)": {"2019": "$339,923", "2018": "$322,134", "2017": "$330,191", "2016": "$294,040", "2015": "$355,005", "2014": "$346,829", "2013": "$336,236", "2012": "$321,726", "2011": "$291,179", "2010": "$214,194", "2009": "$183,221", "2008": "$209,423", "2007": "$168,253", "2006": "$91,777", "2005": "$92,242"}, "Bank Of New York Mellon Quarterly Total Liabilities (Millions of US $)": {"2020-09-30": "$383,230", "2020-06-30": "$398,507", "2020-03-31": "$426,916", "2019-12-31": "$339,923", "2019-09-30": "$331,845", "2019-06-30": "$339,469", "2019-03-31": "$304,785", "2018-12-31": "$322,134", "2018-09-30": "$308,120", "2018-06-30": "$311,371", "2018-03-31": "$331,657", "2017-12-31": "$330,191", "2017-09-30": "$313,490", "2017-06-30": "$314,498", "2017-03-31": "$297,864", "2016-12-31": "$294,040", "2016-09-30": "$333,919", "2016-06-30": "$333,226", "2016-03-31": "$333,754", "2015-12-31": "$355,005", "2015-09-30": "$338,419", "2015-06-30": "$356,074", "2015-03-31": "$360,423", "2014-12-31": "$346,829", "2014-09-30": "$346,944", "2014-06-30": "$361,505", "2014-03-31": "$329,484", "2013-12-31": "$336,236", "2013-09-30": "$334,172", "2013-06-30": "$323,763", "2013-03-31": "$319,446", "2012-12-31": "$321,726", "2012-09-30": "$302,805", "2012-06-30": "$294,898", "2012-03-31": "$265,460", "2011-12-31": "$291,179", "2011-09-30": "$287,782", "2011-06-30": "$270,100", "2011-03-31": "$232,409", "2010-12-31": "$214,194", "2010-09-30": "$221,307", "2010-06-30": "$204,588", "2010-03-31": "$190,096", "2009-12-31": "$183,221", "2009-09-30": "$183,691", "2009-06-30": "$175,708", "2009-03-31": "$175,241", "2008-12-31": "$209,423", "2008-09-30": "$239,997", "2008-06-30": "$172,656", "2008-03-31": "$176,460", "2007-12-31": "$168,253", "2007-09-30": "$155,015", "2007-06-30": "$114,504", "2007-03-31": "$88,321", "2006-12-31": "$91,777", "2006-09-30": "$96,169", "2006-06-30": "$98,825", "2006-03-31": "$93,510", "2005-12-31": "$92,242", "2005-09-30": "$92,158", "2005-06-30": "$93,592", "2005-03-31": "$87,202"}}, "total-share-holder-equity": {"Bank Of New York Mellon Annual Share Holder Equity (Millions of US $)": {"2019": "$41,585", "2018": "$40,739", "2017": "$41,567", "2016": "$39,429", "2015": "$38,775", "2014": "$38,474", "2013": "$38,280", "2012": "$37,264", "2011": "$34,087", "2010": "$33,065", "2009": "$29,003", "2008": "$28,089", "2007": "$29,403", "2006": "$11,429", "2005": "$9,876"}, "Bank Of New York Mellon Quarterly Share Holder Equity (Millions of US $)": {"2020-09-30": "$45,168", "2020-06-30": "$43,809", "2020-03-31": "$41,239", "2019-12-31": "$41,585", "2019-09-30": "$41,323", "2019-06-30": "$41,699", "2019-03-31": "$41,347", "2018-12-31": "$40,739", "2018-09-30": "$41,650", "2018-06-30": "$41,557", "2018-03-31": "$41,940", "2017-12-31": "$41,567", "2017-09-30": "$40,907", "2017-06-30": "$40,317", "2017-03-31": "$39,672", "2016-12-31": "$39,429", "2016-09-30": "$40,195", "2016-06-30": "$39,125", "2016-03-31": "$39,116", "2015-12-31": "$38,775", "2015-09-30": "$38,952", "2015-06-30": "$39,180", "2015-03-31": "$38,665", "2014-12-31": "$38,474", "2014-09-30": "$39,352", "2014-06-30": "$39,235", "2014-03-31": "$38,757", "2013-12-31": "$38,280", "2013-09-30": "$37,780", "2013-06-30": "$36,742", "2013-03-31": "$36,496", "2012-12-31": "$37,264", "2012-09-30": "$37,139", "2012-06-30": "$35,385", "2012-03-31": "$34,709", "2011-12-31": "$34,087", "2011-09-30": "$34,405", "2011-06-30": "$34,606", "2011-03-31": "$34,035", "2010-12-31": "$33,065", "2010-09-30": "$32,850", "2010-06-30": "$31,105", "2010-03-31": "$30,455", "2009-12-31": "$29,003", "2009-09-30": "$28,316", "2009-06-30": "$27,304", "2009-03-31": "$28,237", "2008-12-31": "$28,089", "2008-09-30": "$27,513", "2008-06-30": "$28,569", "2008-03-31": "$28,475", "2007-12-31": "$29,403", "2007-09-30": "$28,957", "2007-06-30": "$11,829", "2007-03-31": "$11,527", "2006-12-31": "$11,429", "2006-09-30": "$10,467", "2006-06-30": "$10,056", "2006-03-31": "$10,101", "2005-12-31": "$9,876", "2005-09-30": "$9,608", "2005-06-30": "$9,471", "2005-03-31": "$9,335"}}, "profit-margins": {"current": "21.37%"}, "gross margin": {"2020-12-31": "93.59%", "2020-09-30": "89.61%", "2020-06-30": "84.66%", "2020-03-31": "80.51%", "2019-12-31": "79.06%", "2019-09-30": "77.97%", "2019-06-30": "80.04%", "2019-03-31": "82.42%", "2018-12-31": "85.32%", "2018-09-30": "87.94%", "2018-06-30": "90.03%", "2018-03-31": "92.07%", "2017-12-31": "93.54%", "2017-09-30": "95.11%", "2017-06-30": "96.33%", "2017-03-31": "96.92%", "2016-12-31": "97.21%", "2016-09-30": "97.34%", "2016-06-30": "97.45%", "2016-03-31": "97.82%", "2015-12-31": "98.06%", "2015-09-30": "97.96%", "2015-06-30": "98.01%", "2015-03-31": "97.84%", "2014-12-31": "97.79%", "2014-09-30": "97.81%", "2014-06-30": "97.73%", "2014-03-31": "97.85%", "2013-12-31": "97.77%", "2013-09-30": "97.56%", "2013-06-30": "97.26%", "2013-03-31": "96.78%", "2012-12-31": "96.46%", "2012-09-30": "96.27%", "2012-06-30": "96.11%", "2012-03-31": "96.08%", "2011-12-31": "96.06%", "2011-09-30": "95.82%", "2011-06-30": "95.82%", "2011-03-31": "95.78%", "2010-12-31": "95.91%", "2010-09-30": "96.21%", "2010-06-30": "94.44%", "2010-03-31": "94.14%", "2009-12-31": "92.84%", "2009-09-30": "88.49%", "2009-06-30": "89.43%", "2009-03-31": "86.51%", "2008-12-31": "83.57%", "2008-09-30": "81.79%", "2008-06-30": "79.64%", "2008-03-31": "77.87%", "2007-12-31": "76.66%", "2007-09-30": "75.74%", "2007-06-30": "74.71%", "2007-03-31": "75.14%", "2006-12-31": "75.32%", "2006-09-30": "75.57%", "2006-06-30": "77.79%", "2006-03-31": "79.73%", "2005-12-31": "82.00%"}, "operating margin": {"2020-12-31": "23.43%", "2020-09-30": "28.83%", "2020-06-30": "27.87%", "2020-03-31": "27.14%", "2019-12-31": "26.83%", "2019-09-30": "23.78%", "2019-06-30": "24.33%", "2019-03-31": "25.27%", "2018-12-31": "27.02%", "2018-09-30": "26.74%", "2018-06-30": "27.66%", "2018-03-31": "28.11%", "2017-12-31": "27.74%", "2017-09-30": "30.72%", "2017-06-30": "31.07%", "2017-03-31": "30.76%", "2016-12-31": "30.46%", "2016-09-30": "28.90%", "2016-06-30": "27.82%", "2016-03-31": "28.06%", "2015-12-31": "27.88%", "2015-09-30": "28.40%", "2015-06-30": "31.63%", "2015-03-31": "30.06%", "2014-12-31": "29.25%", "2014-09-30": "27.93%", "2014-06-30": "23.76%", "2014-03-31": "25.31%", "2013-12-31": "25.00%", "2013-09-30": "26.03%", "2013-06-30": "26.02%", "2013-03-31": "24.84%", "2012-12-31": "25.59%", "2012-09-30": "25.20%", "2012-06-30": "25.37%", "2012-03-31": "25.80%", "2011-12-31": "25.58%", "2011-09-30": "26.47%", "2011-06-30": "26.10%", "2011-03-31": "26.40%", "2010-12-31": "26.69%", "2010-09-30": "26.41%", "2010-06-30": "-12.55%", "2010-03-31": "-18.04%", "2009-12-31": "-22.06%", "2009-09-30": "-29.96%", "2009-06-30": "13.30%", "2009-03-31": "13.74%", "2008-12-31": "16.11%", "2008-09-30": "19.94%", "2008-06-30": "23.46%", "2008-03-31": "24.90%", "2007-12-31": "24.55%", "2007-09-30": "25.04%", "2007-06-30": "25.25%", "2007-03-31": "25.28%", "2006-12-31": "25.07%", "2006-09-30": "24.58%", "2006-06-30": "25.38%", "2006-03-31": "25.76%", "2005-12-31": "26.79%"}, "ebitda margin": {"2020-09-30": "0.00%", "2020-06-30": "0.00%", "2020-03-31": "0.00%", "2019-12-31": "0.00%", "2019-09-30": "0.00%", "2019-06-30": "0.00%", "2019-03-31": "0.00%", "2018-12-31": "0.00%", "2018-09-30": "0.00%", "2018-06-30": "0.00%", "2018-03-31": "0.00%", "2017-12-31": "0.00%", "2017-09-30": "0.00%", "2017-06-30": "0.00%", "2017-03-31": "0.00%", "2016-12-31": "0.00%", "2016-09-30": "0.00%", "2016-06-30": "0.00%", "2016-03-31": "0.00%", "2015-12-31": "0.00%", "2015-09-30": "0.00%", "2015-06-30": "0.00%", "2015-03-31": "0.00%", "2014-12-31": "0.00%", "2014-09-30": "0.00%", "2014-06-30": "0.00%", "2014-03-31": "0.00%", "2013-12-31": "0.00%", "2013-09-30": "0.00%", "2013-06-30": "0.00%", "2013-03-31": "0.00%", "2012-12-31": "0.00%", "2012-09-30": "0.00%", "2012-06-30": "0.00%", "2012-03-31": "0.00%", "2011-12-31": "0.00%", "2011-09-30": "0.00%", "2011-06-30": "0.00%", "2011-03-31": "0.00%", "2010-12-31": "0.00%", "2010-09-30": "0.00%", "2010-06-30": "0.00%", "2010-03-31": "0.00%", "2009-12-31": "0.00%", "2009-09-30": "0.00%", "2009-06-30": "0.00%", "2009-03-31": "0.00%", "2008-12-31": "0.00%", "2008-09-30": "0.00%", "2008-06-30": "0.00%", "2008-03-31": "0.00%", "2007-12-31": "0.00%", "2007-09-30": "0.00%", "2007-06-30": "0.00%", "2007-03-31": "0.00%", "2006-12-31": "0.00%", "2006-09-30": "0.00%", "2006-06-30": "0.00%", "2006-03-31": "0.00%", "2005-12-31": "0.00%"}, "pre tax profit margin": {"2020-12-31": "27.64%", "2020-09-30": "28.83%", "2020-06-30": "27.87%", "2020-03-31": "27.14%", "2019-12-31": "26.83%", "2019-09-30": "23.78%", "2019-06-30": "24.33%", "2019-03-31": "25.27%", "2018-12-31": "27.02%", "2018-09-30": "26.74%", "2018-06-30": "27.66%", "2018-03-31": "28.11%", "2017-12-31": "27.74%", "2017-09-30": "30.68%", "2017-06-30": "30.91%", "2017-03-31": "30.56%", "2016-12-31": "30.15%", "2016-09-30": "28.51%", "2016-06-30": "27.48%", "2016-03-31": "27.38%", "2015-12-31": "27.33%", "2015-09-30": "22.80%", "2015-06-30": "25.03%", "2015-03-31": "23.03%", "2014-12-31": "22.20%", "2014-09-30": "25.85%", "2014-06-30": "22.91%", "2014-03-31": "25.19%", "2013-12-31": "24.54%", "2013-09-30": "25.29%", "2013-06-30": "25.22%", "2013-03-31": "21.58%", "2012-12-31": "21.88%", "2012-09-30": "20.87%", "2012-06-30": "20.61%", "2012-03-31": "23.18%", "2011-12-31": "23.59%", "2011-09-30": "25.00%", "2011-06-30": "24.74%", "2011-03-31": "25.42%", "2010-12-31": "25.53%", "2010-09-30": "24.31%", "2010-06-30": "-15.56%", "2010-03-31": "-21.96%", "2009-12-31": "-26.69%", "2009-09-30": "-35.70%", "2009-06-30": "9.45%", "2009-03-31": "9.57%", "2008-12-31": "12.03%", "2008-09-30": "17.07%", "2008-06-30": "20.08%", "2008-03-31": "21.86%", "2007-12-31": "21.81%", "2007-09-30": "22.65%", "2007-06-30": "23.57%", "2007-03-31": "24.01%", "2006-12-31": "23.90%", "2006-09-30": "23.52%", "2006-06-30": "25.38%", "2006-03-31": "25.76%", "2005-12-31": "26.79%"}, "net profit margin": {"2020-12-31": "21.15%", "2020-09-30": "21.95%", "2020-06-30": "21.34%", "2020-03-31": "20.72%", "2019-12-31": "20.43%", "2019-09-30": "18.37%", "2019-06-30": "18.95%", "2019-03-31": "19.68%", "2018-12-31": "21.18%", "2018-09-30": "23.80%", "2018-06-30": "23.97%", "2018-03-31": "24.01%", "2017-12-31": "23.35%", "2017-09-30": "21.76%", "2017-06-30": "22.00%", "2017-03-31": "21.76%", "2016-12-31": "21.52%", "2016-09-30": "20.48%", "2016-06-30": "19.77%", "2016-03-31": "19.75%", "2015-12-31": "19.47%", "2015-09-30": "16.76%", "2015-06-30": "17.36%", "2015-03-31": "15.77%", "2014-12-31": "15.25%", "2014-09-30": "17.20%", "2014-06-30": "17.44%", "2014-03-31": "18.91%", "2013-12-31": "12.96%", "2013-09-30": "13.64%", "2013-06-30": "12.16%", "2013-03-31": "10.06%", "2012-12-31": "15.89%", "2012-09-30": "15.19%", "2012-06-30": "14.69%", "2012-03-31": "16.20%", "2011-12-31": "16.17%", "2011-09-30": "17.05%", "2011-06-30": "17.25%", "2011-03-31": "17.39%", "2010-12-31": "17.41%", "2010-09-30": "17.41%", "2010-06-30": "-7.19%", "2010-03-31": "-13.09%", "2009-12-31": "-16.53%", "2009-09-30": "-23.59%", "2009-06-30": "6.00%", "2009-03-31": "6.51%", "2008-12-31": "8.51%", "2008-09-30": "10.57%", "2008-06-30": "12.15%", "2008-03-31": "13.89%", "2007-12-31": "13.80%", "2007-09-30": "26.58%", "2007-06-30": "30.32%", "2007-03-31": "31.83%", "2006-12-31": "33.16%", "2006-09-30": "19.47%", "2006-06-30": "20.77%", "2006-03-31": "21.35%", "2005-12-31": "21.28%"}, "pe ratio": {"current": "10.49", "2021-02-11": "13.86", "2020-12-31": "13.85", "2020-09-30": "7.41", "2020-06-30": "8.11", "2020-03-31": "7.01", "2019-12-31": "10.65", "2019-09-30": "11.18", "2019-06-30": "10.87", "2019-03-31": "12.29", "2018-12-31": "10.95", "2018-09-30": "11.13", "2018-06-30": "12.05", "2018-03-31": "11.89", "2017-12-31": "13.28", "2017-09-30": "14.19", "2017-06-30": "13.75", "2017-03-31": "13.19", "2016-12-31": "13.55", "2016-09-30": "12.12", "2016-06-30": "12.42", "2016-03-31": "11.81", "2015-12-31": "13.50", "2015-09-30": "12.18", "2015-06-30": "12.19", "2015-03-31": "12.69", "2014-12-31": "13.21", "2014-09-30": "13.85", "2014-06-30": "13.97", "2014-03-31": "11.91", "2013-12-31": "17.10", "2013-09-30": "14.07", "2013-06-30": "14.69", "2013-03-31": "18.17", "2012-12-31": "10.53", "2012-09-30": "9.74", "2012-06-30": "9.80", "2012-03-31": "9.68", "2011-12-31": "8.01", "2011-09-30": "7.02", "2011-06-30": "9.72", "2011-03-31": "11.55", "2010-12-31": "11.87", "2010-09-30": "10.49", "2010-06-30": "0.00", "2010-03-31": "0.00", "2009-12-31": "0.00", "2009-09-30": "0.00", "2009-06-30": "32.61", "2009-03-31": "26.80", "2008-12-31": "18.40", "2008-09-30": "15.35", "2008-06-30": "14.96", "2008-03-31": "14.15", "2007-12-31": "16.78", "2007-09-30": "7.85", "2007-06-30": "7.45", "2007-03-31": "7.18", "2006-12-31": "6.97"}, "price sales": {"2021-02-11": "2.33", "2020-12-31": "2.33", "2020-09-30": "1.63", "2020-06-30": "1.73", "2020-03-31": "1.45", "2019-12-31": "2.19", "2019-09-30": "2.06", "2019-06-30": "2.06", "2019-03-31": "2.41", "2018-12-31": "2.31", "2018-09-30": "2.64", "2018-06-30": "2.88", "2018-03-31": "2.85", "2017-12-31": "3.10", "2017-09-30": "3.09", "2017-06-30": "3.04", "2017-03-31": "2.87", "2016-12-31": "2.93", "2016-09-30": "2.49", "2016-06-30": "2.46", "2016-03-31": "2.34", "2015-12-31": "2.63", "2015-09-30": "2.51", "2015-06-30": "2.56", "2015-03-31": "2.47", "2014-12-31": "2.51", "2014-09-30": "2.41", "2014-06-30": "2.46", "2014-03-31": "2.27", "2013-12-31": "2.24", "2013-09-30": "1.93", "2013-06-30": "1.80", "2013-03-31": "1.84", "2012-12-31": "1.69", "2012-09-30": "1.49", "2012-06-30": "1.45", "2012-03-31": "1.58", "2011-12-31": "1.30", "2011-09-30": "1.20", "2011-06-30": "1.67", "2011-03-31": "2.00", "2010-12-31": "2.05", "2010-09-30": "1.81", "2010-06-30": "2.65", "2010-03-31": "3.41", "2009-12-31": "3.15", "2009-09-30": "3.22", "2009-06-30": "1.93", "2009-03-31": "1.72", "2008-12-31": "1.55", "2008-09-30": "1.62", "2008-06-30": "1.82", "2008-03-31": "1.97", "2007-12-31": "2.37", "2007-09-30": "2.24", "2007-06-30": "2.25", "2007-03-31": "2.29", "2006-12-31": "2.33"}, "price book": {"current": "0.90", "2021-02-11": "0.83", "2020-09-30": "0.66", "2020-06-30": "0.76", "2020-03-31": "0.70", "2019-12-31": "1.05", "2019-09-30": "0.96", "2019-06-30": "0.95", "2019-03-31": "1.10", "2018-12-31": "1.04", "2018-09-30": "1.13", "2018-06-30": "1.20", "2018-03-31": "1.15", "2017-12-31": "1.21", "2017-09-30": "1.21", "2017-06-30": "1.19", "2017-03-31": "1.12", "2016-12-31": "1.14", "2016-09-30": "0.94", "2016-06-30": "0.95", "2016-03-31": "0.90", "2015-12-31": "1.02", "2015-09-30": "0.97", "2015-06-30": "1.04", "2015-03-31": "1.02", "2014-12-31": "1.03", "2014-09-30": "0.96", "2014-06-30": "0.94", "2014-03-31": "0.89", "2013-12-31": "0.89", "2013-09-30": "0.78", "2013-06-30": "0.75", "2013-03-31": "0.75", "2012-12-31": "0.67", "2012-09-30": "0.59", "2012-06-30": "0.61", "2012-03-31": "0.68", "2011-12-31": "0.58", "2011-09-30": "0.53", "2011-06-30": "0.74", "2011-03-31": "0.88", "2010-12-31": "0.91", "2010-09-30": "0.79", "2010-06-30": "0.77", "2010-03-31": "0.98", "2009-12-31": "0.93", "2009-09-30": "0.98", "2009-06-30": "1.02", "2009-03-31": "0.91", "2008-12-31": "0.90", "2008-09-30": "1.05", "2008-06-30": "1.16", "2008-03-31": "1.28", "2007-12-31": "1.44", "2007-09-30": "1.31", "2007-06-30": "1.89", "2007-03-31": "1.88", "2006-12-31": "1.82", "2006-09-30": "1.79", "2006-06-30": "1.69", "2006-03-31": "1.89"}, "price fcf": {"2021-02-11": "", "2020-09-30": "$2.78", "2020-06-30": "$7.22", "2020-03-31": "$-2.14", "2019-12-31": "$-1.22", "2019-09-30": "$4.51", "2019-06-30": "$0.53", "2019-03-31": "$4.71", "2018-12-31": "$4.97", "2018-09-30": "$3.03", "2018-06-30": "$6.87", "2018-03-31": "$3.81", "2017-12-31": "$3.37", "2017-09-30": "$6.50", "2017-06-30": "$1.72", "2017-03-31": "$2.25", "2016-12-31": "$5.21", "2016-09-30": "$1.04", "2016-06-30": "$2.17", "2016-03-31": "$4.94", "2015-12-31": "$3.22", "2015-09-30": "$4.12", "2015-06-30": "$4.11", "2015-03-31": "$4.68", "2014-12-31": "$3.79", "2014-09-30": "$2.18", "2014-06-30": "$1.72", "2014-03-31": "$0.29", "2013-12-31": "$-1.09", "2013-09-30": "$-0.23", "2013-06-30": "$-0.30", "2013-03-31": "$-1.62", "2012-12-31": "$0.84", "2012-09-30": "$3.04", "2012-06-30": "$0.88", "2012-03-31": "$1.09", "2011-12-31": "$1.31", "2011-09-30": "$-0.21", "2011-06-30": "$3.80", "2011-03-31": "$2.37", "2010-12-31": "$3.10", "2010-09-30": "$3.29", "2010-06-30": "$2.59", "2010-03-31": "$4.31", "2009-12-31": "$2.88", "2009-09-30": "$3.01", "2009-06-30": "$0.90", "2009-03-31": "$1.10", "2008-12-31": "$2.31", "2008-09-30": "$0.85", "2008-06-30": "$3.43", "2008-03-31": "$1.16", "2007-12-31": "$3.19", "2007-09-30": "$2.40", "2007-06-30": "$3.17", "2007-03-31": "$7.46", "2006-12-31": "$5.37"}, "net worth": {"value": "$37.18B"}, "current ratio": {"2020-12-31": "0.69", "2020-09-30": "0.66", "2020-06-30": "0.68", "2020-03-31": "0.72", "2019-12-31": "0.70", "2019-09-30": "0.70", "2019-06-30": "0.71", "2019-03-31": "0.69", "2018-12-31": "0.70", "2018-09-30": "0.69", "2018-06-30": "0.69", "2018-03-31": "0.71", "2017-12-31": "0.70", "2017-09-30": "0.69", "2017-06-30": "0.67", "2017-03-31": "0.67", "2016-12-31": "0.66", "2016-09-30": "0.69", "2016-06-30": "0.69", "2016-03-31": "0.69", "2015-12-31": "0.71", "2015-09-30": "0.68", "2015-06-30": "0.69", "2015-03-31": "0.67", "2014-12-31": "0.68", "2014-09-30": "0.70", "2014-06-30": "0.74", "2014-03-31": "0.72", "2013-12-31": "0.73", "2013-09-30": "0.73", "2013-06-30": "0.69", "2013-03-31": "0.69", "2012-12-31": "0.71", "2012-09-30": "0.68", "2012-06-30": "0.70", "2012-03-31": "0.69", "2011-12-31": "0.74", "2011-09-30": "0.76", "2011-06-30": "0.77", "2011-03-31": "0.73", "2010-12-31": "0.70", "2010-09-30": "0.74", "2010-06-30": "0.75", "2010-03-31": "0.72", "2009-12-31": "0.71", "2009-09-30": "0.73", "2009-06-30": "0.75", "2009-03-31": "0.83", "2008-12-31": "0.85", "2008-09-30": "0.86", "2008-06-30": "0.78", "2008-03-31": "0.78", "2007-12-31": "0.75", "2007-09-30": "0.73", "2007-06-30": "0.82", "2007-03-31": "0.82", "2006-12-31": "0.83", "2006-09-30": "0.89", "2006-06-30": "0.83", "2006-03-31": "0.79", "2005-12-31": "0.80", "2005-09-30": "0.78", "2005-06-30": "0.79", "2005-03-31": "0.78"}, "quick ratio": {"2020-12-31": "0.00", "2020-09-30": "0.00", "2020-06-30": "0.00", "2020-03-31": "0.00", "2019-12-31": "0.00", "2019-09-30": "0.00", "2019-06-30": "0.00", "2019-03-31": "0.00", "2018-12-31": "0.00", "2018-09-30": "0.00", "2018-06-30": "0.00", "2018-03-31": "0.00", "2017-12-31": "0.00", "2017-09-30": "0.00", "2017-06-30": "0.00", "2017-03-31": "0.00", "2016-12-31": "0.00", "2016-09-30": "0.00", "2016-06-30": "0.00", "2016-03-31": "0.00", "2015-12-31": "0.00", "2015-09-30": "0.00", "2015-06-30": "0.00", "2015-03-31": "0.00", "2014-12-31": "0.00", "2014-09-30": "0.00", "2014-06-30": "0.00", "2014-03-31": "0.00", "2013-12-31": "0.00", "2013-09-30": "0.00", "2013-06-30": "0.00", "2013-03-31": "0.00", "2012-12-31": "0.00", "2012-09-30": "0.00", "2012-06-30": "0.00", "2012-03-31": "0.00", "2011-12-31": "0.00", "2011-09-30": "0.00", "2011-06-30": "0.00", "2011-03-31": "0.00", "2010-12-31": "0.00", "2010-09-30": "0.00", "2010-06-30": "0.00", "2010-03-31": "0.00", "2009-12-31": "0.00", "2009-09-30": "0.00", "2009-06-30": "0.00", "2009-03-31": "0.00", "2008-12-31": "0.00", "2008-09-30": "0.00", "2008-06-30": "0.00", "2008-03-31": "0.00", "2007-12-31": "0.00", "2007-09-30": "0.00", "2007-06-30": "0.00", "2007-03-31": "0.00", "2006-12-31": "0.00", "2006-09-30": "0.00", "2006-06-30": "0.00", "2006-03-31": "0.00", "2005-12-31": "0.00", "2005-09-30": "0.00", "2005-06-30": "0.00", "2005-03-31": "0.00"}, "debt equity ratio": {"current": "0.64", "2020-12-31": "9.22", "2020-09-30": "8.49", "2020-06-30": "9.10", "2020-03-31": "10.35", "2019-12-31": "8.17", "2019-09-30": "8.03", "2019-06-30": "8.14", "2019-03-31": "7.37", "2018-12-31": "7.91", "2018-09-30": "7.40", "2018-06-30": "7.49", "2018-03-31": "7.91", "2017-12-31": "7.94", "2017-09-30": "7.66", "2017-06-30": "7.80", "2017-03-31": "7.51", "2016-12-31": "7.46", "2016-09-30": "8.31", "2016-06-30": "8.52", "2016-03-31": "8.53", "2015-12-31": "9.16", "2015-09-30": "8.69", "2015-06-30": "9.09", "2015-03-31": "9.32", "2014-12-31": "9.02", "2014-09-30": "8.82", "2014-06-30": "9.21", "2014-03-31": "8.50", "2013-12-31": "8.78", "2013-09-30": "8.85", "2013-06-30": "8.81", "2013-03-31": "8.75", "2012-12-31": "8.63", "2012-09-30": "8.15", "2012-06-30": "8.33", "2012-03-31": "7.65", "2011-12-31": "8.54", "2011-09-30": "8.37", "2011-06-30": "7.81", "2011-03-31": "6.83", "2010-12-31": "6.48", "2010-09-30": "6.74", "2010-06-30": "6.58", "2010-03-31": "6.24", "2009-12-31": "6.32", "2009-09-30": "6.49", "2009-06-30": "6.44", "2009-03-31": "6.21", "2008-12-31": "7.46", "2008-09-30": "8.72", "2008-06-30": "6.04", "2008-03-31": "6.20", "2007-12-31": "5.72", "2007-09-30": "5.35", "2007-06-30": "9.68", "2007-03-31": "7.66", "2006-12-31": "8.03", "2006-09-30": "9.19", "2006-06-30": "9.83", "2006-03-31": "9.26", "2005-12-31": "9.34", "2005-09-30": "9.59", "2005-06-30": "9.88", "2005-03-31": "9.34"}, "return on equity": {"2020-12-31": "7.76%", "2020-09-30": "9.55%", "2020-06-30": "10.06%", "2020-03-31": "10.35%", "2019-12-31": "10.25%", "2019-09-30": "8.95%", "2019-06-30": "9.10%", "2019-03-31": "9.31%", "2018-12-31": "9.81%", "2018-09-30": "10.46%", "2018-06-30": "10.31%", "2018-03-31": "10.06%", "2017-12-31": "9.55%", "2017-09-30": "8.91%", "2017-06-30": "8.89%", "2017-03-31": "8.70%", "2016-12-31": "8.55%", "2016-09-30": "8.12%", "2016-06-30": "7.81%", "2016-03-31": "7.83%", "2015-12-31": "7.76%", "2015-09-30": "6.68%", "2015-06-30": "7.27%", "2015-03-31": "6.56%", "2014-12-31": "6.28%", "2014-09-30": "7.06%", "2014-06-30": "6.85%", "2014-03-31": "7.68%", "2013-12-31": "5.34%", "2013-09-30": "5.68%", "2013-06-30": "5.06%", "2013-03-31": "4.13%", "2012-12-31": "6.64%", "2012-09-30": "6.46%", "2012-06-30": "6.39%", "2012-03-31": "7.21%", "2011-12-31": "7.23%", "2011-09-30": "7.81%", "2011-06-30": "7.85%", "2011-03-31": "7.85%", "2010-12-31": "7.90%", "2010-09-30": "7.88%", "2010-06-30": "-2.18%", "2010-03-31": "-3.93%", "2009-12-31": "-4.84%", "2009-09-30": "-6.90%", "2009-06-30": "2.98%", "2009-03-31": "3.42%", "2008-12-31": "4.92%", "2008-09-30": "6.59%", "2008-06-30": "7.68%", "2008-03-31": "9.53%", "2007-12-31": "9.98%", "2007-09-30": "20.76%", "2007-06-30": "26.69%", "2007-03-31": "27.81%", "2006-12-31": "28.64%", "2006-09-30": "16.07%", "2006-06-30": "16.79%", "2006-03-31": "16.53%", "2005-12-31": "16.41%"}, "return on assets": {"2020-12-31": "0.76%", "2020-09-30": "0.95%", "2020-06-30": "1.01%", "2020-03-31": "1.07%", "2019-12-31": "1.15%", "2019-09-30": "1.01%", "2019-06-30": "1.05%", "2019-03-31": "1.09%", "2018-12-31": "1.13%", "2018-09-30": "1.20%", "2018-06-30": "1.18%", "2018-03-31": "1.14%", "2017-12-31": "1.09%", "2017-09-30": "1.03%", "2017-06-30": "1.01%", "2017-03-31": "0.97%", "2016-12-31": "0.93%", "2016-09-30": "0.84%", "2016-06-30": "0.80%", "2016-03-31": "0.79%", "2015-12-31": "0.77%", "2015-09-30": "0.67%", "2015-06-30": "0.72%", "2015-03-31": "0.65%", "2014-12-31": "0.64%", "2014-09-30": "0.72%", "2014-06-30": "0.70%", "2014-03-31": "0.79%", "2013-12-31": "0.55%", "2013-09-30": "0.58%", "2013-06-30": "0.53%", "2013-03-31": "0.44%", "2012-12-31": "0.72%", "2012-09-30": "0.71%", "2012-06-30": "0.69%", "2012-03-31": "0.79%", "2011-12-31": "0.81%", "2011-09-30": "0.93%", "2011-06-30": "0.98%", "2011-03-31": "1.03%", "2010-12-31": "1.05%", "2010-09-30": "1.05%", "2010-06-30": "-0.29%", "2010-03-31": "-0.53%", "2009-12-31": "-0.66%", "2009-09-30": "-0.90%", "2009-06-30": "0.36%", "2009-03-31": "0.42%", "2008-12-31": "0.61%", "2008-09-30": "0.86%", "2008-06-30": "1.12%", "2008-03-31": "1.32%", "2007-12-31": "1.34%", "2007-09-30": "2.58%", "2007-06-30": "2.77%", "2007-03-31": "2.89%", "2006-12-31": "2.85%", "2006-09-30": "1.54%", "2006-06-30": "1.60%", "2006-03-31": "1.57%", "2005-12-31": "1.56%"}, "return on investments": {"2020-12-31": "5.27%", "2020-09-30": "7.57%", "2020-06-30": "7.80%", "2020-03-31": "7.98%", "2019-12-31": "7.85%", "2019-09-30": "6.64%", "2019-06-30": "6.65%", "2019-03-31": "6.77%", "2018-12-31": "7.16%", "2018-09-30": "6.77%", "2018-06-30": "6.82%", "2018-03-31": "6.78%", "2017-12-31": "6.55%", "2017-09-30": "7.37%", "2017-06-30": "7.51%", "2017-03-31": "7.47%", "2016-12-31": "7.47%", "2016-09-30": "7.15%", "2016-06-30": "6.94%", "2016-03-31": "7.12%", "2015-12-31": "7.14%", "2015-09-30": "7.30%", "2015-06-30": "8.54%", "2015-03-31": "8.03%", "2014-12-31": "7.72%", "2014-09-30": "7.36%", "2014-06-30": "6.04%", "2014-03-31": "6.68%", "2013-12-31": "6.70%", "2013-09-30": "7.04%", "2013-06-30": "7.00%", "2013-03-31": "6.53%", "2012-12-31": "6.76%", "2012-09-30": "6.67%", "2012-06-30": "6.71%", "2012-03-31": "7.01%", "2011-12-31": "7.10%", "2011-09-30": "7.60%", "2011-06-30": "7.59%", "2011-03-31": "7.56%", "2010-12-31": "7.63%", "2010-09-30": "7.51%", "2010-06-30": "-2.36%", "2010-03-31": "-3.31%", "2009-12-31": "-3.95%", "2009-09-30": "-5.36%", "2009-06-30": "4.04%", "2009-03-31": "4.47%", "2008-12-31": "5.67%", "2008-09-30": "7.51%", "2008-06-30": "9.10%", "2008-03-31": "10.10%", "2007-12-31": "10.31%", "2007-09-30": "10.91%", "2007-06-30": "11.32%", "2007-03-31": "11.47%", "2006-12-31": "11.31%", "2006-09-30": "10.60%", "2006-06-30": "10.72%", "2006-03-31": "10.43%", "2005-12-31": "10.88%"}, "return on tangible equity": {"2020-09-30": "18.16%", "2020-06-30": "19.54%", "2020-03-31": "20.39%", "2019-12-31": "20.25%", "2019-09-30": "17.79%", "2019-06-30": "18.11%", "2019-03-31": "18.59%", "2018-12-31": "19.62%", "2018-09-30": "20.92%", "2018-06-30": "20.78%", "2018-03-31": "20.49%", "2017-12-31": "19.74%", "2017-09-30": "18.66%", "2017-06-30": "18.74%", "2017-03-31": "18.57%", "2016-12-31": "18.43%", "2016-09-30": "17.73%", "2016-06-30": "17.34%", "2016-03-31": "17.52%", "2015-12-31": "17.49%", "2015-09-30": "15.22%", "2015-06-30": "16.66%", "2015-03-31": "15.17%", "2014-12-31": "14.69%", "2014-09-30": "16.66%", "2014-06-30": "16.50%", "2014-03-31": "18.93%", "2013-12-31": "13.50%", "2013-09-30": "14.58%", "2013-06-30": "13.17%", "2013-03-31": "10.98%", "2012-12-31": "18.16%", "2012-09-30": "18.47%", "2012-06-30": "19.19%", "2012-03-31": "22.30%", "2011-12-31": "22.98%", "2011-09-30": "25.65%", "2011-06-30": "26.78%", "2011-03-31": "26.94%", "2010-12-31": "27.33%", "2010-09-30": "28.04%", "2010-06-30": "-7.99%", "2010-03-31": "-15.91%", "2009-12-31": "-20.88%", "2009-09-30": "-30.48%", "2009-06-30": "13.95%", "2009-03-31": "16.09%", "2008-12-31": "24.38%", "2008-09-30": "32.55%", "2008-06-30": "36.04%", "2008-03-31": "38.99%", "2007-12-31": "34.66%", "2007-09-30": "60.62%", "2007-06-30": "57.57%", "2007-03-31": "57.31%", "2006-12-31": "56.00%", "2006-09-30": "29.46%", "2006-06-30": "30.99%", "2006-03-31": "30.33%", "2005-12-31": "29.94%"}, "dividend yield history": {"last payout": "$1.24", "last yield": "2.96%"}}