{"ticker": "BKNG", "price": {"title": "Booking Holdings Historical Annual Stock Price Data", "value": 2159.26, "historical": {"2021": {"Average Stock Price": "2112.1104", "Year Open": "2164.0800", "Year High": "2281.5400", "Year Low": "1886.0900", "Year Close": "2159.2600", "Annual % Change": "-3.05%"}, "2020": {"Average Stock Price": "1741.4640", "Year Open": "2074.5800", "Year High": "2227.2700", "Year Low": "1152.2400", "Year Close": "2227.2700", "Annual % Change": "8.45%"}, "2019": {"Average Stock Price": "1871.1539", "Year Open": "1721.7000", "Year High": "2077.4400", "Year Low": "1649.4900", "Year Close": "2053.7300", "Annual % Change": "19.24%"}, "2018": {"Average Stock Price": "1968.8887", "Year Open": "1784.7500", "Year High": "2206.0900", "Year Low": "1616.8300", "Year Close": "1722.4200", "Annual % Change": "-0.88%"}, "2017": {"Average Stock Price": "1798.1545", "Year Open": "1477.5700", "Year High": "2049.0000", "Year Low": "1477.5700", "Year Close": "1737.7400", "Annual % Change": "18.53%"}, "2016": {"Average Stock Price": "1346.7127", "Year Open": "1245.3700", "Year High": "1578.1300", "Year Low": "973.8000", "Year Close": "1466.0600", "Annual % Change": "14.99%"}, "2015": {"Average Stock Price": "1219.8810", "Year Open": "1142.0600", "Year High": "1469.5600", "Year Low": "998.2500", "Year Close": "1274.9500", "Annual % Change": "11.82%"}, "2014": {"Average Stock Price": "1197.9609", "Year Open": "1145.4400", "Year High": "1370.4300", "Year Low": "1040.7000", "Year Close": "1140.2100", "Annual % Change": "-1.91%"}, "2013": {"Average Stock Price": "877.9542", "Year Open": "638.4000", "Year High": "1192.3300", "Year Low": "638.4000", "Year Close": "1162.4000", "Annual % Change": "87.37%"}, "2012": {"Average Stock Price": "630.4968", "Year Open": "485.1500", "Year High": "764.7500", "Year Low": "476.0800", "Year Close": "620.3900", "Annual % Change": "32.64%"}, "2011": {"Average Stock Price": "491.4542", "Year Open": "415.9900", "Year High": "555.6500", "Year Low": "409.3800", "Year Close": "467.7100", "Annual % Change": "17.06%"}, "2010": {"Average Stock Price": "277.8894", "Year Open": "223.9600", "Year High": "420.6500", "Year Low": "175.1900", "Year Close": "399.5500", "Annual % Change": "82.94%"}, "2009": {"Average Stock Price": "129.4110", "Year Open": "76.8900", "Year High": "229.2400", "Year Low": "66.0400", "Year Close": "218.4100", "Annual % Change": "196.55%"}, "2008": {"Average Stock Price": "99.0855", "Year Open": "115.2400", "Year High": "139.6600", "Year Low": "47.0700", "Year Close": "73.6500", "Annual % Change": "-35.88%"}, "2007": {"Average Stock Price": "71.7057", "Year Open": "43.9700", "Year High": "119.7300", "Year Low": "42.2900", "Year Close": "114.8600", "Annual % Change": "163.38%"}, "2006": {"Average Stock Price": "30.5704", "Year Open": "22.6800", "Year High": "43.9700", "Year Low": "21.0600", "Year Close": "43.6100", "Annual % Change": "95.39%"}, "2005": {"Average Stock Price": "22.8852", "Year Open": "23.7300", "Year High": "26.6400", "Year Low": "18.5600", "Year Close": "22.3200", "Annual % Change": "-5.38%"}, "2004": {"Average Stock Price": "22.9525", "Year Open": "18.7800", "Year High": "28.6500", "Year Low": "18.0500", "Year Close": "23.5900", "Annual % Change": "31.79%"}, "2003": {"Average Stock Price": "20.6458", "Year Open": "10.0180", "Year High": "39.4900", "Year Low": "6.9586", "Year Close": "17.9000", "Annual % Change": "86.50%"}, "2002": {"Average Stock Price": "19.5723", "Year Open": "35.0930", "Year High": "37.9124", "Year Low": "6.5987", "Year Close": "9.5981", "Annual % Change": "-72.51%"}, "2001": {"Average Stock Price": "28.3917", "Year Open": "8.4583", "Year High": "59.4481", "Year Low": "8.4583", "Year Close": "34.9130", "Annual % Change": "344.28%"}, "2000": {"Average Stock Price": "226.3516", "Year Open": "307.4385", "Year High": "575.5249", "Year Low": "6.7786", "Year Close": "7.8584", "Annual % Change": "-97.24%"}}}, "market cap": {"value": "$85.4B"}, "income statement": {"Revenue": {"2019-12-31": "15066.00000", "2018-12-31": "14527.00000", "2017-12-31": "12681.00000", "2016-12-31": "10743.00000", "2015-12-31": "9223.98700", "2014-12-31": "8441.97100", "2013-12-31": "6793.30600", "2012-12-31": "5260.95600", "2011-12-31": "4355.61000", "2010-12-31": "3084.90500", "2009-12-31": "2338.21200", "2008-12-31": "1884.80600", "2007-12-31": "1409.40900", "2006-12-31": "1123.10300", "2005-12-31": "962.66000"}, "Cost Of Goods Sold": {"2019-12-31": "", "2018-12-31": "", "2017-12-31": "242.00000", "2016-12-31": "415.00000", "2015-12-31": "632.18000", "2014-12-31": "857.84100", "2013-12-31": "1077.42000", "2012-12-31": "1177.27500", "2011-12-31": "1275.73000", "2010-12-31": "1175.93400", "2009-12-31": "1077.44900", "2008-12-31": "928.83500", "2007-12-31": "769.99700", "2006-12-31": "722.00400", "2005-12-31": "694.79700"}, "Gross Profit": {"2019-12-31": "15066.00000", "2018-12-31": "14527.00000", "2017-12-31": "12439.00000", "2016-12-31": "10328.00000", "2015-12-31": "8591.80800", "2014-12-31": "7584.13000", "2013-12-31": "5715.88600", "2012-12-31": "4083.68100", "2011-12-31": "3079.88000", "2010-12-31": "1908.97100", "2009-12-31": "1260.76300", "2008-12-31": "955.97100", "2007-12-31": "639.41200", "2006-12-31": "401.09900", "2005-12-31": "267.86300"}, "Research And Development Expenses": {"2019-12-31": "", "2018-12-31": "", "2017-12-31": "", "2016-12-31": "", "2015-12-31": "", "2014-12-31": "", "2013-12-31": "", "2012-12-31": "", "2011-12-31": "", "2010-12-31": "", "2009-12-31": "", "2008-12-31": "", "2007-12-31": "", "2006-12-31": "", "2005-12-31": ""}, "SG&A Expenses": {"2019-12-31": "9252.00000", "2018-12-31": "8760.00000", "2017-12-31": "7538.00000", "2016-12-31": "6172.00000", "2015-12-31": "5060.40600", "2014-12-31": "4302.99800", "2013-12-31": "3185.49700", "2012-12-31": "2188.74700", "2011-12-31": "1627.13400", "2010-12-31": "1076.41100", "2009-12-31": "750.73500", "2008-12-31": "623.70100", "2007-12-31": "464.40500", "2006-12-31": "305.52900", "2005-12-31": "204.94900"}, "Other Operating Income Or Expenses": {"2019-12-31": "", "2018-12-31": "", "2017-12-31": "", "2016-12-31": "", "2015-12-31": "", "2014-12-31": "", "2013-12-31": "", "2012-12-31": "", "2011-12-31": "", "2010-12-31": "", "2009-12-31": "", "2008-12-31": "", "2007-12-31": "", "2006-12-31": "", "2005-12-31": ""}, "Operating Expenses": {"2019-12-31": "9721.00000", "2018-12-31": "9186.00000", "2017-12-31": "8143.00000", "2016-12-31": "7837.00000", "2015-12-31": "5965.08000", "2014-12-31": "5368.65900", "2013-12-31": "4380.89200", "2012-12-31": "3431.16300", "2011-12-31": "2956.68800", "2010-12-31": "2298.10800", "2009-12-31": "1867.37700", "2008-12-31": "1595.33200", "2007-12-31": "1271.47400", "2006-12-31": "1061.11700", "2005-12-31": "926.77610"}, "Operating Income": {"2019-12-31": "5345.00000", "2018-12-31": "5341.00000", "2017-12-31": "4538.00000", "2016-12-31": "2906.00000", "2015-12-31": "3258.90700", "2014-12-31": "3073.31200", "2013-12-31": "2412.41400", "2012-12-31": "1829.79300", "2011-12-31": "1398.92200", "2010-12-31": "786.79710", "2009-12-31": "470.83500", "2008-12-31": "289.47400", "2007-12-31": "137.93510", "2006-12-31": "61.98610", "2005-12-31": "35.88390"}, "Total Non-Operating Income/Expense": {"2019-12-31": "613.00000", "2018-12-31": "-506.00000", "2017-12-31": "-139.00000", "2016-12-31": "-193.00000", "2015-12-31": "-130.58700", "2014-12-31": "-83.86400", "2013-12-31": "-115.87700", "2012-12-31": "-67.92400", "2011-12-31": "-31.12800", "2010-12-31": "-40.51400", "2009-12-31": "-28.53300", "2008-12-31": "-13.36900", "2007-12-31": "-16.07400", "2006-12-31": "3.64600", "2005-12-31": "-0.18100"}, "Pre-Tax Income": {"2019-12-31": "5958.00000", "2018-12-31": "4835.00000", "2017-12-31": "4399.00000", "2016-12-31": "2713.00000", "2015-12-31": "3128.32000", "2014-12-31": "2989.44800", "2013-12-31": "2296.53700", "2012-12-31": "1761.86900", "2011-12-31": "1367.79400", "2010-12-31": "746.28300", "2009-12-31": "442.30200", "2008-12-31": "276.10500", "2007-12-31": "121.86100", "2006-12-31": "65.63200", "2005-12-31": "35.70300"}, "Income Taxes": {"2019-12-31": "1093.00000", "2018-12-31": "837.00000", "2017-12-31": "2058.00000", "2016-12-31": "578.00000", "2015-12-31": "576.96000", "2014-12-31": "567.69500", "2013-12-31": "403.73900", "2012-12-31": "337.83200", "2011-12-31": "308.66300", "2010-12-31": "218.14100", "2009-12-31": "-47.16800", "2008-12-31": "90.17100", "2007-12-31": "-23.53700", "2006-12-31": "-12.38800", "2005-12-31": "-156.27700"}, "Income After Taxes": {"2019-12-31": "4865.00000", "2018-12-31": "3998.00000", "2017-12-31": "2341.00000", "2016-12-31": "2135.00000", "2015-12-31": "2551.36000", "2014-12-31": "2421.75300", "2013-12-31": "1892.79800", "2012-12-31": "1424.03700", "2011-12-31": "1059.13100", "2010-12-31": "528.14200", "2009-12-31": "489.47000", "2008-12-31": "185.93400", "2007-12-31": "145.39800", "2006-12-31": "78.02000", "2005-12-31": "191.98000"}, "Other Income": {"2019-12-31": "", "2018-12-31": "", "2017-12-31": "", "2016-12-31": "", "2015-12-31": "", "2014-12-31": "", "2013-12-31": "", "2012-12-31": "", "2011-12-31": "", "2010-12-31": "", "2009-12-31": "", "2008-12-31": "", "2007-12-31": "", "2006-12-31": "", "2005-12-31": ""}, "Income From Continuous Operations": {"2019-12-31": "4865.00000", "2018-12-31": "3998.00000", "2017-12-31": "2341.00000", "2016-12-31": "2135.00000", "2015-12-31": "2551.36000", "2014-12-31": "2421.75300", "2013-12-31": "1892.79800", "2012-12-31": "1424.03700", "2011-12-31": "1059.13100", "2010-12-31": "528.14200", "2009-12-31": "489.47200", "2008-12-31": "185.62400", "2007-12-31": "145.07700", "2006-12-31": "74.46600", "2005-12-31": "192.72900"}, "Income From Discontinued Operations": {"2019-12-31": "", "2018-12-31": "", "2017-12-31": "", "2016-12-31": "", "2015-12-31": "", "2014-12-31": "", "2013-12-31": "", "2012-12-31": "", "2011-12-31": "", "2010-12-31": "", "2009-12-31": "", "2008-12-31": "", "2007-12-31": "", "2006-12-31": "", "2005-12-31": ""}, "Net Income": {"2019-12-31": "4865.00000", "2018-12-31": "3998.00000", "2017-12-31": "2341.00000", "2016-12-31": "2135.00000", "2015-12-31": "2551.36000", "2014-12-31": "2421.75300", "2013-12-31": "1892.66300", "2012-12-31": "1419.56600", "2011-12-31": "1056.37100", "2010-12-31": "527.54100", "2009-12-31": "489.47200", "2008-12-31": "182.24600", "2007-12-31": "138.84300", "2006-12-31": "72.53900", "2005-12-31": "190.87500"}, "EBITDA": {"2019-12-31": "5872.00000", "2018-12-31": "5826.00000", "2017-12-31": "4980.00000", "2016-12-31": "4233.00000", "2015-12-31": "3605.66600", "2014-12-31": "3341.09200", "2013-12-31": "2594.00500", "2012-12-31": "1939.96600", "2011-12-31": "1476.52000", "2010-12-31": "860.70310", "2009-12-31": "530.69600", "2008-12-31": "361.73600", "2007-12-31": "206.79810", "2006-12-31": "98.81710", "2005-12-31": "64.66190"}, "EBIT": {"2019-12-31": "5345.00000", "2018-12-31": "5341.00000", "2017-12-31": "4538.00000", "2016-12-31": "2906.00000", "2015-12-31": "3258.90700", "2014-12-31": "3073.31200", "2013-12-31": "2412.41400", "2012-12-31": "1829.79300", "2011-12-31": "1398.92200", "2010-12-31": "786.79710", "2009-12-31": "470.83500", "2008-12-31": "289.47400", "2007-12-31": "137.93510", "2006-12-31": "61.98610", "2005-12-31": "35.88390"}, "Basic Shares Outstanding": {"2019-12-31": "43.08200", "2018-12-31": "47.44600", "2017-12-31": "48.99400", "2016-12-31": "49.49100", "2015-12-31": "50.94000", "2014-12-31": "52.30100", "2013-12-31": "50.92400", "2012-12-31": "49.84000", "2011-12-31": "49.65400", "2010-12-31": "47.95500", "2009-12-31": "42.40600", "2008-12-31": "39.29900", "2007-12-31": "37.67100", "2006-12-31": "38.65000", "2005-12-31": "39.16100"}, "Shares Outstanding": {"2019-12-31": "43.50900", "2018-12-31": "48.01700", "2017-12-31": "49.95400", "2016-12-31": "50.06300", "2015-12-31": "51.59300", "2014-12-31": "53.02300", "2013-12-31": "52.41300", "2012-12-31": "51.32600", "2011-12-31": "51.21100", "2010-12-31": "50.98800", "2009-12-31": "49.52200", "2008-12-31": "48.67100", "2007-12-31": "45.50400", "2006-12-31": "44.72200", "2005-12-31": "46.43600"}, "Basic EPS": {"2019-12-31": "112.93000", "2018-12-31": "84.26000", "2017-12-31": "47.78000", "2016-12-31": "43.14000", "2015-12-31": "50.09000", "2014-12-31": "46.30000", "2013-12-31": "37.17000", "2012-12-31": "28.48000", "2011-12-31": "21.27000", "2010-12-31": "11.00000", "2009-12-31": "11.54000", "2008-12-31": "4.64000", "2007-12-31": "3.69000", "2006-12-31": "1.88000", "2005-12-31": "4.87000"}, "EPS - Earnings Per Share": {"2019-12-31": "111.82000", "2018-12-31": "83.26000", "2017-12-31": "46.86000", "2016-12-31": "42.65000", "2015-12-31": "49.45000", "2014-12-31": "45.67000", "2013-12-31": "36.11000", "2012-12-31": "27.66000", "2011-12-31": "20.63000", "2010-12-31": "10.35000", "2009-12-31": "9.88000", "2008-12-31": "3.74000", "2007-12-31": "3.05000", "2006-12-31": "1.68000", "2005-12-31": "4.21000"}}, "income statement, quarterly": {"Revenue": {"2020-09-30": "2640.00000", "2020-06-30": "630.00000", "2020-03-31": "2288.00000", "2019-12-31": "3339.00000", "2019-09-30": "5040.00000", "2019-06-30": "3850.00000", "2019-03-31": "2837.00000", "2018-12-31": "3213.00000", "2018-09-30": "4849.00000", "2018-06-30": "3537.00000", "2018-03-31": "2928.00000", "2017-12-31": "2803.01100", "2017-09-30": "4434.02900", "2017-06-30": "3024.55600", "2017-03-31": "2419.40400", "2016-12-31": "2348.42700", "2016-09-30": "3690.55200", "2016-06-30": "2555.90200", "2016-03-31": "2148.11900", "2015-12-31": "1999.99500", "2015-09-30": "3102.90100", "2015-06-30": "2280.39700", "2015-03-31": "1840.69400", "2014-12-31": "1840.09700", "2014-09-30": "2836.49700", "2014-06-30": "2123.57500", "2014-03-31": "1641.80200", "2013-12-31": "1541.15300", "2013-09-30": "2269.90300", "2013-06-30": "1680.23800", "2013-03-31": "1302.01200", "2012-12-31": "1190.64000", "2012-09-30": "1706.31000", "2012-06-30": "1326.75900", "2012-03-31": "1037.24700", "2011-12-31": "990.77000", "2011-09-30": "1452.80400", "2011-06-30": "1102.71600", "2011-03-31": "809.32000", "2010-12-31": "731.31500", "2010-09-30": "1001.75700", "2010-06-30": "767.43900", "2010-03-31": "584.39400", "2009-12-31": "541.75290", "2009-09-30": "730.66000", "2009-06-30": "603.74100", "2009-03-31": "462.05800", "2008-12-31": "406.04100", "2008-09-30": "561.60900", "2008-06-30": "513.97600", "2008-03-31": "403.18000", "2007-12-31": "334.85310", "2007-09-30": "417.28700", "2007-06-30": "355.88000", "2007-03-31": "301.38900", "2006-12-31": "260.07100", "2006-09-30": "313.46700", "2006-06-30": "307.65100", "2006-03-31": "241.91400", "2005-12-31": "203.91400", "2005-09-30": "258.79700", "2005-06-30": "266.55700", "2005-03-31": "233.39200"}, "Cost Of Goods Sold": {"2020-09-30": "", "2020-06-30": "", "2020-03-31": "", "2019-12-31": "", "2019-09-30": "", "2019-06-30": "", "2019-03-31": "", "2018-12-31": "", "2018-09-30": "", "2018-06-30": "", "2018-03-31": "", "2017-12-31": "39.99300", "2017-09-30": "54.18100", "2017-06-30": "67.42500", "2017-03-31": "80.40100", "2016-12-31": "58.75800", "2016-09-30": "101.48900", "2016-06-30": "126.08400", "2016-03-31": "128.66900", "2015-12-31": "120.61200", "2015-09-30": "155.61900", "2015-06-30": "187.49100", "2015-03-31": "168.45800", "2014-12-31": "165.41200", "2014-09-30": "216.51900", "2014-06-30": "240.57900", "2014-03-31": "235.33100", "2013-12-31": "207.85210", "2013-09-30": "280.83800", "2013-06-30": "296.38300", "2013-03-31": "292.34700", "2012-12-31": "250.89000", "2012-09-30": "309.80900", "2012-06-30": "322.61700", "2012-03-31": "293.95900", "2011-12-31": "266.07300", "2011-09-30": "352.65600", "2011-06-30": "353.48900", "2011-03-31": "303.51200", "2010-12-31": "252.90300", "2010-09-30": "335.56900", "2010-06-30": "322.18400", "2010-03-31": "265.27800", "2009-12-31": "228.56400", "2009-09-30": "296.65400", "2009-06-30": "298.50300", "2009-03-31": "253.72800", "2008-12-31": "200.97600", "2008-09-30": "245.53100", "2008-06-30": "260.25100", "2008-03-31": "222.07700", "2007-12-31": "174.70000", "2007-09-30": "214.95600", "2007-06-30": "198.66900", "2007-03-31": "181.67200", "2006-12-31": "160.55410", "2006-09-30": "189.92000", "2006-06-30": "201.84700", "2006-03-31": "169.68300", "2005-12-31": "138.99400", "2005-09-30": "178.79500", "2005-06-30": "201.32300", "2005-03-31": "175.68500"}, "Gross Profit": {"2020-09-30": "2640.00000", "2020-06-30": "630.00000", "2020-03-31": "2288.00000", "2019-12-31": "3339.00000", "2019-09-30": "5040.00000", "2019-06-30": "3850.00000", "2019-03-31": "2837.00000", "2018-12-31": "3213.00000", "2018-09-30": "4849.00000", "2018-06-30": "3537.00000", "2018-03-31": "2928.00000", "2017-12-31": "2763.01800", "2017-09-30": "4379.84800", "2017-06-30": "2957.13100", "2017-03-31": "2339.00300", "2016-12-31": "2289.66900", "2016-09-30": "3589.06300", "2016-06-30": "2429.81800", "2016-03-31": "2019.45000", "2015-12-31": "1879.38400", "2015-09-30": "2947.28200", "2015-06-30": "2092.90600", "2015-03-31": "1672.23600", "2014-12-31": "1674.68500", "2014-09-30": "2619.97800", "2014-06-30": "1882.99600", "2014-03-31": "1406.47100", "2013-12-31": "1333.30100", "2013-09-30": "1989.06500", "2013-06-30": "1383.85500", "2013-03-31": "1009.66500", "2012-12-31": "939.75000", "2012-09-30": "1396.50100", "2012-06-30": "1004.14200", "2012-03-31": "743.28800", "2011-12-31": "724.69700", "2011-09-30": "1100.14800", "2011-06-30": "749.22690", "2011-03-31": "505.80800", "2010-12-31": "478.41200", "2010-09-30": "666.18800", "2010-06-30": "445.25500", "2010-03-31": "319.11600", "2009-12-31": "313.18890", "2009-09-30": "434.00600", "2009-06-30": "305.23800", "2009-03-31": "208.33000", "2008-12-31": "205.06500", "2008-09-30": "316.07800", "2008-06-30": "253.72500", "2008-03-31": "181.10300", "2007-12-31": "160.15300", "2007-09-30": "202.33100", "2007-06-30": "157.21100", "2007-03-31": "119.71700", "2006-12-31": "99.51690", "2006-09-30": "123.54700", "2006-06-30": "105.80400", "2006-03-31": "72.23100", "2005-12-31": "64.92000", "2005-09-30": "80.00200", "2005-06-30": "65.23400", "2005-03-31": "57.70700"}, "Research And Development Expenses": {"2020-09-30": "", "2020-06-30": "", "2020-03-31": "", "2019-12-31": "", "2019-09-30": "", "2019-06-30": "", "2019-03-31": "", "2018-12-31": "", "2018-09-30": "", "2018-06-30": "", "2018-03-31": "", "2017-12-31": "", "2017-09-30": "", "2017-06-30": "", "2017-03-31": "", "2016-12-31": "", "2016-09-30": "", "2016-06-30": "", "2016-03-31": "", "2015-12-31": "", "2015-09-30": "", "2015-06-30": "", "2015-03-31": "", "2014-12-31": "", "2014-09-30": "", "2014-06-30": "", "2014-03-31": "", "2013-12-31": "", "2013-09-30": "", "2013-06-30": "", "2013-03-31": "", "2012-12-31": "", "2012-09-30": "", "2012-06-30": "", "2012-03-31": "", "2011-12-31": "", "2011-09-30": "", "2011-06-30": "", "2011-03-31": "", "2010-12-31": "", "2010-09-30": "", "2010-06-30": "", "2010-03-31": "", "2009-12-31": "", "2009-09-30": "", "2009-06-30": "", "2009-03-31": "", "2008-12-31": "", "2008-09-30": "", "2008-06-30": "", "2008-03-31": "", "2007-12-31": "", "2007-09-30": "", "2007-06-30": "", "2007-03-31": "", "2006-12-31": "", "2006-09-30": "", "2006-06-30": "", "2006-03-31": "", "2005-12-31": "", "2005-09-30": "", "2005-06-30": "", "2005-03-31": ""}, "SG&A Expenses": {"2020-09-30": "1596.00000", "2020-06-30": "968.00000", "2020-03-31": "1991.00000", "2019-12-31": "2050.00000", "2019-09-30": "2553.00000", "2019-06-30": "2484.00000", "2019-03-31": "2165.00000", "2018-12-31": "1961.00000", "2018-09-30": "2495.00000", "2018-06-30": "2209.00000", "2018-03-31": "2095.00000", "2017-12-31": "1678.75200", "2017-09-30": "2182.13700", "2017-06-30": "1978.00000", "2017-03-31": "1699.11100", "2016-12-31": "1419.64900", "2016-09-30": "1736.39100", "2016-06-30": "1619.69900", "2016-03-31": "1396.26100", "2015-12-31": "1150.71900", "2015-09-30": "1389.52100", "2015-06-30": "1346.90100", "2015-03-31": "1173.26500", "2014-12-31": "1024.26000", "2014-09-30": "1239.67400", "2014-06-30": "1109.69500", "2014-03-31": "929.36900", "2013-12-31": "795.33310", "2013-09-30": "906.42100", "2013-06-30": "802.99700", "2013-03-31": "680.74600", "2012-12-31": "547.80600", "2012-09-30": "624.90200", "2012-06-30": "530.12400", "2012-03-31": "485.91500", "2011-12-31": "407.18300", "2011-09-30": "469.81300", "2011-06-30": "410.86800", "2011-03-31": "339.27000", "2010-12-31": "277.00090", "2010-09-30": "316.64400", "2010-06-30": "261.33800", "2010-03-31": "221.42800", "2009-12-31": "185.31490", "2009-09-30": "223.15300", "2009-06-30": "186.14000", "2009-03-31": "156.12700", "2008-12-31": "145.78800", "2008-09-30": "177.22100", "2008-06-30": "161.70700", "2008-03-31": "138.98500", "2007-12-31": "105.70200", "2007-09-30": "115.11600", "2007-06-30": "100.64000", "2007-03-31": "142.94700", "2006-12-31": "78.46200", "2006-09-30": "83.28100", "2006-06-30": "78.40700", "2006-03-31": "65.37900", "2005-12-31": "51.17000", "2005-09-30": "57.97200", "2005-06-30": "48.39700", "2005-03-31": "47.41000"}, "Other Operating Income Or Expenses": {"2020-09-30": "", "2020-06-30": "", "2020-03-31": "", "2019-12-31": "", "2019-09-30": "", "2019-06-30": "", "2019-03-31": "", "2018-12-31": "", "2018-09-30": "", "2018-06-30": "", "2018-03-31": "", "2017-12-31": "", "2017-09-30": "", "2017-06-30": "", "2017-03-31": "", "2016-12-31": "", "2016-09-30": "", "2016-06-30": "", "2016-03-31": "", "2015-12-31": "", "2015-09-30": "", "2015-06-30": "", "2015-03-31": "", "2014-12-31": "", "2014-09-30": "", "2014-06-30": "", "2014-03-31": "", "2013-12-31": "", "2013-09-30": "", "2013-06-30": "", "2013-03-31": "", "2012-12-31": "", "2012-09-30": "", "2012-06-30": "", "2012-03-31": "", "2011-12-31": "", "2011-09-30": "", "2011-06-30": "", "2011-03-31": "", "2010-12-31": "", "2010-09-30": "", "2010-06-30": "", "2010-03-31": "", "2009-12-31": "", "2009-09-30": "", "2009-06-30": "", "2009-03-31": "", "2008-12-31": "", "2008-09-30": "", "2008-06-30": "", "2008-03-31": "", "2007-12-31": "", "2007-09-30": "", "2007-06-30": "", "2007-03-31": "", "2006-12-31": "", "2006-09-30": "", "2006-06-30": "", "2006-03-31": "", "2005-12-31": "", "2005-09-30": "", "2005-06-30": "", "2005-03-31": ""}, "Operating Expenses": {"2020-09-30": "2325.00000", "2020-06-30": "1114.00000", "2020-03-31": "2597.00000", "2019-12-31": "2167.00000", "2019-09-30": "2670.00000", "2019-06-30": "2603.00000", "2019-03-31": "2281.00000", "2018-12-31": "2070.00000", "2018-09-30": "2602.00000", "2018-06-30": "2316.00000", "2018-03-31": "2198.00000", "2017-12-31": "1816.53300", "2017-09-30": "2332.22800", "2017-06-30": "2131.29700", "2017-03-31": "1862.94200", "2016-12-31": "1558.37900", "2016-09-30": "2857.32500", "2016-06-30": "1823.49500", "2016-03-31": "1597.80100", "2015-12-31": "1342.09500", "2015-09-30": "1614.19400", "2015-06-30": "1602.06600", "2015-03-31": "1406.72500", "2014-12-31": "1261.23000", "2014-09-30": "1513.79200", "2014-06-30": "1390.56100", "2014-03-31": "1203.07600", "2013-12-31": "1040.30600", "2013-09-30": "1223.00600", "2013-06-30": "1125.40700", "2013-03-31": "992.17300", "2012-12-31": "816.32500", "2012-09-30": "950.71800", "2012-06-30": "868.40410", "2012-03-31": "795.71610", "2011-12-31": "686.99290", "2011-09-30": "836.42600", "2011-06-30": "778.00800", "2011-03-31": "655.26100", "2010-12-31": "542.35490", "2010-09-30": "664.98800", "2010-06-30": "594.28000", "2010-03-31": "496.48500", "2009-12-31": "423.89000", "2009-09-30": "529.90500", "2009-06-30": "494.36600", "2009-03-31": "419.21600", "2008-12-31": "357.20810", "2008-09-30": "433.68700", "2008-06-30": "433.02200", "2008-03-31": "371.41500", "2007-12-31": "290.84090", "2007-09-30": "339.20300", "2007-06-30": "308.30600", "2007-03-31": "333.12400", "2006-12-31": "247.49490", "2006-09-30": "281.86500", "2006-06-30": "288.61400", "2006-03-31": "243.14300", "2005-12-31": "197.87910", "2005-09-30": "245.90500", "2005-06-30": "254.76700", "2005-03-31": "228.22500"}, "Operating Income": {"2020-09-30": "315.00000", "2020-06-30": "-484.00000", "2020-03-31": "-309.00000", "2019-12-31": "1172.00000", "2019-09-30": "2370.00000", "2019-06-30": "1247.00000", "2019-03-31": "556.00000", "2018-12-31": "1143.00000", "2018-09-30": "2247.00000", "2018-06-30": "1221.00000", "2018-03-31": "730.00000", "2017-12-31": "986.47780", "2017-09-30": "2101.80100", "2017-06-30": "893.25900", "2017-03-31": "556.46220", "2016-12-31": "790.04830", "2016-09-30": "833.22710", "2016-06-30": "732.40710", "2016-03-31": "550.31790", "2015-12-31": "657.90000", "2015-09-30": "1488.70700", "2015-06-30": "678.33090", "2015-03-31": "433.96910", "2014-12-31": "578.86660", "2014-09-30": "1322.70500", "2014-06-30": "733.01390", "2014-03-31": "438.72600", "2013-12-31": "500.84730", "2013-09-30": "1046.89700", "2013-06-30": "554.83110", "2013-03-31": "309.83900", "2012-12-31": "374.31510", "2012-09-30": "755.59210", "2012-06-30": "458.35500", "2012-03-31": "241.53090", "2011-12-31": "303.77700", "2011-09-30": "616.37790", "2011-06-30": "324.70790", "2011-03-31": "154.05900", "2010-12-31": "188.96010", "2010-09-30": "336.76900", "2010-06-30": "173.15900", "2010-03-31": "87.90900", "2009-12-31": "117.86300", "2009-09-30": "200.75490", "2009-06-30": "109.37510", "2009-03-31": "42.84200", "2008-12-31": "48.83300", "2008-09-30": "127.92200", "2008-06-30": "80.95400", "2008-03-31": "31.76500", "2007-12-31": "44.01210", "2007-09-30": "78.08400", "2007-06-30": "47.57400", "2007-03-31": "-31.73500", "2006-12-31": "12.57600", "2006-09-30": "31.60200", "2006-06-30": "19.03700", "2006-03-31": "-1.22900", "2005-12-31": "6.03490", "2005-09-30": "12.89200", "2005-06-30": "11.79000", "2005-03-31": "5.16700"}, "Total Non-Operating Income/Expense": {"2020-09-30": "520.00000", "2020-06-30": "693.00000", "2020-03-31": "-413.00000", "2019-12-31": "248.00000", "2019-09-30": "-7.00000", "2019-06-30": "-40.00000", "2019-03-31": "412.00000", "2018-12-31": "-511.00000", "2018-09-30": "-7.00000", "2018-06-30": "-11.00000", "2018-03-31": "23.00000", "2017-12-31": "-45.05000", "2017-09-30": "-34.95600", "2017-06-30": "-30.14200", "2017-03-31": "-28.85200", "2016-12-31": "-27.62300", "2016-09-30": "-35.69300", "2016-06-30": "-39.85900", "2016-03-31": "-89.82500", "2015-12-31": "-41.37000", "2015-09-30": "-32.53700", "2015-06-30": "-29.95400", "2015-03-31": "-26.72600", "2014-12-31": "-26.82600", "2014-09-30": "-17.11600", "2014-06-30": "-17.24900", "2014-03-31": "-22.67300", "2013-12-31": "-50.66000", "2013-09-30": "-26.54600", "2013-06-30": "-19.27400", "2013-03-31": "-19.39700", "2012-12-31": "-18.29400", "2012-09-30": "-24.41800", "2012-06-30": "-12.67600", "2012-03-31": "-12.53600", "2011-12-31": "-5.11800", "2011-09-30": "-4.52600", "2011-06-30": "-8.11700", "2011-03-31": "-13.36700", "2010-12-31": "-8.05500", "2010-09-30": "-18.09000", "2010-06-30": "-7.28800", "2010-03-31": "-7.08100", "2009-12-31": "-9.72400", "2009-09-30": "-6.66000", "2009-06-30": "-9.90200", "2009-03-31": "-2.24700", "2008-12-31": "5.32200", "2008-09-30": "-1.09100", "2008-06-30": "-6.62700", "2008-03-31": "-10.97300", "2007-12-31": "-27.02900", "2007-09-30": "2.14000", "2007-06-30": "3.29600", "2007-03-31": "5.51900", "2006-12-31": "2.08300", "2006-09-30": "1.43000", "2006-06-30": "-0.05500", "2006-03-31": "0.18800", "2005-12-31": "-0.11600", "2005-09-30": "-0.22000", "2005-06-30": "0.61000", "2005-03-31": "-0.45500"}, "Pre-Tax Income": {"2020-09-30": "835.00000", "2020-06-30": "209.00000", "2020-03-31": "-722.00000", "2019-12-31": "1420.00000", "2019-09-30": "2363.00000", "2019-06-30": "1207.00000", "2019-03-31": "968.00000", "2018-12-31": "632.00000", "2018-09-30": "2240.00000", "2018-06-30": "1210.00000", "2018-03-31": "753.00000", "2017-12-31": "941.42810", "2017-09-30": "2066.84500", "2017-06-30": "863.11700", "2017-03-31": "527.61000", "2016-12-31": "762.42500", "2016-09-30": "797.53400", "2016-06-30": "692.54800", "2016-03-31": "460.49300", "2015-12-31": "616.53000", "2015-09-30": "1456.17000", "2015-06-30": "648.37700", "2015-03-31": "407.24300", "2014-12-31": "552.04100", "2014-09-30": "1305.58900", "2014-06-30": "715.76500", "2014-03-31": "416.05300", "2013-12-31": "450.18700", "2013-09-30": "1020.35100", "2013-06-30": "535.55700", "2013-03-31": "290.44200", "2012-12-31": "356.02110", "2012-09-30": "731.17400", "2012-06-30": "445.67900", "2012-03-31": "228.99500", "2011-12-31": "298.65890", "2011-09-30": "611.85200", "2011-06-30": "316.59100", "2011-03-31": "140.69200", "2010-12-31": "180.90500", "2010-09-30": "318.67900", "2010-06-30": "165.87100", "2010-03-31": "80.82800", "2009-12-31": "108.13900", "2009-09-30": "194.09500", "2009-06-30": "99.47300", "2009-03-31": "40.59500", "2008-12-31": "54.15500", "2008-09-30": "126.83100", "2008-06-30": "74.32700", "2008-03-31": "20.79200", "2007-12-31": "16.98300", "2007-09-30": "80.22400", "2007-06-30": "50.87000", "2007-03-31": "-26.21600", "2006-12-31": "14.65900", "2006-09-30": "33.03200", "2006-06-30": "18.98200", "2006-03-31": "-1.04100", "2005-12-31": "5.91900", "2005-09-30": "12.67200", "2005-06-30": "12.40000", "2005-03-31": "4.71200"}, "Income Taxes": {"2020-09-30": "34.00000", "2020-06-30": "87.00000", "2020-03-31": "-23.00000", "2019-12-31": "249.00000", "2019-09-30": "413.00000", "2019-06-30": "228.00000", "2019-03-31": "203.00000", "2018-12-31": "-14.00000", "2018-09-30": "473.00000", "2018-06-30": "232.00000", "2018-03-31": "146.00000", "2017-12-31": "1496.65100", "2017-09-30": "346.45400", "2017-06-30": "142.90800", "2017-03-31": "71.98700", "2016-12-31": "88.50400", "2016-09-30": "291.51700", "2016-06-30": "111.91000", "2016-03-31": "86.06900", "2015-12-31": "112.26100", "2015-09-30": "259.43800", "2015-06-30": "131.34500", "2015-03-31": "73.91600", "2014-12-31": "100.21000", "2014-09-30": "243.33600", "2014-06-30": "139.31400", "2014-03-31": "84.83500", "2013-12-31": "72.11000", "2013-09-30": "187.36200", "2013-06-30": "98.11700", "2013-03-31": "46.15000", "2012-12-31": "66.42700", "2012-09-30": "131.20100", "2012-06-30": "93.02500", "2012-03-31": "47.17900", "2011-12-31": "72.70400", "2011-09-30": "138.96600", "2011-06-30": "60.31400", "2011-03-31": "36.67900", "2010-12-31": "45.79400", "2010-09-30": "94.11900", "2010-06-30": "51.27500", "2010-03-31": "26.95300", "2009-12-31": "29.68300", "2009-09-30": "-124.88700", "2009-06-30": "32.49500", "2009-03-31": "15.54100", "2008-12-31": "19.96200", "2008-09-30": "40.44500", "2008-06-30": "23.25800", "2008-03-31": "6.50600", "2007-12-31": "-0.25100", "2007-09-30": "-26.65700", "2007-06-30": "14.96400", "2007-03-31": "-11.59300", "2006-12-31": "0.88800", "2006-09-30": "-18.11300", "2006-06-30": "5.57800", "2006-03-31": "-0.74100", "2005-12-31": "2.25000", "2005-09-30": "-158.57300", "2005-06-30": "0.33600", "2005-03-31": "-0.29000"}, "Income After Taxes": {"2020-09-30": "801.00000", "2020-06-30": "122.00000", "2020-03-31": "-699.00000", "2019-12-31": "1171.00000", "2019-09-30": "1950.00000", "2019-06-30": "979.00000", "2019-03-31": "765.00000", "2018-12-31": "646.00000", "2018-09-30": "1767.00000", "2018-06-30": "978.00000", "2018-03-31": "607.00000", "2017-12-31": "-555.22300", "2017-09-30": "1720.39100", "2017-06-30": "720.20900", "2017-03-31": "455.62300", "2016-12-31": "673.92110", "2016-09-30": "506.01700", "2016-06-30": "580.63790", "2016-03-31": "374.42400", "2015-12-31": "504.26900", "2015-09-30": "1196.73200", "2015-06-30": "517.03200", "2015-03-31": "333.32700", "2014-12-31": "451.83090", "2014-09-30": "1062.25300", "2014-06-30": "576.45100", "2014-03-31": "331.21800", "2013-12-31": "378.07710", "2013-09-30": "832.98900", "2013-06-30": "437.44000", "2013-03-31": "244.29200", "2012-12-31": "289.59400", "2012-09-30": "599.97300", "2012-06-30": "352.65400", "2012-03-31": "181.81600", "2011-12-31": "225.95500", "2011-09-30": "472.88600", "2011-06-30": "256.27700", "2011-03-31": "104.01300", "2010-12-31": "135.11100", "2010-09-30": "224.56000", "2010-06-30": "114.59600", "2010-03-31": "53.87500", "2009-12-31": "78.45600", "2009-09-30": "318.98200", "2009-06-30": "66.97800", "2009-03-31": "25.05400", "2008-12-31": "34.19300", "2008-09-30": "86.38600", "2008-06-30": "51.06900", "2008-03-31": "14.28600", "2007-12-31": "17.23400", "2007-09-30": "106.88100", "2007-06-30": "35.90600", "2007-03-31": "-14.62300", "2006-12-31": "13.77100", "2006-09-30": "51.14500", "2006-06-30": "13.40400", "2006-03-31": "-0.30000", "2005-12-31": "3.66900", "2005-09-30": "171.24500", "2005-06-30": "12.06400", "2005-03-31": "5.00200"}, "Other Income": {"2020-09-30": "", "2020-06-30": "", "2020-03-31": "", "2019-12-31": "", "2019-09-30": "", "2019-06-30": "", "2019-03-31": "", "2018-12-31": "", "2018-09-30": "", "2018-06-30": "", "2018-03-31": "", "2017-12-31": "", "2017-09-30": "", "2017-06-30": "", "2017-03-31": "", "2016-12-31": "", "2016-09-30": "", "2016-06-30": "", "2016-03-31": "", "2015-12-31": "", "2015-09-30": "", "2015-06-30": "", "2015-03-31": "", "2014-12-31": "", "2014-09-30": "", "2014-06-30": "", "2014-03-31": "", "2013-12-31": "", "2013-09-30": "", "2013-06-30": "", "2013-03-31": "", "2012-12-31": "", "2012-09-30": "", "2012-06-30": "", "2012-03-31": "", "2011-12-31": "", "2011-09-30": "", "2011-06-30": "", "2011-03-31": "", "2010-12-31": "", "2010-09-30": "", "2010-06-30": "", "2010-03-31": "", "2009-12-31": "", "2009-09-30": "", "2009-06-30": "", "2009-03-31": "", "2008-12-31": "", "2008-09-30": "", "2008-06-30": "", "2008-03-31": "", "2007-12-31": "", "2007-09-30": "", "2007-06-30": "", "2007-03-31": "", "2006-12-31": "", "2006-09-30": "", "2006-06-30": "", "2006-03-31": "", "2005-12-31": "", "2005-09-30": "", "2005-06-30": "", "2005-03-31": ""}, "Income From Continuous Operations": {"2020-09-30": "801.00000", "2020-06-30": "122.00000", "2020-03-31": "-699.00000", "2019-12-31": "1171.00000", "2019-09-30": "1950.00000", "2019-06-30": "979.00000", "2019-03-31": "765.00000", "2018-12-31": "646.00000", "2018-09-30": "1767.00000", "2018-06-30": "978.00000", "2018-03-31": "607.00000", "2017-12-31": "-555.22300", "2017-09-30": "1720.39100", "2017-06-30": "720.20900", "2017-03-31": "455.62300", "2016-12-31": "673.92110", "2016-09-30": "506.01700", "2016-06-30": "580.63790", "2016-03-31": "374.42400", "2015-12-31": "504.26900", "2015-09-30": "1196.73200", "2015-06-30": "517.03200", "2015-03-31": "333.32700", "2014-12-31": "451.83090", "2014-09-30": "1062.25300", "2014-06-30": "576.45100", "2014-03-31": "331.21800", "2013-12-31": "378.07710", "2013-09-30": "832.98900", "2013-06-30": "437.44000", "2013-03-31": "244.29200", "2012-12-31": "289.59400", "2012-09-30": "599.97300", "2012-06-30": "352.65400", "2012-03-31": "181.81600", "2011-12-31": "225.95500", "2011-09-30": "472.88600", "2011-06-30": "256.27700", "2011-03-31": "104.01300", "2010-12-31": "135.11100", "2010-09-30": "224.56000", "2010-06-30": "114.59600", "2010-03-31": "53.87500", "2009-12-31": "78.45600", "2009-09-30": "318.98200", "2009-06-30": "67.01100", "2009-03-31": "25.02300", "2008-12-31": "34.14600", "2008-09-30": "86.28900", "2008-06-30": "50.99200", "2008-03-31": "14.19700", "2007-12-31": "20.85600", "2007-09-30": "104.36500", "2007-06-30": "34.57200", "2007-03-31": "-14.71600", "2006-12-31": "13.23100", "2006-09-30": "48.81700", "2006-06-30": "12.51700", "2006-03-31": "-0.09900", "2005-12-31": "3.79100", "2005-09-30": "171.57000", "2005-06-30": "12.37600", "2005-03-31": "4.99200"}, "Income From Discontinued Operations": {"2020-09-30": "", "2020-06-30": "", "2020-03-31": "", "2019-12-31": "", "2019-09-30": "", "2019-06-30": "", "2019-03-31": "", "2018-12-31": "", "2018-09-30": "", "2018-06-30": "", "2018-03-31": "", "2017-12-31": "", "2017-09-30": "", "2017-06-30": "", "2017-03-31": "", "2016-12-31": "", "2016-09-30": "", "2016-06-30": "", "2016-03-31": "", "2015-12-31": "", "2015-09-30": "", "2015-06-30": "", "2015-03-31": "", "2014-12-31": "", "2014-09-30": "", "2014-06-30": "", "2014-03-31": "", "2013-12-31": "", "2013-09-30": "", "2013-06-30": "", "2013-03-31": "", "2012-12-31": "", "2012-09-30": "", "2012-06-30": "", "2012-03-31": "", "2011-12-31": "", "2011-09-30": "", "2011-06-30": "", "2011-03-31": "", "2010-12-31": "", "2010-09-30": "", "2010-06-30": "", "2010-03-31": "", "2009-12-31": "", "2009-09-30": "", "2009-06-30": "", "2009-03-31": "", "2008-12-31": "", "2008-09-30": "", "2008-06-30": "", "2008-03-31": "", "2007-12-31": "", "2007-09-30": "", "2007-06-30": "", "2007-03-31": "", "2006-12-31": "", "2006-09-30": "", "2006-06-30": "", "2006-03-31": "", "2005-12-31": "", "2005-09-30": "", "2005-06-30": "", "2005-03-31": ""}, "Net Income": {"2020-09-30": "801.00000", "2020-06-30": "122.00000", "2020-03-31": "-699.00000", "2019-12-31": "1171.00000", "2019-09-30": "1950.00000", "2019-06-30": "979.00000", "2019-03-31": "765.00000", "2018-12-31": "646.00000", "2018-09-30": "1767.00000", "2018-06-30": "978.00000", "2018-03-31": "607.00000", "2017-12-31": "-555.22300", "2017-09-30": "1720.39100", "2017-06-30": "720.20900", "2017-03-31": "455.62300", "2016-12-31": "673.92100", "2016-09-30": "506.01700", "2016-06-30": "580.63800", "2016-03-31": "374.42400", "2015-12-31": "504.26910", "2015-09-30": "1196.73200", "2015-06-30": "517.03200", "2015-03-31": "333.32700", "2014-12-31": "451.83090", "2014-09-30": "1062.25300", "2014-06-30": "576.45100", "2014-03-31": "331.21800", "2013-12-31": "378.07700", "2013-09-30": "832.98900", "2013-06-30": "437.32600", "2013-03-31": "244.27100", "2012-12-31": "288.66310", "2012-09-30": "596.58600", "2012-06-30": "352.34700", "2012-03-31": "181.97000", "2011-12-31": "225.71390", "2011-09-30": "469.49900", "2011-06-30": "256.36800", "2011-03-31": "104.79000", "2010-12-31": "135.72900", "2010-09-30": "222.98000", "2010-06-30": "114.95700", "2010-03-31": "53.87500", "2009-12-31": "78.45600", "2009-09-30": "318.98200", "2009-06-30": "67.01100", "2009-03-31": "25.02300", "2008-12-31": "34.14600", "2008-09-30": "84.48600", "2008-06-30": "49.83800", "2008-03-31": "13.77600", "2007-12-31": "16.17700", "2007-09-30": "104.36500", "2007-06-30": "34.57200", "2007-03-31": "-16.27100", "2006-12-31": "13.23200", "2006-09-30": "47.75400", "2006-06-30": "12.51700", "2006-03-31": "-0.96400", "2005-12-31": "3.79100", "2005-09-30": "170.59400", "2005-06-30": "12.37600", "2005-03-31": "4.11400"}, "EBITDA": {"2020-09-30": "1018.00000", "2020-06-30": "-353.00000", "2020-03-31": "311.00000", "2019-12-31": "1304.00000", "2019-09-30": "2502.00000", "2019-06-30": "1380.00000", "2019-03-31": "686.00000", "2018-12-31": "1266.00000", "2018-09-30": "2369.00000", "2018-06-30": "1341.00000", "2018-03-31": "850.00000", "2017-12-31": "1103.53000", "2017-09-30": "2217.55200", "2017-06-30": "999.33400", "2017-03-31": "659.58420", "2016-12-31": "889.76140", "2016-09-30": "1872.00700", "2016-06-30": "829.19710", "2016-03-31": "642.03490", "2015-12-31": "747.14800", "2015-09-30": "1576.11300", "2015-06-30": "765.20000", "2015-03-31": "517.20510", "2014-12-31": "667.48750", "2014-09-30": "1396.35700", "2014-06-30": "786.38690", "2014-03-31": "490.86000", "2013-12-31": "556.00730", "2013-09-30": "1101.11000", "2013-06-30": "595.41710", "2013-03-31": "341.47100", "2012-12-31": "404.35410", "2012-09-30": "783.91210", "2012-06-30": "486.19100", "2012-03-31": "265.50890", "2011-12-31": "323.66800", "2011-09-30": "636.28890", "2011-06-30": "344.23290", "2011-03-31": "172.33000", "2010-12-31": "208.87210", "2010-09-30": "357.93800", "2010-06-30": "192.02400", "2010-03-31": "101.86900", "2009-12-31": "132.17000", "2009-09-30": "215.98690", "2009-06-30": "124.62310", "2009-03-31": "57.91600", "2008-12-31": "65.61200", "2008-09-30": "145.49600", "2008-06-30": "100.07700", "2008-03-31": "50.55100", "2007-12-31": "83.88610", "2007-09-30": "88.00000", "2007-06-30": "57.37900", "2007-03-31": "-22.46700", "2006-12-31": "22.35600", "2006-09-30": "40.94200", "2006-06-30": "28.10300", "2006-03-31": "7.41600", "2005-12-31": "14.50390", "2005-09-30": "21.26100", "2005-06-30": "17.56100", "2005-03-31": "11.33600"}, "EBIT": {"2020-09-30": "315.00000", "2020-06-30": "-484.00000", "2020-03-31": "-309.00000", "2019-12-31": "1172.00000", "2019-09-30": "2370.00000", "2019-06-30": "1247.00000", "2019-03-31": "556.00000", "2018-12-31": "1143.00000", "2018-09-30": "2247.00000", "2018-06-30": "1221.00000", "2018-03-31": "730.00000", "2017-12-31": "986.47800", "2017-09-30": "2101.80100", "2017-06-30": "893.25900", "2017-03-31": "556.46220", "2016-12-31": "790.04800", "2016-09-30": "833.22710", "2016-06-30": "732.40710", "2016-03-31": "550.31790", "2015-12-31": "657.90030", "2015-09-30": "1488.70700", "2015-06-30": "678.33090", "2015-03-31": "433.96910", "2014-12-31": "578.86660", "2014-09-30": "1322.70500", "2014-06-30": "733.01390", "2014-03-31": "438.72600", "2013-12-31": "500.84700", "2013-09-30": "1046.89700", "2013-06-30": "554.83110", "2013-03-31": "309.83900", "2012-12-31": "374.31510", "2012-09-30": "755.59210", "2012-06-30": "458.35500", "2012-03-31": "241.53090", "2011-12-31": "303.77700", "2011-09-30": "616.37790", "2011-06-30": "324.70790", "2011-03-31": "154.05900", "2010-12-31": "188.96020", "2010-09-30": "336.76900", "2010-06-30": "173.15900", "2010-03-31": "87.90900", "2009-12-31": "117.86290", "2009-09-30": "200.75490", "2009-06-30": "109.37510", "2009-03-31": "42.84200", "2008-12-31": "48.83300", "2008-09-30": "127.92200", "2008-06-30": "80.95400", "2008-03-31": "31.76500", "2007-12-31": "44.01210", "2007-09-30": "78.08400", "2007-06-30": "47.57400", "2007-03-31": "-31.73500", "2006-12-31": "12.57610", "2006-09-30": "31.60200", "2006-06-30": "19.03700", "2006-03-31": "-1.22900", "2005-12-31": "6.03490", "2005-09-30": "12.89200", "2005-06-30": "11.79000", "2005-03-31": "5.16700"}, "Basic Shares Outstanding": {"2020-09-30": "40.93500", "2020-06-30": "40.92200", "2020-03-31": "41.09300", "2019-12-31": "43.08200", "2019-09-30": "42.38900", "2019-06-30": "43.25100", "2019-03-31": "45.00700", "2018-12-31": "47.44600", "2018-09-30": "47.26800", "2018-06-30": "48.05500", "2018-03-31": "48.34900", "2017-12-31": "48.99400", "2017-09-30": "48.98100", "2017-06-30": "49.13100", "2017-03-31": "49.19200", "2016-12-31": "49.49100", "2016-09-30": "49.42000", "2016-06-30": "49.60400", "2016-03-31": "49.63000", "2015-12-31": "50.94000", "2015-09-30": "50.55000", "2015-06-30": "51.58900", "2015-03-31": "51.90900", "2014-12-31": "52.30100", "2014-09-30": "52.40500", "2014-06-30": "52.39700", "2014-03-31": "52.15300", "2013-12-31": "50.92400", "2013-09-30": "51.36300", "2013-06-30": "50.76000", "2013-03-31": "49.93900", "2012-12-31": "49.84000", "2012-09-30": "49.85100", "2012-06-30": "49.81200", "2012-03-31": "49.82700", "2011-12-31": "49.65400", "2011-09-30": "49.77900", "2011-06-30": "49.71800", "2011-03-31": "49.31900", "2010-12-31": "47.95500", "2010-09-30": "48.57000", "2010-06-30": "47.79100", "2010-03-31": "46.30900", "2009-12-31": "42.40600", "2009-09-30": "42.56900", "2009-06-30": "41.66100", "2009-03-31": "41.00400", "2008-12-31": "39.29900", "2008-09-30": "39.71500", "2008-06-30": "38.76800", "2008-03-31": "38.22400", "2007-12-31": "37.67100", "2007-09-30": "37.80300", "2007-06-30": "37.59700", "2007-03-31": "37.19100", "2006-12-31": "38.65000", "2006-09-30": "39.59600", "2006-06-30": "39.48100", "2006-03-31": "39.38000", "2005-12-31": "39.16100", "2005-09-30": "39.15600", "2005-06-30": "39.02200", "2005-03-31": "38.86300"}, "Shares Outstanding": {"2020-09-30": "41.08100", "2020-06-30": "40.99500", "2020-03-31": "41.09300", "2019-12-31": "43.50900", "2019-09-30": "42.83100", "2019-06-30": "43.60100", "2019-03-31": "45.43600", "2018-12-31": "48.01700", "2018-09-30": "47.75100", "2018-06-30": "48.55000", "2018-03-31": "49.20500", "2017-12-31": "49.95400", "2017-09-30": "49.97200", "2017-06-30": "50.05600", "2017-03-31": "50.02500", "2016-12-31": "50.06300", "2016-09-30": "49.97500", "2016-06-30": "50.05900", "2016-03-31": "50.12900", "2015-12-31": "51.59300", "2015-09-30": "51.13000", "2015-06-30": "52.03800", "2015-03-31": "52.40600", "2014-12-31": "53.02300", "2014-09-30": "53.02400", "2014-06-30": "52.95500", "2014-03-31": "53.01800", "2013-12-31": "52.41300", "2013-09-30": "52.98400", "2013-06-30": "52.11100", "2013-03-31": "51.35300", "2012-12-31": "51.32600", "2012-09-30": "51.18500", "2012-06-30": "51.22600", "2012-03-31": "51.34700", "2011-12-31": "51.21100", "2011-09-30": "51.18400", "2011-06-30": "51.10500", "2011-03-31": "51.15900", "2010-12-31": "50.98800", "2010-09-30": "50.55900", "2010-06-30": "50.84700", "2010-03-31": "50.86200", "2009-12-31": "49.52200", "2009-09-30": "49.67000", "2009-06-30": "48.47900", "2009-03-31": "47.01300", "2008-12-31": "48.67100", "2008-09-30": "48.65600", "2008-06-30": "49.94800", "2008-03-31": "49.13400", "2007-12-31": "45.50400", "2007-09-30": "45.92400", "2007-06-30": "43.66700", "2007-03-31": "37.19100", "2006-12-31": "44.72200", "2006-09-30": "46.38500", "2006-06-30": "46.99300", "2006-03-31": "39.38000", "2005-12-31": "46.43600", "2005-09-30": "46.48500", "2005-06-30": "46.51600", "2005-03-31": "39.76400"}, "Basic EPS": {"2020-09-30": "19.56000", "2020-06-30": "2.98000", "2020-03-31": "-17.01000", "2019-12-31": "27.29000", "2019-09-30": "46.01000", "2019-06-30": "22.62000", "2019-03-31": "17.01000", "2018-12-31": "13.97000", "2018-09-30": "37.39000", "2018-06-30": "20.34000", "2018-03-31": "12.56000", "2017-12-31": "-11.26000", "2017-09-30": "35.12000", "2017-06-30": "14.66000", "2017-03-31": "9.26000", "2016-12-31": "13.65000", "2016-09-30": "10.24000", "2016-06-30": "11.71000", "2016-03-31": "7.54000", "2015-12-31": "9.98000", "2015-09-30": "23.67000", "2015-06-30": "10.02000", "2015-03-31": "6.42000", "2014-12-31": "8.68000", "2014-09-30": "20.27000", "2014-06-30": "11.00000", "2014-03-31": "6.35000", "2013-12-31": "7.44000", "2013-09-30": "16.22000", "2013-06-30": "8.62000", "2013-03-31": "4.89000", "2012-12-31": "5.79000", "2012-09-30": "11.97000", "2012-06-30": "7.07000", "2012-03-31": "3.65000", "2011-12-31": "4.56000", "2011-09-30": "9.43000", "2011-06-30": "5.16000", "2011-03-31": "2.12000", "2010-12-31": "2.84000", "2010-09-30": "4.59000", "2010-06-30": "2.41000", "2010-03-31": "1.16000", "2009-12-31": "1.83000", "2009-09-30": "7.49000", "2009-06-30": "1.61000", "2009-03-31": "0.61000", "2008-12-31": "0.86000", "2008-09-30": "2.13000", "2008-06-30": "1.29000", "2008-03-31": "0.36000", "2007-12-31": "0.45000", "2007-09-30": "2.76000", "2007-06-30": "0.92000", "2007-03-31": "-0.44000", "2006-12-31": "0.37000", "2006-09-30": "1.21000", "2006-06-30": "0.32000", "2006-03-31": "-0.02000", "2005-12-31": "0.08000", "2005-09-30": "4.36000", "2005-06-30": "0.32000", "2005-03-31": "0.11000"}, "EPS - Earnings Per Share": {"2020-09-30": "19.49000", "2020-06-30": "2.97000", "2020-03-31": "-17.01000", "2019-12-31": "26.99000", "2019-09-30": "45.54000", "2019-06-30": "22.44000", "2019-03-31": "16.85000", "2018-12-31": "13.77000", "2018-09-30": "37.02000", "2018-06-30": "20.13000", "2018-03-31": "12.34000", "2017-12-31": "-11.07000", "2017-09-30": "34.43000", "2017-06-30": "14.39000", "2017-03-31": "9.11000", "2016-12-31": "13.45000", "2016-09-30": "10.13000", "2016-06-30": "11.60000", "2016-03-31": "7.47000", "2015-12-31": "9.74000", "2015-09-30": "23.41000", "2015-06-30": "9.94000", "2015-03-31": "6.36000", "2014-12-31": "8.50000", "2014-09-30": "20.03000", "2014-06-30": "10.89000", "2014-03-31": "6.25000", "2013-12-31": "7.24000", "2013-09-30": "15.72000", "2013-06-30": "8.39000", "2013-03-31": "4.76000", "2012-12-31": "5.58000", "2012-09-30": "11.66000", "2012-06-30": "6.88000", "2012-03-31": "3.54000", "2011-12-31": "4.39000", "2011-09-30": "9.17000", "2011-06-30": "5.02000", "2011-03-31": "2.05000", "2010-12-31": "2.62000", "2010-09-30": "4.41000", "2010-06-30": "2.26000", "2010-03-31": "1.06000", "2009-12-31": "1.55000", "2009-09-30": "6.42000", "2009-06-30": "1.38000", "2009-03-31": "0.53000", "2008-12-31": "0.72000", "2008-09-30": "1.74000", "2008-06-30": "1.00000", "2008-03-31": "0.28000", "2007-12-31": "0.43000", "2007-09-30": "2.27000", "2007-06-30": "0.79000", "2007-03-31": "-0.44000", "2006-12-31": "0.37000", "2006-09-30": "1.05000", "2006-06-30": "0.28000", "2006-03-31": "-0.02000", "2005-12-31": "0.11000", "2005-09-30": "3.71000", "2005-06-30": "0.29000", "2005-03-31": "0.10000"}}, "balance sheet": {"Cash On Hand": {"2019-12-31": "7310.00000", "2018-12-31": "6284.00000", "2017-12-31": "7402.00000", "2016-12-31": "4299.95500", "2015-12-31": "2648.51100", "2014-12-31": "4291.67600", "2013-12-31": "6763.19000", "2012-12-31": "5189.83500", "2011-12-31": "2661.43400", "2010-12-31": "1663.26800", "2009-12-31": "801.47400", "2008-12-31": "465.96600", "2007-12-31": "509.20800", "2006-12-31": "434.01900", "2005-12-31": "175.39400"}, "Receivables": {"2019-12-31": "1680.00000", "2018-12-31": "1523.00000", "2017-12-31": "1218.00000", "2016-12-31": "860.11500", "2015-12-31": "645.16900", "2014-12-31": "643.89400", "2013-12-31": "535.96200", "2012-12-31": "367.51200", "2011-12-31": "264.45300", "2010-12-31": "162.42600", "2009-12-31": "118.65900", "2008-12-31": "92.32800", "2007-12-31": "70.71200", "2006-12-31": "48.53600", "2005-12-31": "30.04300"}, "Inventory": {"2019-12-31": "", "2018-12-31": "", "2017-12-31": "", "2016-12-31": "", "2015-12-31": "", "2014-12-31": "", "2013-12-31": "", "2012-12-31": "", "2011-12-31": "", "2010-12-31": "", "2009-12-31": "", "2008-12-31": "", "2007-12-31": "", "2006-12-31": "", "2005-12-31": ""}, "Pre-Paid Expenses": {"2019-12-31": "843.00000", "2018-12-31": "600.00000", "2017-12-31": "415.00000", "2016-12-31": "241.44900", "2015-12-31": "259.55700", "2014-12-31": "178.05000", "2013-12-31": "107.10200", "2012-12-31": "84.29000", "2011-12-31": "104.20200", "2010-12-31": "61.21100", "2009-12-31": "36.82800", "2008-12-31": "23.46300", "2007-12-31": "19.04800", "2006-12-31": "20.53400", "2005-12-31": "18.24500"}, "Other Current Assets": {"2019-12-31": "", "2018-12-31": "", "2017-12-31": "", "2016-12-31": "", "2015-12-31": "", "2014-12-31": "", "2013-12-31": "", "2012-12-31": "", "2011-12-31": "", "2010-12-31": "", "2009-12-31": "", "2008-12-31": "", "2007-12-31": "", "2006-12-31": "", "2005-12-31": ""}, "Total Current Assets": {"2019-12-31": "9833.00000", "2018-12-31": "8407.00000", "2017-12-31": "9035.00000", "2016-12-31": "5401.51900", "2015-12-31": "3553.23700", "2014-12-31": "5113.62000", "2013-12-31": "7480.94100", "2012-12-31": "5682.37500", "2011-12-31": "3066.84400", "2010-12-31": "1957.46400", "2009-12-31": "1022.94100", "2008-12-31": "593.89900", "2007-12-31": "613.00000", "2006-12-31": "503.08900", "2005-12-31": "223.68200"}, "Property, Plant, And Equipment": {"2019-12-31": "738.00000", "2018-12-31": "656.00000", "2017-12-31": "480.00000", "2016-12-31": "347.01700", "2015-12-31": "274.78600", "2014-12-31": "198.95300", "2013-12-31": "135.05300", "2012-12-31": "89.26900", "2011-12-31": "64.32200", "2010-12-31": "39.73900", "2009-12-31": "30.48900", "2008-12-31": "29.40400", "2007-12-31": "27.08800", "2006-12-31": "21.69100", "2005-12-31": "18.27100"}, "Long-Term Investments": {"2019-12-31": "4477.00000", "2018-12-31": "8408.00000", "2017-12-31": "10873.00000", "2016-12-31": "9591.06700", "2015-12-31": "7931.36300", "2014-12-31": "3755.65300", "2013-12-31": "", "2012-12-31": "", "2011-12-31": "", "2010-12-31": "", "2009-12-31": "", "2008-12-31": "", "2007-12-31": "", "2006-12-31": "", "2005-12-31": ""}, "Goodwill And Intangible Assets": {"2019-12-31": "4867.00000", "2018-12-31": "5035.00000", "2017-12-31": "4915.00000", "2016-12-31": "4390.79100", "2015-12-31": "5542.53300", "2014-12-31": "5661.23500", "2013-12-31": "2787.89700", "2012-12-31": "730.78500", "2011-12-31": "704.93500", "2010-12-31": "742.92400", "2009-12-31": "522.71000", "2008-12-31": "520.09400", "2007-12-31": "469.90700", "2006-12-31": "379.63200", "2005-12-31": "348.09200"}, "Other Long-Term Assets": {"2019-12-31": "867.00000", "2018-12-31": "181.00000", "2017-12-31": "148.00000", "2016-12-31": "108.57900", "2015-12-31": "118.65600", "2014-12-31": "41.51600", "2013-12-31": "40.56900", "2012-12-31": "35.82800", "2011-12-31": "23.49000", "2010-12-31": "14.41800", "2009-12-31": "4.38400", "2008-12-31": "15.06900", "2007-12-31": "22.34200", "2006-12-31": "21.84400", "2005-12-31": "17.43000"}, "Total Long-Term Assets": {"2019-12-31": "11569.00000", "2018-12-31": "14280.00000", "2017-12-31": "16416.00000", "2016-12-31": "14437.45000", "2015-12-31": "13867.34000", "2014-12-31": "9657.35700", "2013-12-31": "2963.51900", "2012-12-31": "887.36700", "2011-12-31": "903.82700", "2010-12-31": "948.48910", "2009-12-31": "811.28300", "2008-12-31": "718.52200", "2007-12-31": "737.85600", "2006-12-31": "602.55900", "2005-12-31": "530.34600"}, "Total Assets": {"2019-12-31": "21402.00000", "2018-12-31": "22687.00000", "2017-12-31": "25451.00000", "2016-12-31": "19838.97000", "2015-12-31": "17420.57000", "2014-12-31": "14770.98000", "2013-12-31": "10444.46000", "2012-12-31": "6569.74200", "2011-12-31": "3970.67100", "2010-12-31": "2905.95300", "2009-12-31": "1834.22400", "2008-12-31": "1312.42100", "2007-12-31": "1350.85600", "2006-12-31": "1105.64800", "2005-12-31": "754.02800"}, "Total Current Liabilities": {"2019-12-31": "5366.00000", "2018-12-31": "3555.00000", "2017-12-31": "3498.00000", "2016-12-31": "2858.67000", "2015-12-31": "1439.31000", "2014-12-31": "1378.70300", "2013-12-31": "1381.74500", "2012-12-31": "1461.72600", "2011-12-31": "1105.79800", "2010-12-31": "471.16800", "2009-12-31": "408.76500", "2008-12-31": "471.57700", "2007-12-31": "694.84300", "2006-12-31": "100.67200", "2005-12-31": "71.01500"}, "Long Term Debt": {"2019-12-31": "8661.00000", "2018-12-31": "9815.00000", "2017-12-31": "10064.00000", "2016-12-31": "6199.06000", "2015-12-31": "6158.44300", "2014-12-31": "3824.19900", "2013-12-31": "1750.58000", "2012-12-31": "936.65100", "2011-12-31": "77.36000", "2010-12-31": "476.26800", "2009-12-31": "35.98500", "2008-12-31": "75.07500", "2007-12-31": "", "2006-12-31": "568.86500", "2005-12-31": "223.54900"}, "Other Non-Current Liabilities": {"2019-12-31": "104.00000", "2018-12-31": "162.00000", "2017-12-31": "147.00000", "2016-12-31": "138.76700", "2015-12-31": "134.77700", "2014-12-31": "103.53300", "2013-12-31": "75.98100", "2012-12-31": "229.23100", "2011-12-31": "39.18300", "2010-12-31": "42.99000", "2009-12-31": "24.05200", "2008-12-31": "18.01000", "2007-12-31": "13.36800", "2006-12-31": "11.88500", "2005-12-31": "10.88900"}, "Total Long Term Liabilities": {"2019-12-31": "10103.00000", "2018-12-31": "10347.00000", "2017-12-31": "10692.00000", "2016-12-31": "7160.16100", "2015-12-31": "7185.79600", "2014-12-31": "4825.58100", "2013-12-31": "2152.98600", "2012-12-31": "1211.04100", "2011-12-31": "290.57800", "2010-12-31": "621.44900", "2009-12-31": "103.83000", "2008-12-31": "142.01800", "2007-12-31": "76.90600", "2006-12-31": "642.95000", "2005-12-31": "300.47200"}, "Total Liabilities": {"2019-12-31": "15469.00000", "2018-12-31": "13902.00000", "2017-12-31": "14190.00000", "2016-12-31": "10018.83000", "2015-12-31": "8625.10600", "2014-12-31": "6204.28600", "2013-12-31": "3534.73100", "2012-12-31": "2672.76700", "2011-12-31": "1396.37600", "2010-12-31": "1092.61700", "2009-12-31": "512.59500", "2008-12-31": "613.59900", "2007-12-31": "771.74900", "2006-12-31": "743.62200", "2005-12-31": "371.48700"}, "Common Stock Net": {"2019-12-31": "", "2018-12-31": "", "2017-12-31": "", "2016-12-31": "0.48500", "2015-12-31": "0.48200", "2014-12-31": "0.48000", "2013-12-31": "0.47600", "2012-12-31": "0.45000", "2011-12-31": "0.44600", "2010-12-31": "0.43800", "2009-12-31": "0.40500", "2008-12-31": "0.36700", "2007-12-31": "0.34600", "2006-12-31": "0.33100", "2005-12-31": "0.32300"}, "Retained Earnings (Accumulated Deficit)": {"2019-12-31": "23232.00000", "2018-12-31": "18367.00000", "2017-12-31": "13939.00000", "2016-12-31": "11326.85000", "2015-12-31": "9191.86500", "2014-12-31": "6640.50500", "2013-12-31": "4218.75200", "2012-12-31": "2368.61100", "2011-12-31": "1033.73800", "2010-12-31": "69.11000", "2009-12-31": "-454.67300", "2008-12-31": "-944.14500", "2007-12-31": "-1106.50600", "2006-12-31": "-1262.03300", "2005-12-31": "-1334.57200"}, "Comprehensive Income": {"2019-12-31": "-191.00000", "2018-12-31": "-316.00000", "2017-12-31": "238.00000", "2016-12-31": "-134.68400", "2015-12-31": "244.85200", "2014-12-31": "-259.90200", "2013-12-31": "84.72900", "2012-12-31": "-23.67600", "2011-12-31": "-87.58200", "2010-12-31": "-32.88900", "2009-12-31": "-3.00000", "2008-12-31": "-40.39700", "2007-12-31": "50.34400", "2006-12-31": "26.34700", "2005-12-31": "-8.40700"}, "Other Share Holders Equity": {"2019-12-31": "", "2018-12-31": "", "2017-12-31": "", "2016-12-31": "", "2015-12-31": "", "2014-12-31": "", "2013-12-31": "", "2012-12-31": "", "2011-12-31": "", "2010-12-31": "", "2009-12-31": "", "2008-12-31": "", "2007-12-31": "", "2006-12-31": "", "2005-12-31": ""}, "Share Holder Equity": {"2019-12-31": "5933.00000", "2018-12-31": "8785.00000", "2017-12-31": "11261.00000", "2016-12-31": "9820.14200", "2015-12-31": "8795.46900", "2014-12-31": "8566.69400", "2013-12-31": "6909.72900", "2012-12-31": "3896.97500", "2011-12-31": "2574.29500", "2010-12-31": "1813.33600", "2009-12-31": "1321.62900", "2008-12-31": "698.82600", "2007-12-31": "579.10700", "2006-12-31": "362.02600", "2005-12-31": "382.54100"}, "Total Liabilities And Share Holders Equity": {"2019-12-31": "21402.00000", "2018-12-31": "22687.00000", "2017-12-31": "25451.00000", "2016-12-31": "19838.97000", "2015-12-31": "17420.57000", "2014-12-31": "14770.98000", "2013-12-31": "10444.46000", "2012-12-31": "6569.74200", "2011-12-31": "3970.67100", "2010-12-31": "2905.95300", "2009-12-31": "1834.22400", "2008-12-31": "1312.42100", "2007-12-31": "1350.85600", "2006-12-31": "1105.64800", "2005-12-31": "754.02800"}}, "balance sheet, quarterly": {"Cash On Hand": {"2020-09-30": "11197.00000", "2020-06-30": "10404.00000", "2020-03-31": "7189.00000", "2019-12-31": "7310.00000", "2019-09-30": "7439.00000", "2019-06-30": "6809.00000", "2019-03-31": "4315.00000", "2018-12-31": "6284.00000", "2018-09-30": "7131.17200", "2018-06-30": "7332.41800", "2018-03-31": "6862.79000", "2017-12-31": "7402.00000", "2017-09-30": "7253.32800", "2017-06-30": "6356.08900", "2017-03-31": "5370.17800", "2016-12-31": "4299.95500", "2016-09-30": "4379.17300", "2016-06-30": "4371.78300", "2016-03-31": "3383.63700", "2015-12-31": "2648.51100", "2015-09-30": "3053.66900", "2015-06-30": "3189.12800", "2015-03-31": "4636.31800", "2014-12-31": "4291.67600", "2014-09-30": "6237.98000", "2014-06-30": "7180.33600", "2014-03-31": "6726.12400", "2013-12-31": "6763.19000", "2013-09-30": "6592.65400", "2013-06-30": "5952.80700", "2013-03-31": "5188.63900", "2012-12-31": "5189.83500", "2012-09-30": "4675.21100", "2012-06-30": "3948.95100", "2012-03-31": "3623.16100", "2011-12-31": "2661.43400", "2011-09-30": "2408.48400", "2011-06-30": "1950.49700", "2011-03-31": "1746.65000", "2010-12-31": "1663.26800", "2010-09-30": "1476.22400", "2010-06-30": "1221.50100", "2010-03-31": "1237.00300", "2009-12-31": "801.47400", "2009-09-30": "720.58700", "2009-06-30": "590.85100", "2009-03-31": "498.60600", "2008-12-31": "465.96600", "2008-09-30": "455.07100", "2008-06-30": "554.22600", "2008-03-31": "552.58000", "2007-12-31": "509.20800", "2007-09-30": "499.26600", "2007-06-30": "451.62200", "2007-03-31": "457.61200", "2006-12-31": "434.01900", "2006-09-30": "359.15100", "2006-06-30": "212.77800", "2006-03-31": "188.44200", "2005-12-31": "175.39400", "2005-09-30": "175.58300", "2005-06-30": "277.90900", "2005-03-31": "265.89300"}, "Receivables": {"2020-09-30": "859.00000", "2020-06-30": "566.00000", "2020-03-31": "667.00000", "2019-12-31": "1680.00000", "2019-09-30": "1788.00000", "2019-06-30": "1973.00000", "2019-03-31": "1491.00000", "2018-12-31": "1523.00000", "2018-09-30": "1719.05900", "2018-06-30": "1715.05500", "2018-03-31": "1530.32100", "2017-12-31": "1218.00000", "2017-09-30": "1437.76200", "2017-06-30": "1230.60200", "2017-03-31": "934.25400", "2016-12-31": "860.11500", "2016-09-30": "1105.08600", "2016-06-30": "982.99300", "2016-03-31": "857.14000", "2015-12-31": "645.16900", "2015-09-30": "890.53200", "2015-06-30": "889.86800", "2015-03-31": "706.77600", "2014-12-31": "643.89400", "2014-09-30": "843.56000", "2014-06-30": "841.13300", "2014-03-31": "627.16000", "2013-12-31": "535.96200", "2013-09-30": "706.23400", "2013-06-30": "649.25000", "2013-03-31": "471.80700", "2012-12-31": "367.51200", "2012-09-30": "493.77700", "2012-06-30": "429.52000", "2012-03-31": "324.56200", "2011-12-31": "264.45300", "2011-09-30": "345.33900", "2011-06-30": "321.35800", "2011-03-31": "221.97800", "2010-12-31": "162.42600", "2010-09-30": "248.94600", "2010-06-30": "208.05600", "2010-03-31": "132.49700", "2009-12-31": "118.65900", "2009-09-30": "169.86400", "2009-06-30": "150.04500", "2009-03-31": "104.74700", "2008-12-31": "92.32800", "2008-09-30": "138.87500", "2008-06-30": "132.52300", "2008-03-31": "97.26100", "2007-12-31": "70.71200", "2007-09-30": "103.55800", "2007-06-30": "76.83100", "2007-03-31": "52.13400", "2006-12-31": "48.53600", "2006-09-30": "58.57700", "2006-06-30": "53.02500", "2006-03-31": "33.82100", "2005-12-31": "30.04300", "2005-09-30": "36.20000", "2005-06-30": "31.81100", "2005-03-31": "25.91500"}, "Inventory": {"2020-09-30": "", "2020-06-30": "", "2020-03-31": "", "2019-12-31": "", "2019-09-30": "", "2019-06-30": "", "2019-03-31": "", "2018-12-31": "", "2018-09-30": "", "2018-06-30": "", "2018-03-31": "", "2017-12-31": "", "2017-09-30": "", "2017-06-30": "", "2017-03-31": "", "2016-12-31": "", "2016-09-30": "", "2016-06-30": "", "2016-03-31": "", "2015-12-31": "", "2015-09-30": "", "2015-06-30": "", "2015-03-31": "", "2014-12-31": "", "2014-09-30": "", "2014-06-30": "", "2014-03-31": "", "2013-12-31": "", "2013-09-30": "", "2013-06-30": "", "2013-03-31": "", "2012-12-31": "", "2012-09-30": "", "2012-06-30": "", "2012-03-31": "", "2011-12-31": "", "2011-09-30": "", "2011-06-30": "", "2011-03-31": "", "2010-12-31": "", "2010-09-30": "", "2010-06-30": "", "2010-03-31": "", "2009-12-31": "", "2009-09-30": "", "2009-06-30": "", "2009-03-31": "", "2008-12-31": "", "2008-09-30": "", "2008-06-30": "", "2008-03-31": "", "2007-12-31": "", "2007-09-30": "", "2007-06-30": "", "2007-03-31": "", "2006-12-31": "", "2006-09-30": "", "2006-06-30": "", "2006-03-31": "", "2005-12-31": "", "2005-09-30": "", "2005-06-30": "", "2005-03-31": ""}, "Pre-Paid Expenses": {"2020-09-30": "527.00000", "2020-06-30": "483.00000", "2020-03-31": "1404.00000", "2019-12-31": "843.00000", "2019-09-30": "829.00000", "2019-06-30": "1238.00000", "2019-03-31": "1271.00000", "2018-12-31": "600.00000", "2018-09-30": "617.61600", "2018-06-30": "985.90100", "2018-03-31": "1111.75300", "2017-12-31": "415.00000", "2017-09-30": "433.50500", "2017-06-30": "685.87900", "2017-03-31": "683.45000", "2016-12-31": "241.44900", "2016-09-30": "349.32300", "2016-06-30": "559.69100", "2016-03-31": "623.98600", "2015-12-31": "259.55700", "2015-09-30": "264.25600", "2015-06-30": "508.41000", "2015-03-31": "487.28500", "2014-12-31": "178.05000", "2014-09-30": "166.30800", "2014-06-30": "380.28400", "2014-03-31": "428.12300", "2013-12-31": "107.10200", "2013-09-30": "107.68800", "2013-06-30": "249.85100", "2013-03-31": "319.25100", "2012-12-31": "84.29000", "2012-09-30": "152.72200", "2012-06-30": "164.74500", "2012-03-31": "201.74000", "2011-12-31": "104.20200", "2011-09-30": "95.90600", "2011-06-30": "52.72100", "2011-03-31": "56.68200", "2010-12-31": "61.21100", "2010-09-30": "41.63100", "2010-06-30": "70.52100", "2010-03-31": "42.78300", "2009-12-31": "36.82800", "2009-09-30": "19.23600", "2009-06-30": "37.27800", "2009-03-31": "27.25300", "2008-12-31": "23.46300", "2008-09-30": "45.22600", "2008-06-30": "36.43600", "2008-03-31": "33.75700", "2007-12-31": "19.04800", "2007-09-30": "26.99800", "2007-06-30": "23.91900", "2007-03-31": "46.00700", "2006-12-31": "20.53400", "2006-09-30": "19.90200", "2006-06-30": "21.05000", "2006-03-31": "21.56900", "2005-12-31": "18.24500", "2005-09-30": "19.05800", "2005-06-30": "8.07500", "2005-03-31": "6.41900"}, "Other Current Assets": {"2020-09-30": "", "2020-06-30": "", "2020-03-31": "", "2019-12-31": "", "2019-09-30": "", "2019-06-30": "", "2019-03-31": "", "2018-12-31": "", "2018-09-30": "", "2018-06-30": "", "2018-03-31": "", "2017-12-31": "", "2017-09-30": "", "2017-06-30": "", "2017-03-31": "", "2016-12-31": "", "2016-09-30": "", "2016-06-30": "", "2016-03-31": "", "2015-12-31": "", "2015-09-30": "", "2015-06-30": "", "2015-03-31": "", "2014-12-31": "", "2014-09-30": "", "2014-06-30": "", "2014-03-31": "", "2013-12-31": "", "2013-09-30": "", "2013-06-30": "", "2013-03-31": "", "2012-12-31": "", "2012-09-30": "", "2012-06-30": "", "2012-03-31": "", "2011-12-31": "", "2011-09-30": "", "2011-06-30": "", "2011-03-31": "", "2010-12-31": "", "2010-09-30": "", "2010-06-30": "", "2010-03-31": "", "2009-12-31": "", "2009-09-30": "", "2009-06-30": "", "2009-03-31": "", "2008-12-31": "", "2008-09-30": "", "2008-06-30": "", "2008-03-31": "", "2007-12-31": "", "2007-09-30": "", "2007-06-30": "", "2007-03-31": "", "2006-12-31": "", "2006-09-30": "", "2006-06-30": "", "2006-03-31": "", "2005-12-31": "", "2005-09-30": "", "2005-06-30": "", "2005-03-31": ""}, "Total Current Assets": {"2020-09-30": "12583.00000", "2020-06-30": "11453.00000", "2020-03-31": "9260.00000", "2019-12-31": "9833.00000", "2019-09-30": "10056.00000", "2019-06-30": "10020.00000", "2019-03-31": "7077.00000", "2018-12-31": "8407.00000", "2018-09-30": "9467.84700", "2018-06-30": "10033.37000", "2018-03-31": "9504.86400", "2017-12-31": "9035.00000", "2017-09-30": "9124.59500", "2017-06-30": "8272.57000", "2017-03-31": "6987.88200", "2016-12-31": "5401.51900", "2016-09-30": "5833.58200", "2016-06-30": "5914.46700", "2016-03-31": "4864.76300", "2015-12-31": "3553.23700", "2015-09-30": "4298.95700", "2015-06-30": "4693.47100", "2015-03-31": "5967.48100", "2014-12-31": "5113.62000", "2014-09-30": "7303.86500", "2014-06-30": "8508.75900", "2014-03-31": "7855.94000", "2013-12-31": "7480.94100", "2013-09-30": "7489.04700", "2013-06-30": "6926.15000", "2013-03-31": "6030.45200", "2012-12-31": "5682.37500", "2012-09-30": "5365.72900", "2012-06-30": "4578.29900", "2012-03-31": "4203.06200", "2011-12-31": "3066.84400", "2011-09-30": "2881.97700", "2011-06-30": "2376.43500", "2011-03-31": "2105.67000", "2010-12-31": "1957.46400", "2010-09-30": "1840.05800", "2010-06-30": "1557.67600", "2010-03-31": "1476.60100", "2009-12-31": "1022.94100", "2009-09-30": "950.35800", "2009-06-30": "796.99500", "2009-03-31": "646.38500", "2008-12-31": "593.89900", "2008-09-30": "639.17200", "2008-06-30": "723.18500", "2008-03-31": "683.59800", "2007-12-31": "613.00000", "2007-09-30": "629.82200", "2007-06-30": "552.37200", "2007-03-31": "555.75300", "2006-12-31": "503.08900", "2006-09-30": "437.63000", "2006-06-30": "286.85300", "2006-03-31": "243.83200", "2005-12-31": "223.68200", "2005-09-30": "230.84100", "2005-06-30": "317.79500", "2005-03-31": "298.22700"}, "Property, Plant, And Equipment": {"2020-09-30": "744.00000", "2020-06-30": "736.00000", "2020-03-31": "720.00000", "2019-12-31": "738.00000", "2019-09-30": "706.00000", "2019-06-30": "716.00000", "2019-03-31": "695.00000", "2018-12-31": "656.00000", "2018-09-30": "642.86100", "2018-06-30": "613.46200", "2018-03-31": "573.04000", "2017-12-31": "480.00000", "2017-09-30": "457.54800", "2017-06-30": "425.10000", "2017-03-31": "381.19700", "2016-12-31": "347.01700", "2016-09-30": "339.80500", "2016-06-30": "320.45000", "2016-03-31": "299.84500", "2015-12-31": "274.78600", "2015-09-30": "257.13500", "2015-06-30": "246.10200", "2015-03-31": "214.86300", "2014-12-31": "198.95300", "2014-09-30": "203.79000", "2014-06-30": "168.68100", "2014-03-31": "149.37300", "2013-12-31": "135.05300", "2013-09-30": "119.76600", "2013-06-30": "109.14100", "2013-03-31": "92.50000", "2012-12-31": "89.26900", "2012-09-30": "81.93100", "2012-06-30": "78.61600", "2012-03-31": "73.52000", "2011-12-31": "64.32200", "2011-09-30": "53.84300", "2011-06-30": "49.34600", "2011-03-31": "44.38600", "2010-12-31": "39.73900", "2010-09-30": "35.90500", "2010-06-30": "34.98800", "2010-03-31": "30.81600", "2009-12-31": "30.48900", "2009-09-30": "29.33900", "2009-06-30": "29.66900", "2009-03-31": "28.56000", "2008-12-31": "29.40400", "2008-09-30": "28.45000", "2008-06-30": "27.53400", "2008-03-31": "26.88500", "2007-12-31": "27.08800", "2007-09-30": "25.05600", "2007-06-30": "22.13700", "2007-03-31": "21.40000", "2006-12-31": "21.69100", "2006-09-30": "20.73800", "2006-06-30": "20.00400", "2006-03-31": "18.03400", "2005-12-31": "18.27100", "2005-09-30": "17.70600", "2005-06-30": "17.62700", "2005-03-31": "17.67200"}, "Long-Term Investments": {"2020-09-30": "3672.00000", "2020-06-30": "2946.00000", "2020-03-31": "2056.00000", "2019-12-31": "4477.00000", "2019-09-30": "4319.00000", "2019-06-30": "4618.00000", "2019-03-31": "8445.00000", "2018-12-31": "8408.00000", "2018-09-30": "9114.21800", "2018-06-30": "9444.90800", "2018-03-31": "9432.76300", "2017-12-31": "10873.00000", "2017-09-30": "11114.31000", "2017-06-30": "10263.66000", "2017-03-31": "10140.63000", "2016-12-31": "9591.06700", "2016-09-30": "9296.41700", "2016-06-30": "7954.41400", "2016-03-31": "7594.33800", "2015-12-31": "7931.36300", "2015-09-30": "6327.63000", "2015-06-30": "6395.46800", "2015-03-31": "4973.64400", "2014-12-31": "3755.65300", "2014-09-30": "1965.18200", "2014-06-30": "", "2014-03-31": "", "2013-12-31": "", "2013-09-30": "", "2013-06-30": "", "2013-03-31": "", "2012-12-31": "", "2012-09-30": "", "2012-06-30": "", "2012-03-31": "", "2011-12-31": "", "2011-09-30": "", "2011-06-30": "", "2011-03-31": "", "2010-12-31": "", "2010-09-30": "", "2010-06-30": "", "2010-03-31": "", "2009-12-31": "", "2009-09-30": "", "2009-06-30": "", "2009-03-31": "", "2008-12-31": "", "2008-09-30": "14.30400", "2008-06-30": "14.89400", "2008-03-31": "7.53600", "2007-12-31": "", "2007-09-30": "18.73500", "2007-06-30": "", "2007-03-31": "", "2006-12-31": "", "2006-09-30": "", "2006-06-30": "", "2006-03-31": "", "2005-12-31": "", "2005-09-30": "", "2005-06-30": "", "2005-03-31": ""}, "Goodwill And Intangible Assets": {"2020-09-30": "3703.00000", "2020-06-30": "4277.00000", "2020-03-31": "4288.00000", "2019-12-31": "4867.00000", "2019-09-30": "4870.00000", "2019-06-30": "4956.00000", "2019-03-31": "4985.00000", "2018-12-31": "5035.00000", "2018-09-30": "4962.40400", "2018-06-30": "5013.16200", "2018-03-31": "4894.84500", "2017-12-31": "4915.00000", "2017-09-30": "4946.04900", "2017-06-30": "4333.39700", "2017-03-31": "4354.30500", "2016-12-31": "4390.79100", "2016-09-30": "4456.55100", "2016-06-30": "5442.70500", "2016-03-31": "5506.86600", "2015-12-31": "5542.53300", "2015-09-30": "5589.78900", "2015-06-30": "5613.02500", "2015-03-31": "5610.13100", "2014-12-31": "5661.23500", "2014-09-30": "5658.35800", "2014-06-30": "2882.49700", "2014-03-31": "2769.85500", "2013-12-31": "2787.89700", "2013-09-30": "2800.05700", "2013-06-30": "2790.43300", "2013-03-31": "693.43000", "2012-12-31": "730.78500", "2012-09-30": "710.20900", "2012-06-30": "704.36800", "2012-03-31": "731.68700", "2011-12-31": "704.93500", "2011-09-30": "720.84700", "2011-06-30": "758.47900", "2011-03-31": "759.86400", "2010-12-31": "742.92400", "2010-09-30": "696.86100", "2010-06-30": "662.87100", "2010-03-31": "490.36300", "2009-12-31": "522.71000", "2009-09-30": "529.77500", "2009-06-30": "530.26300", "2009-03-31": "496.00800", "2008-12-31": "520.09400", "2008-09-30": "566.79900", "2008-06-30": "503.75500", "2008-03-31": "478.17300", "2007-12-31": "469.90700", "2007-09-30": "453.24500", "2007-06-30": "388.85300", "2007-03-31": "376.61500", "2006-12-31": "379.63200", "2006-09-30": "371.92700", "2006-06-30": "363.11600", "2006-03-31": "347.80100", "2005-12-31": "348.09200", "2005-09-30": "361.37400", "2005-06-30": "214.40200", "2005-03-31": "226.73500"}, "Other Long-Term Assets": {"2020-09-30": "875.00000", "2020-06-30": "923.00000", "2020-03-31": "942.00000", "2019-12-31": "867.00000", "2019-09-30": "885.00000", "2019-06-30": "545.00000", "2019-03-31": "529.00000", "2018-12-31": "181.00000", "2018-09-30": "183.14600", "2018-06-30": "191.34700", "2018-03-31": "613.44800", "2017-12-31": "148.00000", "2017-09-30": "146.60500", "2017-06-30": "163.59700", "2017-03-31": "130.23800", "2016-12-31": "108.57900", "2016-09-30": "107.42900", "2016-06-30": "55.13400", "2016-03-31": "68.73400", "2015-12-31": "118.65600", "2015-09-30": "141.25900", "2015-06-30": "79.28000", "2015-03-31": "76.37300", "2014-12-31": "41.51600", "2014-09-30": "48.47100", "2014-06-30": "33.66600", "2014-03-31": "33.42300", "2013-12-31": "40.56900", "2013-09-30": "35.95800", "2013-06-30": "37.30200", "2013-03-31": "35.10200", "2012-12-31": "35.82800", "2012-09-30": "36.71000", "2012-06-30": "38.48300", "2012-03-31": "41.31300", "2011-12-31": "23.49000", "2011-09-30": "21.44400", "2011-06-30": "17.15700", "2011-03-31": "17.46200", "2010-12-31": "14.41800", "2010-09-30": "14.83300", "2010-06-30": "15.96800", "2010-03-31": "14.30700", "2009-12-31": "4.38400", "2009-09-30": "4.95800", "2009-06-30": "5.18600", "2009-03-31": "14.56800", "2008-12-31": "15.06900", "2008-09-30": "17.91700", "2008-06-30": "18.78100", "2008-03-31": "19.21500", "2007-12-31": "22.34200", "2007-09-30": "21.08500", "2007-06-30": "20.21600", "2007-03-31": "21.02400", "2006-12-31": "21.84400", "2006-09-30": "21.41700", "2006-06-30": "15.19500", "2006-03-31": "17.98500", "2005-12-31": "17.43000", "2005-09-30": "17.55300", "2005-06-30": "17.43100", "2005-03-31": "17.16400"}, "Total Long-Term Assets": {"2020-09-30": "9562.00000", "2020-06-30": "9459.00000", "2020-03-31": "8602.00000", "2019-12-31": "11569.00000", "2019-09-30": "11390.00000", "2019-06-30": "11474.00000", "2019-03-31": "15289.00000", "2018-12-31": "14280.00000", "2018-09-30": "14902.63000", "2018-06-30": "15262.88000", "2018-03-31": "15514.10000", "2017-12-31": "16416.00000", "2017-09-30": "16664.52000", "2017-06-30": "15185.75000", "2017-03-31": "15006.37000", "2016-12-31": "14437.45000", "2016-09-30": "14200.20000", "2016-06-30": "13772.70000", "2016-03-31": "13469.78000", "2015-12-31": "13867.34000", "2015-09-30": "12315.81000", "2015-06-30": "12333.88000", "2015-03-31": "10875.01000", "2014-12-31": "9657.35700", "2014-09-30": "7880.51500", "2014-06-30": "3091.56400", "2014-03-31": "2957.74400", "2013-12-31": "2963.51900", "2013-09-30": "2956.60800", "2013-06-30": "2941.22100", "2013-03-31": "824.67500", "2012-12-31": "887.36700", "2012-09-30": "852.08000", "2012-06-30": "850.50700", "2012-03-31": "889.76500", "2011-12-31": "903.82700", "2011-09-30": "933.59590", "2011-06-30": "983.64000", "2011-03-31": "959.68100", "2010-12-31": "948.48910", "2010-09-30": "906.48700", "2010-06-30": "888.06300", "2010-03-31": "724.96000", "2009-12-31": "811.28300", "2009-09-30": "846.67800", "2009-06-30": "695.34200", "2009-03-31": "681.64300", "2008-12-31": "718.52200", "2008-09-30": "816.94100", "2008-06-30": "768.36100", "2008-03-31": "744.59300", "2007-12-31": "737.85600", "2007-09-30": "740.88700", "2007-06-30": "615.29200", "2007-03-31": "609.98600", "2006-12-31": "602.55900", "2006-09-30": "596.90400", "2006-06-30": "541.32400", "2006-03-31": "529.60000", "2005-12-31": "530.34600", "2005-09-30": "544.99000", "2005-06-30": "249.46000", "2005-03-31": "261.57100"}, "Total Assets": {"2020-09-30": "22145.00000", "2020-06-30": "20912.00000", "2020-03-31": "17862.00000", "2019-12-31": "21402.00000", "2019-09-30": "21446.00000", "2019-06-30": "21494.00000", "2019-03-31": "22366.00000", "2018-12-31": "22687.00000", "2018-09-30": "24370.48000", "2018-06-30": "25296.25000", "2018-03-31": "25018.96000", "2017-12-31": "25451.00000", "2017-09-30": "25789.11000", "2017-06-30": "23458.32000", "2017-03-31": "21994.25000", "2016-12-31": "19838.97000", "2016-09-30": "20033.78000", "2016-06-30": "19687.17000", "2016-03-31": "18334.55000", "2015-12-31": "17420.57000", "2015-09-30": "16614.77000", "2015-06-30": "17027.35000", "2015-03-31": "16842.49000", "2014-12-31": "14770.98000", "2014-09-30": "15184.38000", "2014-06-30": "11600.32000", "2014-03-31": "10813.68000", "2013-12-31": "10444.46000", "2013-09-30": "10445.66000", "2013-06-30": "9867.37100", "2013-03-31": "6855.12700", "2012-12-31": "6569.74200", "2012-09-30": "6217.80900", "2012-06-30": "5428.80600", "2012-03-31": "5092.82700", "2011-12-31": "3970.67100", "2011-09-30": "3815.57300", "2011-06-30": "3360.07500", "2011-03-31": "3065.35100", "2010-12-31": "2905.95300", "2010-09-30": "2746.54500", "2010-06-30": "2445.73900", "2010-03-31": "2201.56100", "2009-12-31": "1834.22400", "2009-09-30": "1797.03600", "2009-06-30": "1492.33700", "2009-03-31": "1328.02800", "2008-12-31": "1312.42100", "2008-09-30": "1456.11300", "2008-06-30": "1491.54600", "2008-03-31": "1428.19100", "2007-12-31": "1350.85600", "2007-09-30": "1370.70900", "2007-06-30": "1167.66400", "2007-03-31": "1165.73900", "2006-12-31": "1105.64800", "2006-09-30": "1034.53400", "2006-06-30": "828.17700", "2006-03-31": "773.43200", "2005-12-31": "754.02800", "2005-09-30": "775.83100", "2005-06-30": "567.25500", "2005-03-31": "559.79800"}, "Total Current Liabilities": {"2020-09-30": "3968.00000", "2020-06-30": "3909.00000", "2020-03-31": "4136.00000", "2019-12-31": "5366.00000", "2019-09-30": "5528.00000", "2019-06-30": "6349.00000", "2019-03-31": "5576.00000", "2018-12-31": "3555.00000", "2018-09-30": "3930.22400", "2018-06-30": "5222.48400", "2018-03-31": "4447.39500", "2017-12-31": "3498.00000", "2017-09-30": "3624.27500", "2017-06-30": "3756.95500", "2017-03-31": "3248.19900", "2016-12-31": "2858.67000", "2016-09-30": "2905.97600", "2016-06-30": "2209.65100", "2016-03-31": "1987.57400", "2015-12-31": "1439.31000", "2015-09-30": "1582.80700", "2015-06-30": "1931.13400", "2015-03-31": "1703.23400", "2014-12-31": "1378.70300", "2014-09-30": "1589.14500", "2014-06-30": "1507.24500", "2014-03-31": "1430.98900", "2013-12-31": "1381.74500", "2013-09-30": "1825.84400", "2013-06-30": "1771.43700", "2013-03-31": "1605.33900", "2012-12-31": "1461.72600", "2012-09-30": "1475.34000", "2012-06-30": "1366.63500", "2012-03-31": "1290.22900", "2011-12-31": "1105.79800", "2011-09-30": "1181.26100", "2011-06-30": "1126.19300", "2011-03-31": "1086.69600", "2010-12-31": "471.16800", "2010-09-30": "506.32900", "2010-06-30": "465.77600", "2010-03-31": "343.59200", "2009-12-31": "408.76500", "2009-09-30": "477.58800", "2009-06-30": "518.73800", "2009-03-31": "494.31000", "2008-12-31": "471.57700", "2008-09-30": "656.46900", "2008-06-30": "712.44100", "2008-03-31": "718.90500", "2007-12-31": "694.84300", "2007-09-30": "761.05800", "2007-06-30": "688.95200", "2007-03-31": "732.18800", "2006-12-31": "100.67200", "2006-09-30": "104.34000", "2006-06-30": "103.73000", "2006-03-31": "88.24800", "2005-12-31": "71.01500", "2005-09-30": "88.09100", "2005-06-30": "93.18400", "2005-03-31": "90.51700"}, "Long Term Debt": {"2020-09-30": "11750.00000", "2020-06-30": "11555.00000", "2020-03-31": "8578.00000", "2019-12-31": "8661.00000", "2019-09-30": "8539.00000", "2019-06-30": "8749.00000", "2019-03-31": "8785.00000", "2018-12-31": "9815.00000", "2018-09-30": "9848.58300", "2018-06-30": "8954.90400", "2018-03-31": "9292.66200", "2017-12-31": "10064.00000", "2017-09-30": "8736.08000", "2017-06-30": "7579.71300", "2017-03-31": "7308.62300", "2016-12-31": "6199.06000", "2016-09-30": "6381.70900", "2016-06-30": "7255.20500", "2016-03-31": "6321.20200", "2015-12-31": "6158.44300", "2015-09-30": "5421.32800", "2015-06-30": "5399.96600", "2015-03-31": "5304.10800", "2014-12-31": "3824.19900", "2014-09-30": "3888.01900", "2014-06-30": "1765.69900", "2014-03-31": "1757.47800", "2013-12-31": "1750.58000", "2013-09-30": "1767.75700", "2013-06-30": "1762.89000", "2013-03-31": "935.99700", "2012-12-31": "936.65100", "2012-09-30": "937.26600", "2012-06-30": "937.84100", "2012-03-31": "938.37700", "2011-12-31": "77.36000", "2011-09-30": "82.83100", "2011-06-30": "88.22200", "2011-03-31": "93.56900", "2010-12-31": "476.26800", "2010-09-30": "471.11200", "2010-06-30": "474.05100", "2010-03-31": "480.12400", "2009-12-31": "35.98500", "2009-09-30": "50.21300", "2009-06-30": "58.60200", "2009-03-31": "66.06800", "2008-12-31": "75.07500", "2008-09-30": "", "2008-06-30": "", "2008-03-31": "", "2007-12-31": "", "2007-09-30": "", "2007-06-30": "", "2007-03-31": "", "2006-12-31": "568.86500", "2006-09-30": "523.71800", "2006-06-30": "223.26100", "2006-03-31": "223.21600", "2005-12-31": "223.54900", "2005-09-30": "223.56200", "2005-06-30": "224.24700", "2005-03-31": "223.57600"}, "Other Non-Current Liabilities": {"2020-09-30": "107.00000", "2020-06-30": "101.00000", "2020-03-31": "93.00000", "2019-12-31": "104.00000", "2019-09-30": "94.00000", "2019-06-30": "90.00000", "2019-03-31": "89.00000", "2018-12-31": "162.00000", "2018-09-30": "148.69900", "2018-06-30": "143.65100", "2018-03-31": "161.34000", "2017-12-31": "147.00000", "2017-09-30": "143.82700", "2017-06-30": "134.53700", "2017-03-31": "128.56400", "2016-12-31": "138.76700", "2016-09-30": "141.09600", "2016-06-30": "143.67400", "2016-03-31": "143.24200", "2015-12-31": "134.77700", "2015-09-30": "131.47400", "2015-06-30": "146.39900", "2015-03-31": "132.98700", "2014-12-31": "103.53300", "2014-09-30": "107.93800", "2014-06-30": "106.85800", "2014-03-31": "81.17700", "2013-12-31": "75.98100", "2013-09-30": "83.93400", "2013-06-30": "88.08800", "2013-03-31": "281.48200", "2012-12-31": "229.23100", "2012-09-30": "47.81300", "2012-06-30": "151.30600", "2012-03-31": "43.52600", "2011-12-31": "39.18300", "2011-09-30": "37.11900", "2011-06-30": "101.35400", "2011-03-31": "47.20900", "2010-12-31": "42.99000", "2010-09-30": "28.48100", "2010-06-30": "26.89400", "2010-03-31": "25.20100", "2009-12-31": "24.05200", "2009-09-30": "21.77700", "2009-06-30": "20.96100", "2009-03-31": "18.71700", "2008-12-31": "18.01000", "2008-09-30": "16.86600", "2008-06-30": "16.06100", "2008-03-31": "14.17200", "2007-12-31": "13.36800", "2007-09-30": "12.50800", "2007-06-30": "11.95700", "2007-03-31": "11.46600", "2006-12-31": "11.88500", "2006-09-30": "12.26000", "2006-06-30": "11.71000", "2006-03-31": "11.17300", "2005-12-31": "10.88900", "2005-09-30": "3.09100", "2005-06-30": "0.84400", "2005-03-31": "1.57300"}, "Total Long Term Liabilities": {"2020-09-30": "13264.00000", "2020-06-30": "13004.00000", "2020-03-31": "9895.00000", "2019-12-31": "10103.00000", "2019-09-30": "9967.00000", "2019-06-30": "9838.00000", "2019-03-31": "9875.00000", "2018-12-31": "10347.00000", "2018-09-30": "10488.44000", "2018-06-30": "9601.13700", "2018-03-31": "9935.22200", "2017-12-31": "10692.00000", "2017-09-30": "9287.84200", "2017-06-30": "8111.70000", "2017-03-31": "7935.03400", "2016-12-31": "7160.16100", "2016-09-30": "7325.23800", "2016-06-30": "8202.81400", "2016-03-31": "7294.60500", "2015-12-31": "7185.79600", "2015-09-30": "6505.19000", "2015-06-30": "6538.24700", "2015-03-31": "6509.13300", "2014-12-31": "4825.58100", "2014-09-30": "4862.12400", "2014-06-30": "2269.04600", "2014-03-31": "2173.28600", "2013-12-31": "2152.98600", "2013-09-30": "2223.18900", "2013-06-30": "2238.27400", "2013-03-31": "1258.95300", "2012-12-31": "1211.04100", "2012-09-30": "1164.60500", "2012-06-30": "1134.38400", "2012-03-31": "1210.93900", "2011-12-31": "290.57800", "2011-09-30": "244.01300", "2011-06-30": "244.25500", "2011-03-31": "254.25400", "2010-12-31": "621.44900", "2010-09-30": "603.21700", "2010-06-30": "595.47890", "2010-03-31": "541.34100", "2009-12-31": "103.83000", "2009-09-30": "117.72300", "2009-06-30": "126.14700", "2009-03-31": "129.05100", "2008-12-31": "142.01800", "2008-09-30": "71.22400", "2008-06-30": "82.68900", "2008-03-31": "80.30100", "2007-12-31": "76.90600", "2007-09-30": "74.78800", "2007-06-30": "73.51000", "2007-03-31": "73.84400", "2006-12-31": "642.95000", "2006-09-30": "599.67410", "2006-06-30": "302.48200", "2006-03-31": "299.76500", "2005-12-31": "300.47200", "2005-09-30": "295.15400", "2005-06-30": "251.42400", "2005-03-31": "252.23200"}, "Total Liabilities": {"2020-09-30": "17232.00000", "2020-06-30": "16913.00000", "2020-03-31": "14031.00000", "2019-12-31": "15469.00000", "2019-09-30": "15495.00000", "2019-06-30": "16187.00000", "2019-03-31": "15451.00000", "2018-12-31": "13902.00000", "2018-09-30": "14418.67000", "2018-06-30": "14823.62000", "2018-03-31": "14382.62000", "2017-12-31": "14190.00000", "2017-09-30": "12912.12000", "2017-06-30": "11868.65000", "2017-03-31": "11183.23000", "2016-12-31": "10018.83000", "2016-09-30": "10231.21000", "2016-06-30": "10412.46000", "2016-03-31": "9282.17900", "2015-12-31": "8625.10600", "2015-09-30": "8087.99700", "2015-06-30": "8469.38100", "2015-03-31": "8212.36500", "2014-12-31": "6204.28600", "2014-09-30": "6451.26900", "2014-06-30": "3776.29100", "2014-03-31": "3604.27500", "2013-12-31": "3534.73100", "2013-09-30": "4049.03300", "2013-06-30": "4009.71100", "2013-03-31": "2864.29200", "2012-12-31": "2672.76700", "2012-09-30": "2639.94500", "2012-06-30": "2501.01900", "2012-03-31": "2501.16800", "2011-12-31": "1396.37600", "2011-09-30": "1425.27400", "2011-06-30": "1370.44800", "2011-03-31": "1340.95000", "2010-12-31": "1092.61700", "2010-09-30": "1109.54600", "2010-06-30": "1061.25500", "2010-03-31": "884.93300", "2009-12-31": "512.59500", "2009-09-30": "595.31100", "2009-06-30": "644.88500", "2009-03-31": "623.36100", "2008-12-31": "613.59900", "2008-09-30": "727.69300", "2008-06-30": "795.13000", "2008-03-31": "799.20600", "2007-12-31": "771.74900", "2007-09-30": "835.84600", "2007-06-30": "762.46200", "2007-03-31": "806.03200", "2006-12-31": "743.62200", "2006-09-30": "704.01400", "2006-06-30": "406.21200", "2006-03-31": "388.01300", "2005-12-31": "371.48700", "2005-09-30": "383.24500", "2005-06-30": "344.60800", "2005-03-31": "342.74900"}, "Common Stock Net": {"2020-09-30": "", "2020-06-30": "", "2020-03-31": "", "2019-12-31": "", "2019-09-30": "", "2019-06-30": "", "2019-03-31": "", "2018-12-31": "", "2018-09-30": "0.48900", "2018-06-30": "0.48900", "2018-03-31": "0.48800", "2017-12-31": "", "2017-09-30": "0.48600", "2017-06-30": "0.48600", "2017-03-31": "0.48600", "2016-12-31": "0.48500", "2016-09-30": "0.48400", "2016-06-30": "0.48400", "2016-03-31": "0.48400", "2015-12-31": "0.48200", "2015-09-30": "0.48200", "2015-06-30": "0.48200", "2015-03-31": "0.48100", "2014-12-31": "0.48000", "2014-09-30": "0.48000", "2014-06-30": "0.48000", "2014-03-31": "0.47800", "2013-12-31": "0.47600", "2013-09-30": "0.46800", "2013-06-30": "0.46700", "2013-03-31": "0.45200", "2012-12-31": "0.45000", "2012-09-30": "0.45000", "2012-06-30": "0.45000", "2012-03-31": "0.44900", "2011-12-31": "0.44600", "2011-09-30": "0.44600", "2011-06-30": "0.44600", "2011-03-31": "0.44500", "2010-12-31": "0.43800", "2010-09-30": "0.43800", "2010-06-30": "0.43200", "2010-03-31": "0.42400", "2009-12-31": "0.40500", "2009-09-30": "0.39100", "2009-06-30": "0.37700", "2009-03-31": "0.37300", "2008-12-31": "0.36700", "2008-09-30": "0.36200", "2008-06-30": "0.35500", "2008-03-31": "0.34700", "2007-12-31": "0.34600", "2007-09-30": "0.34500", "2007-06-30": "0.34300", "2007-03-31": "0.34200", "2006-12-31": "0.33100", "2006-09-30": "0.32900", "2006-06-30": "0.32700", "2006-03-31": "0.32500", "2005-12-31": "0.32300", "2005-09-30": "0.32100", "2005-06-30": "0.32000", "2005-03-31": "0.31900"}, "Retained Earnings (Accumulated Deficit)": {"2020-09-30": "23453.00000", "2020-06-30": "22652.00000", "2020-03-31": "22530.00000", "2019-12-31": "23232.00000", "2019-09-30": "22061.00000", "2019-06-30": "20111.00000", "2019-03-31": "19132.00000", "2018-12-31": "18367.00000", "2018-09-30": "17720.66000", "2018-06-30": "15953.08000", "2018-03-31": "14975.71000", "2017-12-31": "13939.00000", "2017-09-30": "14513.39000", "2017-06-30": "12793.00000", "2017-03-31": "12072.79000", "2016-12-31": "11326.85000", "2016-09-30": "10652.94000", "2016-06-30": "10146.93000", "2016-03-31": "9566.28900", "2015-12-31": "9191.86500", "2015-09-30": "8687.59600", "2015-06-30": "7490.86400", "2015-03-31": "6973.83200", "2014-12-31": "6640.50500", "2014-09-30": "6188.67400", "2014-06-30": "5126.42100", "2014-03-31": "4549.97000", "2013-12-31": "4218.75200", "2013-09-30": "3840.67500", "2013-06-30": "3007.68600", "2013-03-31": "2570.11400", "2012-12-31": "2368.61100", "2012-09-30": "2105.38600", "2012-06-30": "1524.61500", "2012-03-31": "1163.49400", "2011-12-31": "1033.73800", "2011-09-30": "858.43800", "2011-06-30": "396.52800", "2011-03-31": "163.54500", "2010-12-31": "69.11000", "2010-09-30": "-62.86100", "2010-06-30": "-285.84100", "2010-03-31": "-400.79800", "2009-12-31": "-454.67300", "2009-09-30": "-533.12800", "2009-06-30": "-852.11100", "2009-03-31": "-919.12200", "2008-12-31": "-944.14500", "2008-09-30": "-946.28800", "2008-06-30": "-1034.25600", "2008-03-31": "-1088.35200", "2007-12-31": "-1106.50600", "2007-09-30": "-1139.36800", "2007-06-30": "-1243.73200", "2007-03-31": "-1278.30400", "2006-12-31": "-1262.03300", "2006-09-30": "-1275.26500", "2006-06-30": "-1323.01900", "2006-03-31": "-1335.53600", "2005-12-31": "-1334.57200", "2005-09-30": "-1338.36200", "2005-06-30": "-1508.95700", "2005-03-31": "-1521.33300"}, "Comprehensive Income": {"2020-09-30": "-196.00000", "2020-06-30": "-233.00000", "2020-03-31": "-342.00000", "2019-12-31": "-191.00000", "2019-09-30": "-265.00000", "2019-06-30": "-230.00000", "2019-03-31": "-169.00000", "2018-12-31": "-316.00000", "2018-09-30": "-233.80600", "2018-06-30": "-76.28300", "2018-03-31": "56.40600", "2017-12-31": "238.00000", "2017-09-30": "653.66600", "2017-06-30": "573.91500", "2017-03-31": "247.05500", "2016-12-31": "-134.68400", "2016-09-30": "322.34600", "2016-06-30": "135.44200", "2016-03-31": "297.76500", "2015-12-31": "244.85200", "2015-09-30": "-185.46500", "2015-06-30": "-43.12300", "2015-03-31": "-224.54500", "2014-12-31": "-259.90200", "2014-09-30": "-72.20400", "2014-06-30": "78.33500", "2014-03-31": "92.75100", "2013-12-31": "84.72900", "2013-09-30": "39.76100", "2013-06-30": "-75.58200", "2013-03-31": "-88.06000", "2012-12-31": "-23.67600", "2012-09-30": "-62.87200", "2012-06-30": "-107.64700", "2012-03-31": "-51.11200", "2011-12-31": "-87.58200", "2011-09-30": "-59.83500", "2011-06-30": "19.47600", "2011-03-31": "10.36000", "2010-12-31": "-32.88900", "2010-09-30": "-19.04800", "2010-06-30": "-94.67300", "2010-03-31": "-47.76800", "2009-12-31": "-3.00000", "2009-09-30": "4.81400", "2009-06-30": "-11.10600", "2009-03-31": "-64.53500", "2008-12-31": "-40.39700", "2008-09-30": "3.75900", "2008-06-30": "75.10000", "2008-03-31": "73.57800", "2007-12-31": "50.34400", "2007-09-30": "49.62800", "2007-06-30": "35.03500", "2007-03-31": "29.54100", "2006-12-31": "26.34700", "2006-09-30": "12.23600", "2006-06-30": "11.86800", "2006-03-31": "-3.47500", "2005-12-31": "-8.40700", "2005-09-30": "-2.39700", "2005-06-30": "0.60000", "2005-03-31": "9.74200"}, "Other Share Holders Equity": {"2020-09-30": "", "2020-06-30": "", "2020-03-31": "", "2019-12-31": "", "2019-09-30": "", "2019-06-30": "", "2019-03-31": "", "2018-12-31": "", "2018-09-30": "", "2018-06-30": "", "2018-03-31": "", "2017-12-31": "", "2017-09-30": "", "2017-06-30": "", "2017-03-31": "", "2016-12-31": "", "2016-09-30": "", "2016-06-30": "", "2016-03-31": "", "2015-12-31": "", "2015-09-30": "", "2015-06-30": "", "2015-03-31": "", "2014-12-31": "", "2014-09-30": "", "2014-06-30": "", "2014-03-31": "", "2013-12-31": "", "2013-09-30": "", "2013-06-30": "", "2013-03-31": "", "2012-12-31": "", "2012-09-30": "", "2012-06-30": "", "2012-03-31": "", "2011-12-31": "", "2011-09-30": "", "2011-06-30": "", "2011-03-31": "", "2010-12-31": "", "2010-09-30": "", "2010-06-30": "", "2010-03-31": "", "2009-12-31": "", "2009-09-30": "", "2009-06-30": "", "2009-03-31": "", "2008-12-31": "", "2008-09-30": "", "2008-06-30": "", "2008-03-31": "", "2007-12-31": "", "2007-09-30": "", "2007-06-30": "", "2007-03-31": "", "2006-12-31": "", "2006-09-30": "", "2006-06-30": "", "2006-03-31": "", "2005-12-31": "", "2005-09-30": "", "2005-06-30": "", "2005-03-31": ""}, "Share Holder Equity": {"2020-09-30": "4913.00000", "2020-06-30": "3999.00000", "2020-03-31": "3831.00000", "2019-12-31": "5933.00000", "2019-09-30": "5951.00000", "2019-06-30": "5307.00000", "2019-03-31": "6915.00000", "2018-12-31": "8785.00000", "2018-09-30": "9951.81000", "2018-06-30": "10472.63000", "2018-03-31": "10636.34000", "2017-12-31": "11261.00000", "2017-09-30": "12876.99000", "2017-06-30": "11589.67000", "2017-03-31": "10811.02000", "2016-12-31": "9820.14200", "2016-09-30": "9802.57000", "2016-06-30": "9274.70500", "2016-03-31": "9052.36700", "2015-12-31": "8795.46900", "2015-09-30": "8526.77300", "2015-06-30": "8557.96500", "2015-03-31": "8630.12500", "2014-12-31": "8566.69400", "2014-09-30": "8733.11100", "2014-06-30": "7824.03200", "2014-03-31": "7209.40900", "2013-12-31": "6909.72900", "2013-09-30": "6396.62200", "2013-06-30": "5857.66000", "2013-03-31": "3990.83500", "2012-12-31": "3896.97500", "2012-09-30": "3577.86400", "2012-06-30": "2927.78700", "2012-03-31": "2591.65900", "2011-12-31": "2574.29500", "2011-09-30": "2390.29900", "2011-06-30": "1989.62700", "2011-03-31": "1724.40100", "2010-12-31": "1813.33600", "2010-09-30": "1636.99900", "2010-06-30": "1384.48400", "2010-03-31": "1316.62800", "2009-12-31": "1321.62900", "2009-09-30": "1201.72500", "2009-06-30": "847.45200", "2009-03-31": "704.66700", "2008-12-31": "698.82600", "2008-09-30": "728.42000", "2008-06-30": "696.41600", "2008-03-31": "628.98500", "2007-12-31": "579.10700", "2007-09-30": "534.86300", "2007-06-30": "405.20200", "2007-03-31": "359.70700", "2006-12-31": "362.02600", "2006-09-30": "330.52000", "2006-06-30": "421.96500", "2006-03-31": "385.41900", "2005-12-31": "382.54100", "2005-09-30": "392.58600", "2005-06-30": "222.64700", "2005-03-31": "217.04900"}, "Total Liabilities And Share Holders Equity": {"2020-09-30": "22145.00000", "2020-06-30": "20912.00000", "2020-03-31": "17862.00000", "2019-12-31": "21402.00000", "2019-09-30": "21446.00000", "2019-06-30": "21494.00000", "2019-03-31": "22366.00000", "2018-12-31": "22687.00000", "2018-09-30": "24370.48000", "2018-06-30": "25296.25000", "2018-03-31": "25018.96000", "2017-12-31": "25451.00000", "2017-09-30": "25789.11000", "2017-06-30": "23458.32000", "2017-03-31": "21994.25000", "2016-12-31": "19838.97000", "2016-09-30": "20033.78000", "2016-06-30": "19687.17000", "2016-03-31": "18334.55000", "2015-12-31": "17420.57000", "2015-09-30": "16614.77000", "2015-06-30": "17027.35000", "2015-03-31": "16842.49000", "2014-12-31": "14770.98000", "2014-09-30": "15184.38000", "2014-06-30": "11600.32000", "2014-03-31": "10813.68000", "2013-12-31": "10444.46000", "2013-09-30": "10445.66000", "2013-06-30": "9867.37100", "2013-03-31": "6855.12700", "2012-12-31": "6569.74200", "2012-09-30": "6217.80900", "2012-06-30": "5428.80600", "2012-03-31": "5092.82700", "2011-12-31": "3970.67100", "2011-09-30": "3815.57300", "2011-06-30": "3360.07500", "2011-03-31": "3065.35100", "2010-12-31": "2905.95300", "2010-09-30": "2746.54500", "2010-06-30": "2445.73900", "2010-03-31": "2201.56100", "2009-12-31": "1834.22400", "2009-09-30": "1797.03600", "2009-06-30": "1492.33700", "2009-03-31": "1328.02800", "2008-12-31": "1312.42100", "2008-09-30": "1456.11300", "2008-06-30": "1491.54600", "2008-03-31": "1428.19100", "2007-12-31": "1350.85600", "2007-09-30": "1370.70900", "2007-06-30": "1167.66400", "2007-03-31": "1165.73900", "2006-12-31": "1105.64800", "2006-09-30": "1034.53400", "2006-06-30": "828.17700", "2006-03-31": "773.43200", "2005-12-31": "754.02800", "2005-09-30": "775.83100", "2005-06-30": "567.25500", "2005-03-31": "559.79800"}}, "cash flow statement": {"Net Income/Loss": {"2019-12-31": "4865.00000", "2018-12-31": "3998.00000", "2017-12-31": "2341.00000", "2016-12-31": "2135.00000", "2015-12-31": "2551.36000", "2014-12-31": "2421.75300", "2013-12-31": "1892.79800", "2012-12-31": "1424.03700", "2011-12-31": "1059.13100", "2010-12-31": "528.14200", "2009-12-31": "489.47200", "2008-12-31": "185.62400", "2007-12-31": "145.07700", "2006-12-31": "74.46600", "2005-12-31": "192.72900"}, "Total Depreciation And Amortization - Cash Flow": {"2019-12-31": "527.00000", "2018-12-31": "485.00000", "2017-12-31": "442.00000", "2016-12-31": "1327.00000", "2015-12-31": "346.75900", "2014-12-31": "267.78000", "2013-12-31": "181.59100", "2012-12-31": "110.17300", "2011-12-31": "77.59800", "2010-12-31": "73.90600", "2009-12-31": "59.86100", "2008-12-31": "72.26200", "2007-12-31": "68.86300", "2006-12-31": "36.83100", "2005-12-31": "28.77800"}, "Other Non-Cash Items": {"2019-12-31": "14.00000", "2018-12-31": "730.00000", "2017-12-31": "301.00000", "2016-12-31": "308.00000", "2015-12-31": "313.63300", "2014-12-31": "250.25900", "2013-12-31": "174.10600", "2012-12-31": "107.72500", "2011-12-31": "120.30400", "2010-12-31": "124.37200", "2009-12-31": "-107.33800", "2008-12-31": "68.67300", "2007-12-31": "-37.98100", "2006-12-31": "-4.11700", "2005-12-31": "-153.20300"}, "Total Non-Cash Items": {"2019-12-31": "541.00000", "2018-12-31": "1215.00000", "2017-12-31": "743.00000", "2016-12-31": "1635.00000", "2015-12-31": "660.39200", "2014-12-31": "518.03900", "2013-12-31": "355.69700", "2012-12-31": "217.89800", "2011-12-31": "197.90200", "2010-12-31": "198.27800", "2009-12-31": "-47.47700", "2008-12-31": "140.93500", "2007-12-31": "30.88200", "2006-12-31": "32.71400", "2005-12-31": "-124.42500"}, "Change In Accounts Receivable": {"2019-12-31": "-323.00000", "2018-12-31": "-319.00000", "2017-12-31": "-270.00000", "2016-12-31": "-284.00000", "2015-12-31": "-68.69400", "2014-12-31": "-182.20900", "2013-12-31": "-111.57200", "2012-12-31": "-105.27700", "2011-12-31": "-125.79300", "2010-12-31": "-29.27500", "2009-12-31": "-22.76700", "2008-12-31": "-42.88800", "2007-12-31": "-24.22700", "2006-12-31": "-21.17800", "2005-12-31": "-8.33900"}, "Change In Inventories": {"2019-12-31": "", "2018-12-31": "", "2017-12-31": "", "2016-12-31": "", "2015-12-31": "", "2014-12-31": "", "2013-12-31": "", "2012-12-31": "", "2011-12-31": "", "2010-12-31": "", "2009-12-31": "", "2008-12-31": "", "2007-12-31": "", "2006-12-31": "", "2005-12-31": ""}, "Change In Accounts Payable": {"2019-12-31": "", "2018-12-31": "", "2017-12-31": "", "2016-12-31": "", "2015-12-31": "", "2014-12-31": "", "2013-12-31": "", "2012-12-31": "", "2011-12-31": "", "2010-12-31": "", "2009-12-31": "", "2008-12-31": "", "2007-12-31": "", "2006-12-31": "", "2005-12-31": ""}, "Change In Assets/Liabilities": {"2019-12-31": "-698.00000", "2018-12-31": "-191.00000", "2017-12-31": "1161.00000", "2016-12-31": "-16.00000", "2015-12-31": "-105.52000", "2014-12-31": "-47.05600", "2013-12-31": "-17.65000", "2012-12-31": "-6.92900", "2011-12-31": "0.24700", "2010-12-31": "-4.59800", "2009-12-31": "3.64500", "2008-12-31": "-0.36300", "2007-12-31": "-5.49500", "2006-12-31": "-1.29300", "2005-12-31": "6.17500"}, "Total Change In Assets/Liabilities": {"2019-12-31": "-541.00000", "2018-12-31": "125.00000", "2017-12-31": "1578.00000", "2016-12-31": "214.00000", "2015-12-31": "-8.22900", "2014-12-31": "-25.39500", "2013-12-31": "52.94100", "2012-12-31": "143.81500", "2011-12-31": "84.77900", "2010-12-31": "50.87700", "2009-12-31": "67.67000", "2008-12-31": "-11.00600", "2007-12-31": "-19.94400", "2006-12-31": "4.90100", "2005-12-31": "-5.66200"}, "Cash Flow From Operating Activities": {"2019-12-31": "4865.00000", "2018-12-31": "5338.00000", "2017-12-31": "4662.00000", "2016-12-31": "3984.00000", "2015-12-31": "3203.52300", "2014-12-31": "2914.39700", "2013-12-31": "2301.43600", "2012-12-31": "1785.75000", "2011-12-31": "1341.81200", "2010-12-31": "777.29700", "2009-12-31": "509.66500", "2008-12-31": "315.55300", "2007-12-31": "156.01500", "2006-12-31": "112.08100", "2005-12-31": "62.64200"}, "Net Change In Property, Plant, And Equipment": {"2019-12-31": "-368.00000", "2018-12-31": "-442.00000", "2017-12-31": "-288.00000", "2016-12-31": "-220.00000", "2015-12-31": "-173.91500", "2014-12-31": "-131.50400", "2013-12-31": "-84.44500", "2012-12-31": "-55.15800", "2011-12-31": "-46.83300", "2010-12-31": "-22.59300", "2009-12-31": "-15.10600", "2008-12-31": "-18.32200", "2007-12-31": "-15.94900", "2006-12-31": "-12.85100", "2005-12-31": "-11.03000"}, "Net Change In Intangible Assets": {"2019-12-31": "", "2018-12-31": "", "2017-12-31": "", "2016-12-31": "", "2015-12-31": "", "2014-12-31": "", "2013-12-31": "", "2012-12-31": "", "2011-12-31": "", "2010-12-31": "", "2009-12-31": "", "2008-12-31": "", "2007-12-31": "", "2006-12-31": "", "2005-12-31": ""}, "Net Acquisitions/Divestitures": {"2019-12-31": "-9.00000", "2018-12-31": "-273.00000", "2017-12-31": "-553.00000", "2016-12-31": "-49.00000", "2015-12-31": "-140.33800", "2014-12-31": "-2496.36600", "2013-12-31": "-331.91800", "2012-12-31": "-33.86100", "2011-12-31": "-68.19200", "2010-12-31": "-112.40500", "2009-12-31": "-1.50000", "2008-12-31": "-0.59900", "2007-12-31": "-14.58000", "2006-12-31": "-3.10400", "2005-12-31": "-135.16000"}, "Net Change In Short-term Investments": {"2019-12-31": "-672.00000", "2018-12-31": "-2686.00000", "2017-12-31": "-6941.00000", "2016-12-31": "3684.00000", "2015-12-31": "5084.23800", "2014-12-31": "10902.50000", "2013-12-31": "8291.28300", "2012-12-31": "-1553.08300", "2011-12-31": "-775.83400", "2010-12-31": "-741.36300", "2009-12-31": "", "2008-12-31": "22.24700", "2007-12-31": "-116.05000", "2006-12-31": "64.89200", "2005-12-31": "50.47900"}, "Net Change In Long-Term Investments": {"2019-12-31": "8099.00000", "2018-12-31": "5616.00000", "2017-12-31": "3580.00000", "2016-12-31": "-6748.00000", "2015-12-31": "-8669.69000", "2014-12-31": "-10552.21000", "2013-12-31": "-9955.80000", "2012-12-31": "", "2011-12-31": "", "2010-12-31": "", "2009-12-31": "-481.05800", "2008-12-31": "", "2007-12-31": "-76.05800", "2006-12-31": "-19.83000", "2005-12-31": "18.70800"}, "Net Change In Investments - Total": {"2019-12-31": "7427.00000", "2018-12-31": "2930.00000", "2017-12-31": "-3361.00000", "2016-12-31": "-3064.00000", "2015-12-31": "-3585.45300", "2014-12-31": "350.28610", "2013-12-31": "-1664.51700", "2012-12-31": "-1553.08300", "2011-12-31": "-775.83400", "2010-12-31": "-741.36300", "2009-12-31": "-481.05800", "2008-12-31": "22.24700", "2007-12-31": "-192.10800", "2006-12-31": "45.06200", "2005-12-31": "69.18700"}, "Investing Activities - Other": {"2019-12-31": "", "2018-12-31": "", "2017-12-31": "", "2016-12-31": "", "2015-12-31": "5.17800", "2014-12-31": "-80.30700", "2013-12-31": "-81.38700", "2012-12-31": "79.38900", "2011-12-31": "-13.90900", "2010-12-31": "35.26300", "2009-12-31": "-3.79600", "2008-12-31": "-155.23100", "2007-12-31": "1.13800", "2006-12-31": "19.88400", "2005-12-31": "1.22600"}, "Cash Flow From Investing Activities": {"2019-12-31": "7050.00000", "2018-12-31": "2215.00000", "2017-12-31": "-4202.00000", "2016-12-31": "-3333.00000", "2015-12-31": "-3894.52700", "2014-12-31": "-2357.89100", "2013-12-31": "-2162.26700", "2012-12-31": "-1562.71300", "2011-12-31": "-904.76800", "2010-12-31": "-841.09800", "2009-12-31": "-501.46000", "2008-12-31": "-151.90500", "2007-12-31": "-221.49900", "2006-12-31": "48.99100", "2005-12-31": "-75.77700"}, "Net Long-Term Debt": {"2019-12-31": "", "2018-12-31": "-1487.00000", "2017-12-31": "1759.00000", "2016-12-31": "995.00000", "2015-12-31": "2251.40500", "2014-12-31": "2139.61700", "2013-12-31": "564.41310", "2012-12-31": "999.99900", "2011-12-31": "-0.21300", "2010-12-31": "279.59900", "2009-12-31": "-197.12200", "2008-12-31": "-176.94300", "2007-12-31": "", "2006-12-31": "345.00000", "2005-12-31": ""}, "Net Current Debt": {"2019-12-31": "-25.00000", "2018-12-31": "25.00000", "2017-12-31": "", "2016-12-31": "", "2015-12-31": "", "2014-12-31": "", "2013-12-31": "", "2012-12-31": "", "2011-12-31": "", "2010-12-31": "", "2009-12-31": "", "2008-12-31": "", "2007-12-31": "", "2006-12-31": "", "2005-12-31": ""}, "Debt Issuance/Retirement Net - Total": {"2019-12-31": "-25.00000", "2018-12-31": "-1462.00000", "2017-12-31": "1759.00000", "2016-12-31": "995.00000", "2015-12-31": "2251.40500", "2014-12-31": "2139.61700", "2013-12-31": "564.41310", "2012-12-31": "999.99900", "2011-12-31": "-0.21300", "2010-12-31": "279.59900", "2009-12-31": "-197.12200", "2008-12-31": "-176.94300", "2007-12-31": "", "2006-12-31": "345.00000", "2005-12-31": ""}, "Net Common Equity Issued/Repurchased": {"2019-12-31": "-8187.00000", "2018-12-31": "-5971.00000", "2017-12-31": "-1828.00000", "2016-12-31": "-996.00000", "2015-12-31": "-3067.98800", "2014-12-31": "-733.98900", "2013-12-31": "-984.43800", "2012-12-31": "-315.41700", "2011-12-31": "-171.85500", "2010-12-31": "-99.38300", "2009-12-31": "26.01300", "2008-12-31": "1.05800", "2007-12-31": "17.18200", "2006-12-31": "-121.70600", "2005-12-31": "-5.49200"}, "Net Total Equity Issued/Repurchased": {"2019-12-31": "-8187.00000", "2018-12-31": "-5971.00000", "2017-12-31": "-1828.00000", "2016-12-31": "-996.00000", "2015-12-31": "-3067.98800", "2014-12-31": "-733.98900", "2013-12-31": "-984.43800", "2012-12-31": "-315.41700", "2011-12-31": "-171.85500", "2010-12-31": "-99.38300", "2009-12-31": "26.01300", "2008-12-31": "1.05800", "2007-12-31": "17.18200", "2006-12-31": "-121.70600", "2005-12-31": "-5.49200"}, "Total Common And Preferred Stock Dividends Paid": {"2019-12-31": "", "2018-12-31": "", "2017-12-31": "", "2016-12-31": "", "2015-12-31": "", "2014-12-31": "", "2013-12-31": "", "2012-12-31": "", "2011-12-31": "", "2010-12-31": "", "2009-12-31": "", "2008-12-31": "", "2007-12-31": "", "2006-12-31": "", "2005-12-31": ""}, "Financial Activities - Other": {"2019-12-31": "-8.00000", "2018-12-31": "2.00000", "2017-12-31": "-10.00000", "2016-12-31": "", "2015-12-31": "-14.70500", "2014-12-31": "23.36600", "2013-12-31": "16.51400", "2012-12-31": "-15.72700", "2011-12-31": "21.04100", "2010-12-31": "32.74100", "2009-12-31": "2.14900", "2008-12-31": "7.03700", "2007-12-31": "2.26300", "2006-12-31": "-46.17100", "2005-12-31": ""}, "Cash Flow From Financial Activities": {"2019-12-31": "-8220.00000", "2018-12-31": "-7431.00000", "2017-12-31": "-79.00000", "2016-12-31": "-1.00000", "2015-12-31": "-831.28800", "2014-12-31": "1428.99400", "2013-12-31": "-403.51100", "2012-12-31": "668.85500", "2011-12-31": "-151.02700", "2010-12-31": "212.95700", "2009-12-31": "-168.96000", "2008-12-31": "-168.84800", "2007-12-31": "19.44500", "2006-12-31": "177.12300", "2005-12-31": "-5.49200"}, "Net Cash Flow": {"2019-12-31": "3687.00000", "2018-12-31": "82.00000", "2017-12-31": "481.00000", "2016-12-31": "604.00000", "2015-12-31": "-1671.42300", "2014-12-31": "1849.02400", "2013-12-31": "-246.35500", "2012-12-31": "903.51300", "2011-12-31": "273.86900", "2010-12-31": "156.82600", "2009-12-31": "-162.40900", "2008-12-31": "-20.80900", "2007-12-31": "-38.21800", "2006-12-31": "343.23600", "2005-12-31": "-20.92900"}, "Stock-Based Compensation": {"2019-12-31": "325.00000", "2018-12-31": "331.00000", "2017-12-31": "261.00000", "2016-12-31": "250.00000", "2015-12-31": "249.13300", "2014-12-31": "189.29200", "2013-12-31": "142.09800", "2012-12-31": "72.03500", "2011-12-31": "66.19400", "2010-12-31": "68.39600", "2009-12-31": "40.67100", "2008-12-31": "40.52200", "2007-12-31": "16.25300", "2006-12-31": "14.92800", "2005-12-31": "4.16900"}, "Common Stock Dividends Paid": {"2019-12-31": "", "2018-12-31": "", "2017-12-31": "", "2016-12-31": "", "2015-12-31": "", "2014-12-31": "", "2013-12-31": "", "2012-12-31": "", "2011-12-31": "", "2010-12-31": "", "2009-12-31": "", "2008-12-31": "", "2007-12-31": "", "2006-12-31": "", "2005-12-31": ""}}, "cash flow statement, quarterly": {"Net Income/Loss": {"2020-09-30": 801, "2020-06-30": 122, "2020-03-31": "-699.00000", "2019-12-31": 1171, "2019-09-30": 1950, "2019-06-30": 979, "2019-03-31": "765.00000", "2018-12-31": 646, "2018-09-30": 1767, "2018-06-30": 978, "2018-03-31": "607.00000", "2017-12-31": -555.223, "2017-09-30": 1720.391, "2017-06-30": 720.209, "2017-03-31": "455.62300", "2016-12-31": 673.921, "2016-09-30": 506.017, "2016-06-30": 580.638, "2016-03-31": "374.42400", "2015-12-31": 504.269, "2015-09-30": 1196.732, "2015-06-30": 517.032, "2015-03-31": "333.32700", "2014-12-31": 451.831, "2014-09-30": 1062.253, "2014-06-30": 576.451, "2014-03-31": "331.21800", "2013-12-31": 378.077, "2013-09-30": 832.989, "2013-06-30": 437.44, "2013-03-31": "244.29200", "2012-12-31": 289.595, "2012-09-30": 599.972, "2012-06-30": 352.654, "2012-03-31": "181.81600", "2011-12-31": 225.956, "2011-09-30": 472.884, "2011-06-30": 256.278, "2011-03-31": "104.01300", "2010-12-31": 135.111, "2010-09-30": 224.56, "2010-06-30": 114.596, "2010-03-31": "53.87500", "2009-12-31": 78.455, "2009-09-30": 318.983, "2009-06-30": 67.011, "2009-03-31": "25.02300", "2008-12-31": 34.146, "2008-09-30": 86.289, "2008-06-30": 50.992, "2008-03-31": "14.19700", "2007-12-31": 20.857, "2007-09-30": 104.364, "2007-06-30": 34.572, "2007-03-31": "-14.71600", "2006-12-31": 13.232, "2006-09-30": 48.816, "2006-06-30": 12.517, "2006-03-31": "-0.09900", "2005-12-31": 3.79, "2005-09-30": 171.571, "2005-06-30": 12.376, "2005-03-31": "4.99200"}, "Total Depreciation And Amortization - Cash Flow": {"2020-09-30": 703, "2020-06-30": 131, "2020-03-31": "620.00000", "2019-12-31": 132, "2019-09-30": 132, "2019-06-30": 133, "2019-03-31": "130.00000", "2018-12-31": 123, "2018-09-30": 122, "2018-06-30": 120, "2018-03-31": "120.00000", "2017-12-31": 117.052, "2017-09-30": 115.751, "2017-06-30": 106.075, "2017-03-31": "103.12200", "2016-12-31": 99.713, "2016-09-30": 1038.78, "2016-06-30": 96.79, "2016-03-31": "91.71700", "2015-12-31": 89.248, "2015-09-30": 87.406, "2015-06-30": 86.869, "2015-03-31": "83.23600", "2014-12-31": 88.621, "2014-09-30": 73.652, "2014-06-30": 53.373, "2014-03-31": "52.13400", "2013-12-31": 55.16, "2013-09-30": 54.213, "2013-06-30": 40.586, "2013-03-31": "31.63200", "2012-12-31": 30.039, "2012-09-30": 28.32, "2012-06-30": 27.836, "2012-03-31": "23.97800", "2011-12-31": 19.891, "2011-09-30": 19.911, "2011-06-30": 19.525, "2011-03-31": "18.27100", "2010-12-31": 19.912, "2010-09-30": 21.169, "2010-06-30": 18.865, "2010-03-31": "13.96000", "2009-12-31": 14.307, "2009-09-30": 15.232, "2009-06-30": 15.248, "2009-03-31": "15.07400", "2008-12-31": 16.779, "2008-09-30": 17.574, "2008-06-30": 19.123, "2008-03-31": "18.78600", "2007-12-31": 39.874, "2007-09-30": 9.916, "2007-06-30": 9.805, "2007-03-31": "9.26800", "2006-12-31": 9.78, "2006-09-30": 9.34, "2006-06-30": 9.066, "2006-03-31": "8.64500", "2005-12-31": 8.469, "2005-09-30": 8.369, "2005-06-30": 5.771, "2005-03-31": "6.16900"}, "Other Non-Cash Items": {"2020-09-30": -410, "2020-06-30": -483, "2020-03-31": "598.00000", "2019-12-31": -41, "2019-09-30": 114, "2019-06-30": 136, "2019-03-31": "-195.00000", "2018-12-31": 521, "2018-09-30": 94, "2018-06-30": 61, "2018-03-31": "54.00000", "2017-12-31": 90.439, "2017-09-30": 98.299, "2017-06-30": 64.114, "2017-03-31": "48.14800", "2016-12-31": 37.116, "2016-09-30": 88.936, "2016-06-30": 66.36, "2016-03-31": "115.58800", "2015-12-31": 185.998, "2015-09-30": 40.71, "2015-06-30": 58.543, "2015-03-31": "28.38200", "2014-12-31": 61.284, "2014-09-30": 73.503, "2014-06-30": 60.165, "2014-03-31": "55.30700", "2013-12-31": 58.168, "2013-09-30": 54.265, "2013-06-30": 42.86, "2013-03-31": "18.81300", "2012-12-31": 27.95, "2012-09-30": 24.897, "2012-06-30": 29.436, "2012-03-31": "25.44200", "2011-12-31": 37.705, "2011-09-30": 30.504, "2011-06-30": 26.913, "2011-03-31": "25.18200", "2010-12-31": 25.023, "2010-09-30": 36.36, "2010-06-30": 32.619, "2010-03-31": "30.37000", "2009-12-31": 13.332, "2009-09-30": -159.755, "2009-06-30": 21.234, "2009-03-31": "17.85100", "2008-12-31": 19.095, "2008-09-30": 21.507, "2008-06-30": 16.586, "2008-03-31": "11.48500", "2007-12-31": -4.94, "2007-09-30": -35.362, "2007-06-30": 9.714, "2007-03-31": "-7.39300", "2006-12-31": 5.641, "2006-09-30": -18.42, "2006-06-30": 6.16, "2006-03-31": "2.50200", "2005-12-31": 2.398, "2005-09-30": -157.674, "2005-06-30": 1.879, "2005-03-31": "0.19400"}, "Total Non-Cash Items": {"2020-09-30": 293, "2020-06-30": -352, "2020-03-31": "1218.00000", "2019-12-31": 91, "2019-09-30": 246, "2019-06-30": 269, "2019-03-31": "-65.00000", "2018-12-31": 644, "2018-09-30": 216, "2018-06-30": 181, "2018-03-31": "174.00000", "2017-12-31": 207.491, "2017-09-30": 214.05, "2017-06-30": 170.189, "2017-03-31": "151.27000", "2016-12-31": 136.829, "2016-09-30": 1127.716, "2016-06-30": 163.15, "2016-03-31": "207.30500", "2015-12-31": 275.246, "2015-09-30": 128.116, "2015-06-30": 145.412, "2015-03-31": "111.61800", "2014-12-31": 149.905, "2014-09-30": 147.155, "2014-06-30": 113.538, "2014-03-31": "107.44100", "2013-12-31": 113.328, "2013-09-30": 108.478, "2013-06-30": 83.446, "2013-03-31": "50.44500", "2012-12-31": 57.989, "2012-09-30": 53.217, "2012-06-30": 57.272, "2012-03-31": "49.42000", "2011-12-31": 57.596, "2011-09-30": 50.415, "2011-06-30": 46.438, "2011-03-31": "43.45300", "2010-12-31": 44.935, "2010-09-30": 57.529, "2010-06-30": 51.484, "2010-03-31": "44.33000", "2009-12-31": 27.639, "2009-09-30": -144.523, "2009-06-30": 36.482, "2009-03-31": "32.92500", "2008-12-31": 35.874, "2008-09-30": 39.081, "2008-06-30": 35.709, "2008-03-31": "30.27100", "2007-12-31": 34.934, "2007-09-30": -25.446, "2007-06-30": 19.519, "2007-03-31": "1.87500", "2006-12-31": 15.421, "2006-09-30": -9.08, "2006-06-30": 15.226, "2006-03-31": "11.14700", "2005-12-31": 10.867, "2005-09-30": -149.305, "2005-06-30": 7.65, "2005-03-31": "6.36300"}, "Change In Accounts Receivable": {"2020-09-30": -251, "2020-06-30": 45, "2020-03-31": "760.00000", "2019-12-31": 119, "2019-09-30": 81, "2019-06-30": -499, "2019-03-31": "-24.00000", "2018-12-31": 131, "2018-09-30": -58, "2018-06-30": -296, "2018-03-31": "-96.00000", "2017-12-31": 209.184, "2017-09-30": -145.639, "2017-06-30": -255.117, "2017-03-31": "-78.42800", "2016-12-31": 186.295, "2016-09-30": -126.148, "2016-06-30": -152.443, "2016-03-31": "-191.70400", "2015-12-31": 220.91, "2015-09-30": -1.664, "2015-06-30": -167.347, "2015-03-31": "-120.59300", "2014-12-31": 171.148, "2014-09-30": -40.398, "2014-06-30": -218.803, "2014-03-31": "-94.15600", "2013-12-31": 172.389, "2013-09-30": -40.978, "2013-06-30": -127.821, "2013-03-31": "-115.16200", "2012-12-31": 127.383, "2012-09-30": -55.939, "2012-06-30": -118.486, "2012-03-31": "-58.23500", "2011-12-31": 76.294, "2011-09-30": -47.871, "2011-06-30": -97.729, "2011-03-31": "-56.48700", "2010-12-31": 83.48, "2010-09-30": -27.239, "2010-06-30": -65.293, "2010-03-31": "-20.22300", "2009-12-31": 51.165, "2009-09-30": -18.61, "2009-06-30": -39.392, "2009-03-31": "-15.93000", "2008-12-31": 38.072, "2008-09-30": -17.878, "2008-06-30": -37.382, "2008-03-31": "-25.70000", "2007-12-31": 29.341, "2007-09-30": -24.793, "2007-06-30": -23.671, "2007-03-31": "-5.10400", "2006-12-31": 7.313, "2006-09-30": -7.086, "2006-06-30": -17.208, "2006-03-31": "-4.19700", "2005-12-31": 5.237, "2005-09-30": 2.091, "2005-06-30": -7.408, "2005-03-31": "-8.25900"}, "Change In Inventories": {"2020-09-30": 0, "2020-06-30": 0, "2020-03-31": "", "2019-12-31": 0, "2019-09-30": 0, "2019-06-30": 0, "2019-03-31": "", "2018-12-31": 0, "2018-09-30": 0, "2018-06-30": 0, "2018-03-31": "", "2017-12-31": 0, "2017-09-30": 0, "2017-06-30": 0, "2017-03-31": "", "2016-12-31": 0, "2016-09-30": 0, "2016-06-30": 0, "2016-03-31": "", "2015-12-31": 0, "2015-09-30": 0, "2015-06-30": 0, "2015-03-31": "", "2014-12-31": 0, "2014-09-30": 0, "2014-06-30": 0, "2014-03-31": "", "2013-12-31": 0, "2013-09-30": 0, "2013-06-30": 0, "2013-03-31": "", "2012-12-31": 0, "2012-09-30": 0, "2012-06-30": 0, "2012-03-31": "", "2011-12-31": 0, "2011-09-30": 0, "2011-06-30": 0, "2011-03-31": "", "2010-12-31": 0, "2010-09-30": 0, "2010-06-30": 0, "2010-03-31": "", "2009-12-31": 0, "2009-09-30": 0, "2009-06-30": 0, "2009-03-31": "", "2008-12-31": 0, "2008-09-30": 0, "2008-06-30": 0, "2008-03-31": "", "2007-12-31": 0, "2007-09-30": 0, "2007-06-30": 0, "2007-03-31": "", "2006-12-31": 0, "2006-09-30": 0, "2006-06-30": 0, "2006-03-31": "", "2005-12-31": 0, "2005-09-30": 0, "2005-06-30": 0, "2005-03-31": ""}, "Change In Accounts Payable": {"2020-09-30": 0, "2020-06-30": 0, "2020-03-31": "", "2019-12-31": 0, "2019-09-30": 0, "2019-06-30": 0, "2019-03-31": "", "2018-12-31": 0, "2018-09-30": 0, "2018-06-30": 0, "2018-03-31": "", "2017-12-31": 0, "2017-09-30": 0, "2017-06-30": 0, "2017-03-31": "", "2016-12-31": 0, "2016-09-30": 0, "2016-06-30": 0, "2016-03-31": "", "2015-12-31": 0, "2015-09-30": 0, "2015-06-30": 0, "2015-03-31": "", "2014-12-31": 0, "2014-09-30": 0, "2014-06-30": 0, "2014-03-31": "", "2013-12-31": 0, "2013-09-30": 0, "2013-06-30": 0, "2013-03-31": "", "2012-12-31": 0, "2012-09-30": 0, "2012-06-30": 0, "2012-03-31": "", "2011-12-31": 0, "2011-09-30": 0, "2011-06-30": 0, "2011-03-31": "", "2010-12-31": 0, "2010-09-30": 0, "2010-06-30": 0, "2010-03-31": "", "2009-12-31": 0, "2009-09-30": 0, "2009-06-30": 0, "2009-03-31": "", "2008-12-31": 0, "2008-09-30": 0, "2008-06-30": 0, "2008-03-31": "", "2007-12-31": 0, "2007-09-30": 0, "2007-06-30": 0, "2007-03-31": "", "2006-12-31": 0, "2006-09-30": 0, "2006-06-30": 0, "2006-03-31": "", "2005-12-31": 0, "2005-09-30": 0, "2005-06-30": 0, "2005-03-31": ""}, "Change In Assets/Liabilities": {"2020-09-30": 103, "2020-06-30": 739, "2020-03-31": "-524.00000", "2019-12-31": 10, "2019-09-30": 293, "2019-06-30": 86, "2019-03-31": "-1087.00000", "2018-12-31": 33, "2018-09-30": 363, "2018-06-30": 90, "2018-03-31": "-677.00000", "2017-12-31": 1266.083, "2017-09-30": 330.534, "2017-06-30": 17.988, "2017-03-31": "-453.60500", "2016-12-31": 109.065, "2016-09-30": 172.474, "2016-06-30": 42.077, "2016-03-31": "-339.61600", "2015-12-31": 7.835, "2015-09-30": 200.553, "2015-06-30": 2.676, "2015-03-31": "-316.58400", "2014-12-31": -11.917, "2014-09-30": 226.49, "2014-06-30": 53.478, "2014-03-31": "-315.10700", "2013-12-31": -10.539, "2013-09-30": 117.04, "2013-06-30": 60.419, "2013-03-31": "-184.57000", "2012-12-31": 83.885, "2012-09-30": 4.325, "2012-06-30": 48.721, "2012-03-31": "-143.86000", "2011-12-31": 3.83, "2011-09-30": -2.812, "2011-06-30": -8.248, "2011-03-31": "7.47700", "2010-12-31": 1.539, "2010-09-30": 4.459, "2010-06-30": -13.6, "2010-03-31": "3.00400", "2009-12-31": -7.959, "2009-09-30": 9.17, "2009-06-30": 2.299, "2009-03-31": "0.13500", "2008-12-31": -1.466, "2008-09-30": 0.022, "2008-06-30": -1.631, "2008-03-31": "2.71200", "2007-12-31": -1.728, "2007-09-30": -1.311, "2007-06-30": 22.126, "2007-03-31": "-24.58200", "2006-12-31": 0.29, "2006-09-30": 1.702, "2006-06-30": 0.377, "2006-03-31": "-3.66200", "2005-12-31": 6.1, "2005-09-30": -0.992, "2005-06-30": 1.515, "2005-03-31": "-0.44800"}, "Total Change In Assets/Liabilities": {"2020-09-30": -174, "2020-06-30": 352, "2020-03-31": "-899.00000", "2019-12-31": -185, "2019-09-30": -345, "2019-06-30": 539, "2019-03-31": "-550.00000", "2018-12-31": -206, "2018-09-30": -19, "2018-06-30": 491, "2018-03-31": "-141.00000", "2017-12-31": 1521.307, "2017-09-30": -47.85, "2017-06-30": 330.818, "2017-03-31": "-226.27500", "2016-12-31": 286.081, "2016-09-30": -113.79, "2016-06-30": 278.68, "2016-03-31": "-236.97100", "2015-12-31": 202.849, "2015-09-30": -15.048, "2015-06-30": 39.932, "2015-03-31": "-235.96200", "2014-12-31": 153.544, "2014-09-30": 82.724, "2014-06-30": -0.008, "2014-03-31": "-261.65500", "2013-12-31": 63.068, "2013-09-30": 28.997, "2013-06-30": 72.496, "2013-03-31": "-111.62000", "2012-12-31": 149.235, "2012-09-30": 21.756, "2012-06-30": 21.68, "2012-03-31": "-48.85600", "2011-12-31": -1.711, "2011-09-30": 37.17, "2011-06-30": -79.433, "2011-03-31": "128.75300", "2010-12-31": -0.129, "2010-09-30": 23.275, "2010-06-30": 21.239, "2010-03-31": "6.49200", "2009-12-31": 40.171, "2009-09-30": 20.719, "2009-06-30": -9.436, "2009-03-31": "16.21600", "2008-12-31": 10.333, "2008-09-30": -23.454, "2008-06-30": 3.201, "2008-03-31": "-1.08600", "2007-12-31": 10.89, "2007-09-30": -17.232, "2007-06-30": -45.196, "2007-03-31": "31.59400", "2006-12-31": 3.144, "2006-09-30": -4.901, "2006-06-30": -2.641, "2006-03-31": "9.29900", "2005-12-31": -1.12, "2005-09-30": -9.823, "2005-06-30": -6.057, "2005-03-31": "11.33800"}, "Cash Flow From Operating Activities": {"2020-09-30": 920, "2020-06-30": 122, "2020-03-31": "-380.00000", "2019-12-31": 1077, "2019-09-30": 1851, "2019-06-30": 1787, "2019-03-31": "150.00000", "2018-12-31": 1084, "2018-09-30": 1964, "2018-06-30": 1650, "2018-03-31": "640.00000", "2017-12-31": 1173.575, "2017-09-30": 1886.591, "2017-06-30": 1221.216, "2017-03-31": "380.61800", "2016-12-31": 1096.831, "2016-09-30": 1519.943, "2016-06-30": 1022.468, "2016-03-31": "344.75800", "2015-12-31": 982.364, "2015-09-30": 1309.8, "2015-06-30": 702.376, "2015-03-31": "208.98300", "2014-12-31": 755.28, "2014-09-30": 1292.132, "2014-06-30": 689.981, "2014-03-31": "177.00400", "2013-12-31": 554.473, "2013-09-30": 970.464, "2013-06-30": 593.382, "2013-03-31": "183.11700", "2012-12-31": 496.819, "2012-09-30": 674.945, "2012-06-30": 431.606, "2012-03-31": "182.38000", "2011-12-31": 281.841, "2011-09-30": 560.469, "2011-06-30": 223.283, "2011-03-31": "276.21900", "2010-12-31": 179.917, "2010-09-30": 305.364, "2010-06-30": 187.319, "2010-03-31": "104.69700", "2009-12-31": 146.265, "2009-09-30": 195.179, "2009-06-30": 94.057, "2009-03-31": "74.16400", "2008-12-31": 80.353, "2008-09-30": 101.916, "2008-06-30": 89.902, "2008-03-31": "43.38200", "2007-12-31": 66.681, "2007-09-30": 61.686, "2007-06-30": 8.895, "2007-03-31": "18.75300", "2006-12-31": 31.797, "2006-09-30": 34.835, "2006-06-30": 25.102, "2006-03-31": "20.34700", "2005-12-31": 13.537, "2005-09-30": 12.443, "2005-06-30": 13.969, "2005-03-31": "22.69300"}, "Net Change In Property, Plant, And Equipment": {"2020-09-30": -72, "2020-06-30": -70, "2020-03-31": "-80.00000", "2019-12-31": -87, "2019-09-30": -82, "2019-06-30": -88, "2019-03-31": "-111.00000", "2018-12-31": -86, "2018-09-30": -121, "2018-06-30": -104, "2018-03-31": "-131.00000", "2017-12-31": -2536.191, "2017-09-30": 915.224, "2017-06-30": 727.052, "2017-03-31": "605.91500", "2016-12-31": -51.924, "2016-09-30": -54.377, "2016-06-30": -60.443, "2016-03-31": "-53.25600", "2015-12-31": -47.278, "2015-09-30": -42.286, "2015-06-30": -53.088, "2015-03-31": "-31.26300", "2014-12-31": -40.779, "2014-09-30": -28.739, "2014-06-30": -32.255, "2014-03-31": "-29.73100", "2013-12-31": -27.487, "2013-09-30": -20.477, "2013-06-30": -21.43, "2013-03-31": "-15.05100", "2012-12-31": -16.208, "2012-09-30": -10.527, "2012-06-30": -14.726, "2012-03-31": "-13.69700", "2011-12-31": -17.063, "2011-09-30": -11.693, "2011-06-30": -9.798, "2011-03-31": "-8.27900", "2010-12-31": -8.122, "2010-09-30": -4.238, "2010-06-30": -5.402, "2010-03-31": "-4.83100", "2009-12-31": -5.204, "2009-09-30": -1.788, "2009-06-30": -5.023, "2009-03-31": "-3.09100", "2008-12-31": -5.437, "2008-09-30": -5.858, "2008-06-30": -4.173, "2008-03-31": "-2.85400", "2007-12-31": -4.937, "2007-09-30": -5.505, "2007-06-30": -3.29, "2007-03-31": "-2.21700", "2006-12-31": -3.223, "2006-09-30": -3.34, "2006-06-30": -4.213, "2006-03-31": "-2.07500", "2005-12-31": -2.996, "2005-09-30": -1.831, "2005-06-30": -2.061, "2005-03-31": "-4.14200"}, "Net Change In Intangible Assets": {"2020-09-30": 0, "2020-06-30": 0, "2020-03-31": "", "2019-12-31": 0, "2019-09-30": 0, "2019-06-30": 0, "2019-03-31": "", "2018-12-31": 0, "2018-09-30": 0, "2018-06-30": 0, "2018-03-31": "", "2017-12-31": 0, "2017-09-30": 0, "2017-06-30": 0, "2017-03-31": "", "2016-12-31": 0, "2016-09-30": 0, "2016-06-30": 0, "2016-03-31": "", "2015-12-31": 0, "2015-09-30": 0, "2015-06-30": 0, "2015-03-31": "", "2014-12-31": 0, "2014-09-30": 0, "2014-06-30": 0, "2014-03-31": "", "2013-12-31": 0, "2013-09-30": 0, "2013-06-30": 0, "2013-03-31": "", "2012-12-31": 0, "2012-09-30": 0, "2012-06-30": 0, "2012-03-31": "", "2011-12-31": 0, "2011-09-30": 0, "2011-06-30": 0, "2011-03-31": "", "2010-12-31": 0, "2010-09-30": 0, "2010-06-30": 0, "2010-03-31": "", "2009-12-31": 0, "2009-09-30": 0, "2009-06-30": 0, "2009-03-31": "", "2008-12-31": 0, "2008-09-30": 0, "2008-06-30": 0, "2008-03-31": "", "2007-12-31": 0, "2007-09-30": 0, "2007-06-30": 0, "2007-03-31": "", "2006-12-31": 0, "2006-09-30": 0, "2006-06-30": 0, "2006-03-31": "", "2005-12-31": 0, "2005-09-30": 0, "2005-06-30": 0, "2005-03-31": ""}, "Net Acquisitions/Divestitures": {"2020-09-30": 0, "2020-06-30": 0, "2020-03-31": "", "2019-12-31": 0, "2019-09-30": 0, "2019-06-30": -9, "2019-03-31": "", "2018-12-31": -134, "2018-09-30": 0, "2018-06-30": -139, "2018-03-31": "", "2017-12-31": -0.195, "2017-09-30": -552.315, "2017-06-30": -0.484, "2017-03-31": "-0.00600", "2016-12-31": 0.305, "2016-09-30": -48.51, "2016-06-30": -0.072, "2016-03-31": "-0.72300", "2015-12-31": -4.674, "2015-09-30": -89.727, "2015-06-30": -19.775, "2015-03-31": "-26.16200", "2014-12-31": -0.282, "2014-09-30": -2395.034, "2014-06-30": -98.417, "2014-03-31": "-2.63300", "2013-12-31": -0.361, "2013-09-30": -0.713, "2013-06-30": -330.742, "2013-03-31": "-0.10200", "2012-12-31": -19.99, "2012-09-30": -0.442, "2012-06-30": -0.143, "2012-03-31": "-13.28600", "2011-12-31": -0.219, "2011-09-30": -0.899, "2011-06-30": -0.87, "2011-03-31": "-66.20400", "2010-12-31": -1.433, "2010-09-30": 0, "2010-06-30": -108.472, "2010-03-31": "-2.50000", "2009-12-31": -1.5, "2009-09-30": 0, "2009-06-30": 0, "2009-03-31": "", "2008-12-31": -0.006, "2008-09-30": -0.062, "2008-06-30": -0.068, "2008-03-31": "-0.46300", "2007-12-31": -14.58, "2007-09-30": 0, "2007-06-30": 0, "2007-03-31": "", "2006-12-31": 0, "2006-09-30": 0, "2006-06-30": -1.894, "2006-03-31": "-1.21000", "2005-12-31": -1.358, "2005-09-30": -132.802, "2005-06-30": 0, "2005-03-31": "-1.00000"}, "Net Change In Short-term Investments": {"2020-09-30": 0, "2020-06-30": 0, "2020-03-31": "", "2019-12-31": -672, "2019-09-30": 0, "2019-06-30": 0, "2019-03-31": "", "2018-12-31": -2686, "2018-09-30": 0, "2018-06-30": 0, "2018-03-31": "", "2017-12-31": -6941, "2017-09-30": 0, "2017-06-30": 0, "2017-03-31": "", "2016-12-31": 3684, "2016-09-30": -2176.868, "2016-06-30": 2176.868, "2016-03-31": "", "2015-12-31": 5084.238, "2015-09-30": 0, "2015-06-30": -880.774, "2015-03-31": "880.77400", "2014-12-31": 18230.135, "2014-09-30": -13406.046, "2014-06-30": 6038.4451, "2014-03-31": "39.96590", "2013-12-31": 10049.876, "2013-09-30": -1184.684, "2013-06-30": -591.18, "2013-03-31": "17.27100", "2012-12-31": -1553.083, "2012-09-30": 1119.181, "2012-06-30": -743.08, "2012-03-31": "-376.10100", "2011-12-31": -75.1711, "2011-09-30": -719.4829, "2011-06-30": -126.735, "2011-03-31": "145.55500", "2010-12-31": -377.277, "2010-09-30": -37.556, "2010-06-30": -12.711, "2010-03-31": "-313.81900", "2009-12-31": 0, "2009-09-30": 0, "2009-06-30": 0, "2009-03-31": "", "2008-12-31": 22.247, "2008-09-30": 0, "2008-06-30": 0, "2008-03-31": "", "2007-12-31": -151.252, "2007-09-30": 27.219, "2007-06-30": -0.013, "2007-03-31": "7.99600", "2006-12-31": -87.227, "2006-09-30": 152.038, "2006-06-30": 12.838, "2006-03-31": "-12.75700", "2005-12-31": -19.769, "2005-09-30": 84.843, "2005-06-30": 4.593, "2005-03-31": "-19.18800"}, "Net Change In Long-Term Investments": {"2020-09-30": 0, "2020-06-30": 1112, "2020-03-31": "1813.00000", "2019-12-31": 855, "2019-09-30": 847, "2019-06-30": 4177, "2019-03-31": "2220.00000", "2018-12-31": 3315, "2018-09-30": 164, "2018-06-30": 370, "2018-03-31": "1767.00000", "2017-12-31": 8918.444, "2017-09-30": -2468.541, "2017-06-30": -1371.18, "2017-03-31": "-1498.72300", "2016-12-31": -4762.833, "2016-09-30": 716.495, "2016-06-30": -2902.9201, "2016-03-31": "201.25810", "2015-12-31": -6252.774, "2015-09-30": 37.665, "2015-06-30": -485.289, "2015-03-31": "-1969.29200", "2014-12-31": -20255.242, "2014-09-30": 14008.065, "2014-06-30": -4305.033, "2014-03-31": "", "2013-12-31": -9955.8, "2013-09-30": 0, "2013-06-30": 0, "2013-03-31": "", "2012-12-31": 1720.864, "2012-09-30": -1720.864, "2012-06-30": 0, "2012-03-31": "", "2011-12-31": 0, "2011-09-30": 0, "2011-06-30": 0, "2011-03-31": "", "2010-12-31": 0, "2010-09-30": 0, "2010-06-30": 0, "2010-03-31": "", "2009-12-31": -250.323, "2009-09-30": -81.982, "2009-06-30": -40.502, "2009-03-31": "-108.25100", "2008-12-31": -70.221, "2008-09-30": 37.873, "2008-06-30": -45.105, "2008-03-31": "77.45300", "2007-12-31": 42.197, "2007-09-30": -95.858, "2007-06-30": -22.397, "2007-03-31": "", "2006-12-31": 92.123, "2006-09-30": -111.953, "2006-06-30": 0, "2006-03-31": "", "2005-12-31": 18.708, "2005-09-30": 0, "2005-06-30": 0, "2005-03-31": ""}, "Net Change In Investments - Total": {"2020-09-30": 0, "2020-06-30": 1112, "2020-03-31": "1813.00000", "2019-12-31": 183, "2019-09-30": 847, "2019-06-30": 4177, "2019-03-31": "2220.00000", "2018-12-31": 629, "2018-09-30": 164, "2018-06-30": 370, "2018-03-31": "1767.00000", "2017-12-31": 1977.444, "2017-09-30": -2468.541, "2017-06-30": -1371.18, "2017-03-31": "-1498.72300", "2016-12-31": -1078.833, "2016-09-30": -1460.3728, "2016-06-30": -726.0523, "2016-03-31": "201.25810", "2015-12-31": -1168.537, "2015-09-30": 37.665, "2015-06-30": -1366.063, "2015-03-31": "-1088.51800", "2014-12-31": -2025.1109, "2014-09-30": 602.019, "2014-06-30": 1733.4121, "2014-03-31": "39.96590", "2013-12-31": 94.076, "2013-09-30": -1184.684, "2013-06-30": -591.18, "2013-03-31": "17.27100", "2012-12-31": 167.781, "2012-09-30": -601.683, "2012-06-30": -743.08, "2012-03-31": "-376.10100", "2011-12-31": -75.1711, "2011-09-30": -719.4829, "2011-06-30": -126.735, "2011-03-31": "145.55500", "2010-12-31": -377.277, "2010-09-30": -37.556, "2010-06-30": -12.711, "2010-03-31": "-313.81900", "2009-12-31": -250.323, "2009-09-30": -81.982, "2009-06-30": -40.502, "2009-03-31": "-108.25100", "2008-12-31": -47.974, "2008-09-30": 37.873, "2008-06-30": -45.105, "2008-03-31": "77.45300", "2007-12-31": -109.055, "2007-09-30": -68.639, "2007-06-30": -22.41, "2007-03-31": "7.99600", "2006-12-31": 4.896, "2006-09-30": 40.085, "2006-06-30": 12.838, "2006-03-31": "-12.75700", "2005-12-31": -1.061, "2005-09-30": 84.843, "2005-06-30": 4.593, "2005-03-31": "-19.18800"}, "Investing Activities - Other": {"2020-09-30": 0, "2020-06-30": 0, "2020-03-31": "", "2019-12-31": 0, "2019-09-30": 0, "2019-06-30": 0, "2019-03-31": "", "2018-12-31": 0, "2018-09-30": 0, "2018-06-30": 0, "2018-03-31": "", "2017-12-31": 0, "2017-09-30": 0, "2017-06-30": 0, "2017-03-31": "", "2016-12-31": 0, "2016-09-30": 0, "2016-06-30": 0, "2016-03-31": "", "2015-12-31": 0, "2015-09-30": 0.225, "2015-06-30": -0.17, "2015-03-31": "5.12300", "2014-12-31": -9.309, "2014-09-30": 4.033, "2014-06-30": -26.574, "2014-03-31": "-48.45700", "2013-12-31": -27.102, "2013-09-30": -9.552, "2013-06-30": -26.613, "2013-03-31": "-18.12000", "2012-12-31": 6.257, "2012-09-30": 14.373, "2012-06-30": 27.176, "2012-03-31": "31.58300", "2011-12-31": 25.838, "2011-09-30": -5.948, "2011-06-30": -17.778, "2011-03-31": "-16.02100", "2010-12-31": -5.174, "2010-09-30": 12.275, "2010-06-30": 18.486, "2010-03-31": "9.67600", "2009-12-31": -5.03, "2009-09-30": -0.014, "2009-06-30": 0.289, "2009-03-31": "0.95900", "2008-12-31": -0.167, "2008-09-30": -123.055, "2008-06-30": -30.473, "2008-03-31": "-1.53600", "2007-12-31": 16.379, "2007-09-30": -0.003, "2007-06-30": -15.078, "2007-03-31": "-0.16000", "2006-12-31": 15.346, "2006-09-30": 3.493, "2006-06-30": -0.283, "2006-03-31": "1.32800", "2005-12-31": 0.295, "2005-09-30": -0.578, "2005-06-30": 1.797, "2005-03-31": "-0.28800"}, "Cash Flow From Investing Activities": {"2020-09-30": -72, "2020-06-30": 1042, "2020-03-31": "1733.00000", "2019-12-31": 96, "2019-09-30": 765, "2019-06-30": 4080, "2019-03-31": "2109.00000", "2018-12-31": 409, "2018-09-30": 43, "2018-06-30": 127, "2018-03-31": "1636.00000", "2017-12-31": -558.942, "2017-09-30": -2105.632, "2017-06-30": -644.612, "2017-03-31": "-892.81400", "2016-12-31": -1130.452, "2016-09-30": -1563.26, "2016-06-30": -786.567, "2016-03-31": "147.27900", "2015-12-31": -1220.488, "2015-09-30": -94.123, "2015-06-30": -1439.096, "2015-03-31": "-1140.82000", "2014-12-31": -2075.481, "2014-09-30": -1817.721, "2014-06-30": 1576.166, "2014-03-31": "-40.85500", "2013-12-31": 39.126, "2013-09-30": -1215.426, "2013-06-30": -969.965, "2013-03-31": "-16.00200", "2012-12-31": 137.84, "2012-09-30": -598.279, "2012-06-30": -730.773, "2012-03-31": "-371.50100", "2011-12-31": -66.615, "2011-09-30": -738.023, "2011-06-30": -155.181, "2011-03-31": "55.05100", "2010-12-31": -392.006, "2010-09-30": -29.519, "2010-06-30": -108.099, "2010-03-31": "-311.47400", "2009-12-31": -262.057, "2009-09-30": -83.784, "2009-06-30": -45.236, "2009-03-31": "-110.38300", "2008-12-31": -53.584, "2008-09-30": -91.102, "2008-06-30": -79.819, "2008-03-31": "72.60000", "2007-12-31": -112.193, "2007-09-30": -74.147, "2007-06-30": -40.778, "2007-03-31": "5.61900", "2006-12-31": 17.019, "2006-09-30": 40.238, "2006-06-30": 6.448, "2006-03-31": "-14.71400", "2005-12-31": -5.12, "2005-09-30": -50.368, "2005-06-30": 4.329, "2005-03-31": "-24.61800"}, "Net Long-Term Debt": {"2020-09-30": 0, "2020-06-30": 2864, "2020-03-31": "", "2019-12-31": 0, "2019-09-30": 0, "2019-06-30": 0, "2019-03-31": "", "2018-12-31": 0, "2018-09-30": 0, "2018-06-30": 0, "2018-03-31": "-1487.00000", "2017-12-31": -181.259, "2017-09-30": 972.01, "2017-06-30": -83.469, "2017-03-31": "1051.71800", "2016-12-31": 0.295, "2016-09-30": 0, "2016-06-30": 992.205, "2016-03-31": "2.50000", "2015-12-31": 788.585, "2015-09-30": 0, "2015-06-30": -1.438, "2015-03-31": "1464.25800", "2014-12-31": -20.675, "2014-09-30": 2278.122, "2014-06-30": -59.381, "2014-03-31": "-58.44900", "2013-12-31": -415.5789, "2013-09-30": -0.008, "2013-06-30": 980, "2013-03-31": "", "2012-12-31": 0, "2012-09-30": -0.001, "2012-06-30": 0, "2012-03-31": "1000.00000", "2011-12-31": 0, "2011-09-30": 0, "2011-06-30": -0.213, "2011-03-31": "", "2010-12-31": -0.003, "2010-09-30": -122.023, "2010-06-30": -74.987, "2010-03-31": "476.61200", "2009-12-31": -75.075, "2009-09-30": -85.542, "2009-06-30": -16, "2009-03-31": "-20.50500", "2008-12-31": -74.534, "2008-09-30": -52.559, "2008-06-30": -49.85, "2008-03-31": "", "2007-12-31": 0, "2007-09-30": 0, "2007-06-30": 0, "2007-03-31": "", "2006-12-31": 45, "2006-09-30": 300, "2006-06-30": 0, "2006-03-31": "", "2005-12-31": 0, "2005-09-30": 0, "2005-06-30": 0, "2005-03-31": ""}, "Net Current Debt": {"2020-09-30": -56, "2020-06-30": 56, "2020-03-31": "", "2019-12-31": 0, "2019-09-30": -37, "2019-06-30": -213, "2019-03-31": "225.00000", "2018-12-31": 21, "2018-09-30": 1, "2018-06-30": 3, "2018-03-31": "", "2017-12-31": 0, "2017-09-30": -4.599, "2017-06-30": 4.599, "2017-03-31": "", "2016-12-31": 0, "2016-09-30": 0, "2016-06-30": -100, "2016-03-31": "100.00000", "2015-12-31": 0, "2015-09-30": 0, "2015-06-30": 0, "2015-03-31": "", "2014-12-31": 0, "2014-09-30": 0, "2014-06-30": 0, "2014-03-31": "", "2013-12-31": 0, "2013-09-30": 0, "2013-06-30": 0, "2013-03-31": "", "2012-12-31": 0, "2012-09-30": 0, "2012-06-30": 0, "2012-03-31": "", "2011-12-31": 0, "2011-09-30": 0, "2011-06-30": 0, "2011-03-31": "", "2010-12-31": 0, "2010-09-30": 0, "2010-06-30": 0, "2010-03-31": "", "2009-12-31": 0, "2009-09-30": 0, "2009-06-30": 0, "2009-03-31": "", "2008-12-31": 0, "2008-09-30": 0, "2008-06-30": 0, "2008-03-31": "", "2007-12-31": 0, "2007-09-30": 0, "2007-06-30": 0, "2007-03-31": "", "2006-12-31": 0, "2006-09-30": 0, "2006-06-30": 0, "2006-03-31": "", "2005-12-31": 0, "2005-09-30": 0, "2005-06-30": 0, "2005-03-31": ""}, "Debt Issuance/Retirement Net - Total": {"2020-09-30": -56, "2020-06-30": 2920, "2020-03-31": "", "2019-12-31": 0, "2019-09-30": -37, "2019-06-30": -213, "2019-03-31": "225.00000", "2018-12-31": 21, "2018-09-30": 1, "2018-06-30": 3, "2018-03-31": "-1487.00000", "2017-12-31": -181.259, "2017-09-30": 967.411, "2017-06-30": -78.87, "2017-03-31": "1051.71800", "2016-12-31": 0.295, "2016-09-30": 0, "2016-06-30": 892.205, "2016-03-31": "102.50000", "2015-12-31": 788.585, "2015-09-30": 0, "2015-06-30": -1.438, "2015-03-31": "1464.25800", "2014-12-31": -20.675, "2014-09-30": 2278.122, "2014-06-30": -59.381, "2014-03-31": "-58.44900", "2013-12-31": -415.5789, "2013-09-30": -0.008, "2013-06-30": 980, "2013-03-31": "", "2012-12-31": 0, "2012-09-30": -0.001, "2012-06-30": 0, "2012-03-31": "1000.00000", "2011-12-31": 0, "2011-09-30": 0, "2011-06-30": -0.213, "2011-03-31": "", "2010-12-31": -0.003, "2010-09-30": -122.023, "2010-06-30": -74.987, "2010-03-31": "476.61200", "2009-12-31": -75.075, "2009-09-30": -85.542, "2009-06-30": -16, "2009-03-31": "-20.50500", "2008-12-31": -74.534, "2008-09-30": -52.559, "2008-06-30": -49.85, "2008-03-31": "", "2007-12-31": 0, "2007-09-30": 0, "2007-06-30": 0, "2007-03-31": "", "2006-12-31": 45, "2006-09-30": 300, "2006-06-30": 0, "2006-03-31": "", "2005-12-31": 0, "2005-09-30": 0, "2005-06-30": 0, "2005-03-31": ""}, "Net Common Equity Issued/Repurchased": {"2020-09-30": -5, "2020-06-30": -13, "2020-03-31": "-1281.00000", "2019-12-31": -1347, "2019-09-30": -1349, "2019-06-30": -2718, "2019-03-31": "-2773.00000", "2018-12-31": -1861, "2018-09-30": -2205, "2018-06-30": -1187, "2018-03-31": "-718.00000", "2017-12-31": -709.201, "2017-09-30": -566.339, "2017-06-30": -344.142, "2017-03-31": "-208.31800", "2016-12-31": -254.92, "2016-09-30": -230.28, "2016-06-30": -273.896, "2016-03-31": "-236.90400", "2015-12-31": -819.743, "2015-09-30": -1274.489, "2015-06-30": -674.208, "2015-03-31": "-299.54800", "2014-12-31": -500.967, "2014-09-30": -145.382, "2014-06-30": 1.327, "2014-03-31": "-88.96700", "2013-12-31": 4.79, "2013-09-30": -446.223, "2013-06-30": -467.59, "2013-03-31": "-75.41500", "2012-12-31": -1.596, "2012-09-30": 0.733, "2012-06-30": -61.374, "2012-03-31": "-253.18000", "2011-12-31": -0.491, "2011-09-30": -3.557, "2011-06-30": -11.089, "2011-03-31": "-156.71800", "2010-12-31": -2.664, "2010-09-30": 0.944, "2010-06-30": 8.672, "2010-03-31": "-106.33500", "2009-12-31": 30.778, "2009-09-30": 1.975, "2009-06-30": 5.165, "2009-03-31": "-11.90500", "2008-12-31": 0.919, "2008-09-30": -0.164, "2008-06-30": 2.21, "2008-03-31": "-1.90700", "2007-12-31": 3.208, "2007-09-30": 5.956, "2007-06-30": 1.854, "2007-03-31": "6.16400", "2006-12-31": 24.157, "2006-09-30": -145.254, "2006-06-30": 3.865, "2006-03-31": "-4.47400", "2005-12-31": -27.439, "2005-09-30": 19.242, "2005-06-30": 1.562, "2005-03-31": "1.14300"}, "Net Total Equity Issued/Repurchased": {"2020-09-30": -5, "2020-06-30": -13, "2020-03-31": "-1281.00000", "2019-12-31": -1347, "2019-09-30": -1349, "2019-06-30": -2718, "2019-03-31": "-2773.00000", "2018-12-31": -1861, "2018-09-30": -2205, "2018-06-30": -1187, "2018-03-31": "-718.00000", "2017-12-31": -709.201, "2017-09-30": -566.339, "2017-06-30": -344.142, "2017-03-31": "-208.31800", "2016-12-31": -254.92, "2016-09-30": -230.28, "2016-06-30": -273.896, "2016-03-31": "-236.90400", "2015-12-31": -819.743, "2015-09-30": -1274.489, "2015-06-30": -674.208, "2015-03-31": "-299.54800", "2014-12-31": -500.967, "2014-09-30": -145.382, "2014-06-30": 1.327, "2014-03-31": "-88.96700", "2013-12-31": 4.79, "2013-09-30": -446.223, "2013-06-30": -467.59, "2013-03-31": "-75.41500", "2012-12-31": -1.596, "2012-09-30": 0.733, "2012-06-30": -61.374, "2012-03-31": "-253.18000", "2011-12-31": -0.491, "2011-09-30": -3.557, "2011-06-30": -11.089, "2011-03-31": "-156.71800", "2010-12-31": -2.664, "2010-09-30": 0.944, "2010-06-30": 8.672, "2010-03-31": "-106.33500", "2009-12-31": 30.778, "2009-09-30": 1.975, "2009-06-30": 5.165, "2009-03-31": "-11.90500", "2008-12-31": 0.919, "2008-09-30": -0.164, "2008-06-30": 2.21, "2008-03-31": "-1.90700", "2007-12-31": 3.208, "2007-09-30": 5.956, "2007-06-30": 1.854, "2007-03-31": "6.16400", "2006-12-31": 24.157, "2006-09-30": -145.254, "2006-06-30": 3.865, "2006-03-31": "-4.47400", "2005-12-31": -27.439, "2005-09-30": 19.242, "2005-06-30": 1.562, "2005-03-31": "1.14300"}, "Total Common And Preferred Stock Dividends Paid": {"2020-09-30": 0, "2020-06-30": 0, "2020-03-31": "", "2019-12-31": 0, "2019-09-30": 0, "2019-06-30": 0, "2019-03-31": "", "2018-12-31": 0, "2018-09-30": 0, "2018-06-30": 0, "2018-03-31": "", "2017-12-31": 0, "2017-09-30": 0, "2017-06-30": 0, "2017-03-31": "", "2016-12-31": 0, "2016-09-30": 0, "2016-06-30": 0, "2016-03-31": "", "2015-12-31": 0, "2015-09-30": 0, "2015-06-30": 0, "2015-03-31": "", "2014-12-31": 0, "2014-09-30": 0, "2014-06-30": 0, "2014-03-31": "", "2013-12-31": 0, "2013-09-30": 0, "2013-06-30": 0, "2013-03-31": "", "2012-12-31": 0, "2012-09-30": 0, "2012-06-30": 0, "2012-03-31": "", "2011-12-31": 0, "2011-09-30": 0, "2011-06-30": 0, "2011-03-31": "", "2010-12-31": 0, "2010-09-30": 0, "2010-06-30": 0, "2010-03-31": "", "2009-12-31": 0, "2009-09-30": 0, "2009-06-30": 0, "2009-03-31": "", "2008-12-31": 0, "2008-09-30": 0, "2008-06-30": 0, "2008-03-31": "", "2007-12-31": 0, "2007-09-30": 0, "2007-06-30": 0, "2007-03-31": "", "2006-12-31": 0, "2006-09-30": 0, "2006-06-30": 0, "2006-03-31": "", "2005-12-31": 0, "2005-09-30": 0, "2005-06-30": 0, "2005-03-31": ""}, "Financial Activities - Other": {"2020-09-30": 0, "2020-06-30": -33, "2020-03-31": "", "2019-12-31": 3, "2019-09-30": -3, "2019-06-30": -8, "2019-03-31": "", "2018-12-31": 1, "2018-09-30": 0, "2018-06-30": 1, "2018-03-31": "", "2017-12-31": -10, "2017-09-30": 0, "2017-06-30": 0, "2017-03-31": "", "2016-12-31": 0, "2016-09-30": 0, "2016-06-30": 0, "2016-03-31": "", "2015-12-31": -90.935, "2015-09-30": 11.759, "2015-06-30": 14.933, "2015-03-31": "49.53800", "2014-12-31": 25.468, "2014-09-30": -14.324, "2014-06-30": 6.723, "2014-03-31": "5.49900", "2013-12-31": 5.297, "2013-09-30": -5.33, "2013-06-30": 12.104, "2013-03-31": "4.44300", "2012-12-31": -7.722, "2012-09-30": -0.097, "2012-06-30": 8.379, "2012-03-31": "-16.28700", "2011-12-31": 6.045, "2011-09-30": 2.823, "2011-06-30": 2.653, "2011-03-31": "9.52000", "2010-12-31": 41.1, "2010-09-30": 2.64, "2010-06-30": 0.283, "2010-03-31": "-11.28200", "2009-12-31": 0.569, "2009-09-30": 0.238, "2009-06-30": 0.065, "2009-03-31": "1.27700", "2008-12-31": 0.496, "2008-09-30": 5.464, "2008-06-30": 0.527, "2008-03-31": "0.55000", "2007-12-31": 2.138, "2007-09-30": -0.328, "2007-06-30": 0.284, "2007-03-31": "0.16900", "2006-12-31": -5.819, "2006-09-30": -40.352, "2006-06-30": 0, "2006-03-31": "", "2005-12-31": 0, "2005-09-30": 0, "2005-06-30": 0, "2005-03-31": ""}, "Cash Flow From Financial Activities": {"2020-09-30": -61, "2020-06-30": 2874, "2020-03-31": "-1281.00000", "2019-12-31": -1344, "2019-09-30": -1389, "2019-06-30": -2939, "2019-03-31": "-2548.00000", "2018-12-31": -1839, "2018-09-30": -2204, "2018-06-30": -1183, "2018-03-31": "-2205.00000", "2017-12-31": -900.46, "2017-09-30": 401.072, "2017-06-30": -423.012, "2017-03-31": "843.40000", "2016-12-31": -254.625, "2016-09-30": -230.28, "2016-06-30": 618.309, "2016-03-31": "-134.40400", "2015-12-31": -122.093, "2015-09-30": -1262.73, "2015-06-30": -660.713, "2015-03-31": "1214.24800", "2014-12-31": -496.174, "2014-09-30": 2118.416, "2014-06-30": -51.331, "2014-03-31": "-141.91700", "2013-12-31": -405.492, "2013-09-30": -451.561, "2013-06-30": 524.514, "2013-03-31": "-70.97200", "2012-12-31": -9.318, "2012-09-30": 0.635, "2012-06-30": -52.995, "2012-03-31": "730.53300", "2011-12-31": 5.554, "2011-09-30": -0.734, "2011-06-30": -8.649, "2011-03-31": "-147.19800", "2010-12-31": 38.433, "2010-09-30": -118.439, "2010-06-30": -66.032, "2010-03-31": "358.99500", "2009-12-31": -43.728, "2009-09-30": -83.329, "2009-06-30": -10.77, "2009-03-31": "-31.13300", "2008-12-31": -73.119, "2008-09-30": -47.259, "2008-06-30": -47.113, "2008-03-31": "-1.35700", "2007-12-31": 5.346, "2007-09-30": 5.628, "2007-06-30": 2.138, "2007-03-31": "6.33300", "2006-12-31": 63.338, "2006-09-30": 114.394, "2006-06-30": 3.865, "2006-03-31": "-4.47400", "2005-12-31": -27.439, "2005-09-30": 19.242, "2005-06-30": 1.562, "2005-03-31": "1.14300"}, "Net Cash Flow": {"2020-09-30": 794, "2020-06-30": 4040, "2020-03-31": "51.00000", "2019-12-31": -153, "2019-09-30": 1209, "2019-06-30": 2922, "2019-03-31": "-291.00000", "2018-12-31": -349, "2018-09-30": -214, "2018-06-30": 563, "2018-03-31": "82.00000", "2017-12-31": -284.864, "2017-09-30": 212.498, "2017-06-30": 200.425, "2017-03-31": "352.94100", "2016-12-31": -341.055, "2016-09-30": -271.415, "2016-06-30": 836.541, "2016-03-31": "379.92900", "2015-12-31": -364.43, "2015-09-30": -47.291, "2015-06-30": -1366.865, "2015-03-31": "107.16300", "2014-12-31": -1904.706, "2014-09-30": 1539.825, "2014-06-30": 2215.749, "2014-03-31": "-1.84400", "2013-12-31": 193.9, "2013-09-30": -666.12, "2013-06-30": 151.004, "2013-03-31": "74.86100", "2012-12-31": 637.879, "2012-09-30": 85.684, "2012-06-30": -379.289, "2012-03-31": "559.23900", "2011-12-31": 211.67, "2011-09-30": -190.083, "2011-06-30": 60.175, "2011-03-31": "192.10700", "2010-12-31": -174.154, "2010-09-30": 177.086, "2010-06-30": 7.26, "2010-03-31": "146.63400", "2009-12-31": -160.332, "2009-09-30": 29.024, "2009-06-30": 42.189, "2009-03-31": "-73.29000", "2008-12-31": -48.836, "2008-09-30": -57.682, "2008-06-30": -37.167, "2008-03-31": "122.87600", "2007-12-31": -38.149, "2007-09-30": -3.013, "2007-06-30": -28.467, "2007-03-31": "31.41100", "2006-12-31": 114.907, "2006-09-30": 189.899, "2006-06-30": 36.864, "2006-03-31": "1.56600", "2005-12-31": -19.748, "2005-09-30": -18.181, "2005-06-30": 18.199, "2005-03-31": "-1.19900"}, "Stock-Based Compensation": {"2020-09-30": 85, "2020-06-30": 83, "2020-03-31": "11.00000", "2019-12-31": 80, "2019-09-30": 83, "2019-06-30": 84, "2019-03-31": "78.00000", "2018-12-31": 105, "2018-09-30": 76, "2018-06-30": 79, "2018-03-31": "71.00000", "2017-12-31": 68.452, "2017-09-30": 66.501, "2017-06-30": 66.988, "2017-03-31": "59.05900", "2016-12-31": 74.869, "2016-09-30": 54.115, "2016-06-30": 54.982, "2016-03-31": "66.03400", "2015-12-31": 75.065, "2015-09-30": 58.799, "2015-06-30": 60.736, "2015-03-31": "54.53300", "2014-12-31": 67.172, "2014-09-30": 46.969, "2014-06-30": 35.739, "2014-03-31": "39.41200", "2013-12-31": 50.288, "2013-09-30": 35.006, "2013-06-30": 34.978, "2013-03-31": "21.82600", "2012-12-31": 19.993, "2012-09-30": 17.672, "2012-06-30": 17.73, "2012-03-31": "16.64000", "2011-12-31": 25.438, "2011-09-30": 13.415, "2011-06-30": 13.231, "2011-03-31": "14.11000", "2010-12-31": 19.768, "2010-09-30": 21.254, "2010-06-30": 15.465, "2010-03-31": "11.90900", "2009-12-31": 7.944, "2009-09-30": 10.869, "2009-06-30": 11.265, "2009-03-31": "10.59300", "2008-12-31": 11.452, "2008-09-30": 10.054, "2008-06-30": 9.077, "2008-03-31": "9.93900", "2007-12-31": 5.494, "2007-09-30": 4.127, "2007-06-30": 3.466, "2007-03-31": "3.16600", "2006-12-31": 4.651, "2006-09-30": 3.543, "2006-06-30": 3.717, "2006-03-31": "3.01700", "2005-12-31": 1.195, "2005-09-30": 1.271, "2005-06-30": 0.989, "2005-03-31": "0.71400"}, "Common Stock Dividends Paid": {"2020-09-30": 0, "2020-06-30": 0, "2020-03-31": "", "2019-12-31": 0, "2019-09-30": 0, "2019-06-30": 0, "2019-03-31": "", "2018-12-31": 0, "2018-09-30": 0, "2018-06-30": 0, "2018-03-31": "", "2017-12-31": 0, "2017-09-30": 0, "2017-06-30": 0, "2017-03-31": "", "2016-12-31": 0, "2016-09-30": 0, "2016-06-30": 0, "2016-03-31": "", "2015-12-31": 0, "2015-09-30": 0, "2015-06-30": 0, "2015-03-31": "", "2014-12-31": 0, "2014-09-30": 0, "2014-06-30": 0, "2014-03-31": "", "2013-12-31": 0, "2013-09-30": 0, "2013-06-30": 0, "2013-03-31": "", "2012-12-31": 0, "2012-09-30": 0, "2012-06-30": 0, "2012-03-31": "", "2011-12-31": 0, "2011-09-30": 0, "2011-06-30": 0, "2011-03-31": "", "2010-12-31": 0, "2010-09-30": 0, "2010-06-30": 0, "2010-03-31": "", "2009-12-31": 0, "2009-09-30": 0, "2009-06-30": 0, "2009-03-31": "", "2008-12-31": 0, "2008-09-30": 0, "2008-06-30": 0, "2008-03-31": "", "2007-12-31": 0, "2007-09-30": 0, "2007-06-30": 0, "2007-03-31": "", "2006-12-31": 0, "2006-09-30": 0, "2006-06-30": 0, "2006-03-31": "", "2005-12-31": 0, "2005-09-30": 0, "2005-06-30": 0, "2005-03-31": ""}}, "financial ratios": {"Current Ratio": {"2019-12-31": "1.83250", "2018-12-31": "2.36480", "2017-12-31": "2.58290", "2016-12-31": "1.88950", "2015-12-31": "2.46870", "2014-12-31": "3.70900", "2013-12-31": "5.41410", "2012-12-31": "3.88740", "2011-12-31": "2.77340", "2010-12-31": "4.15450", "2009-12-31": "2.50250", "2008-12-31": "1.25940", "2007-12-31": "0.88220", "2006-12-31": "4.99730", "2005-12-31": "3.14980"}, "Long-term Debt / Capital": {"2019-12-31": "0.59350", "2018-12-31": "0.52770", "2017-12-31": "0.47190", "2016-12-31": "0.38700", "2015-12-31": "0.41180", "2014-12-31": "0.30860", "2013-12-31": "0.20210", "2012-12-31": "0.19380", "2011-12-31": "0.02920", "2010-12-31": "0.20800", "2009-12-31": "0.02650", "2008-12-31": "0.09700", "2007-12-31": "", "2006-12-31": "0.61110", "2005-12-31": "0.36880"}, "Debt/Equity Ratio": {"2019-12-31": "1.62630", "2018-12-31": "1.11720", "2017-12-31": "0.95680", "2016-12-31": "0.72980", "2015-12-31": "0.70020", "2014-12-31": "0.45070", "2013-12-31": "0.27530", "2012-12-31": "0.37390", "2011-12-31": "0.22340", "2010-12-31": "0.26270", "2009-12-31": "0.14820", "2008-12-31": "0.56240", "2007-12-31": "0.98390", "2006-12-31": "1.57130", "2005-12-31": "0.58440"}, "Gross Margin": {"2019-12-31": "100.00000", "2018-12-31": "100.00000", "2017-12-31": "98.09160", "2016-12-31": "96.13700", "2015-12-31": "93.14630", "2014-12-31": "89.83840", "2013-12-31": "84.14000", "2012-12-31": "77.62240", "2011-12-31": "70.71070", "2010-12-31": "61.88100", "2009-12-31": "53.92000", "2008-12-31": "50.71990", "2007-12-31": "45.36740", "2006-12-31": "35.71350", "2005-12-31": "27.82530"}, "Operating Margin": {"2019-12-31": "35.47720", "2018-12-31": "36.76600", "2017-12-31": "35.78580", "2016-12-31": "27.05020", "2015-12-31": "35.33080", "2014-12-31": "36.40510", "2013-12-31": "35.51160", "2012-12-31": "34.78060", "2011-12-31": "32.11770", "2010-12-31": "25.50470", "2009-12-31": "20.13650", "2008-12-31": "15.35830", "2007-12-31": "9.78670", "2006-12-31": "5.51920", "2005-12-31": "3.72760"}, "EBIT Margin": {"2019-12-31": "35.47720", "2018-12-31": "36.76600", "2017-12-31": "35.78580", "2016-12-31": "27.05020", "2015-12-31": "35.33080", "2014-12-31": "36.40510", "2013-12-31": "35.51160", "2012-12-31": "34.78060", "2011-12-31": "32.11770", "2010-12-31": "25.50470", "2009-12-31": "20.13650", "2008-12-31": "15.35830", "2007-12-31": "9.78670", "2006-12-31": "5.51920", "2005-12-31": "3.72760"}, "EBITDA Margin": {"2019-12-31": "38.97520", "2018-12-31": "40.10460", "2017-12-31": "39.27140", "2016-12-31": "39.40240", "2015-12-31": "39.09010", "2014-12-31": "39.57720", "2013-12-31": "38.18470", "2012-12-31": "36.87480", "2011-12-31": "33.89930", "2010-12-31": "27.90050", "2009-12-31": "22.69670", "2008-12-31": "19.19220", "2007-12-31": "14.67270", "2006-12-31": "8.79860", "2005-12-31": "6.71700"}, "Pre-Tax Profit Margin": {"2019-12-31": "39.54600", "2018-12-31": "33.28290", "2017-12-31": "34.68970", "2016-12-31": "25.25370", "2015-12-31": "33.91510", "2014-12-31": "35.41170", "2013-12-31": "33.80590", "2012-12-31": "33.48950", "2011-12-31": "31.40300", "2010-12-31": "24.19140", "2009-12-31": "18.91630", "2008-12-31": "14.64900", "2007-12-31": "8.64620", "2006-12-31": "5.84380", "2005-12-31": "3.70880"}, "Net Profit Margin": {"2019-12-31": "32.29130", "2018-12-31": "27.52120", "2017-12-31": "18.46070", "2016-12-31": "19.87340", "2015-12-31": "27.66010", "2014-12-31": "28.68710", "2013-12-31": "27.86070", "2012-12-31": "26.98300", "2011-12-31": "24.25310", "2010-12-31": "17.10070", "2009-12-31": "20.93360", "2008-12-31": "9.66920", "2007-12-31": "9.85120", "2006-12-31": "6.45880", "2005-12-31": "19.82790"}, "Asset Turnover": {"2019-12-31": "0.70400", "2018-12-31": "0.64030", "2017-12-31": "0.49830", "2016-12-31": "0.54150", "2015-12-31": "0.52950", "2014-12-31": "0.57150", "2013-12-31": "0.65040", "2012-12-31": "0.80080", "2011-12-31": "1.09690", "2010-12-31": "1.06160", "2009-12-31": "1.27480", "2008-12-31": "1.43610", "2007-12-31": "1.04330", "2006-12-31": "1.01580", "2005-12-31": "1.27670"}, "Inventory Turnover Ratio": {"2019-12-31": "", "2018-12-31": "", "2017-12-31": "", "2016-12-31": "", "2015-12-31": "", "2014-12-31": "", "2013-12-31": "", "2012-12-31": "", "2011-12-31": "", "2010-12-31": "", "2009-12-31": "", "2008-12-31": "", "2007-12-31": "", "2006-12-31": "", "2005-12-31": ""}, "Receiveable Turnover": {"2019-12-31": "8.96790", "2018-12-31": "9.53840", "2017-12-31": "10.41130", "2016-12-31": "12.49020", "2015-12-31": "14.29700", "2014-12-31": "13.11080", "2013-12-31": "12.67500", "2012-12-31": "14.31510", "2011-12-31": "16.47030", "2010-12-31": "18.99270", "2009-12-31": "19.70530", "2008-12-31": "20.41420", "2007-12-31": "19.93170", "2006-12-31": "23.13960", "2005-12-31": "32.04270"}, "Days Sales In Receivables": {"2019-12-31": "40.70090", "2018-12-31": "38.26630", "2017-12-31": "35.05800", "2016-12-31": "29.22290", "2015-12-31": "25.52980", "2014-12-31": "27.83960", "2013-12-31": "28.79690", "2012-12-31": "25.49760", "2011-12-31": "22.16120", "2010-12-31": "19.21790", "2009-12-31": "18.52290", "2008-12-31": "17.87970", "2007-12-31": "18.31260", "2006-12-31": "15.77380", "2005-12-31": "11.39100"}, "ROE - Return On Equity": {"2019-12-31": "81.99900", "2018-12-31": "45.50940", "2017-12-31": "20.78860", "2016-12-31": "21.74100", "2015-12-31": "29.00770", "2014-12-31": "28.26940", "2013-12-31": "27.39320", "2012-12-31": "36.54210", "2011-12-31": "41.14260", "2010-12-31": "29.12540", "2009-12-31": "37.03550", "2008-12-31": "26.56230", "2007-12-31": "25.05180", "2006-12-31": "21.36410", "2005-12-31": "52.22000"}, "Return On Tangible Equity": {"2019-12-31": "456.37900", "2018-12-31": "106.61330", "2017-12-31": "36.88940", "2016-12-31": "39.32330", "2015-12-31": "78.43260", "2014-12-31": "83.35190", "2013-12-31": "45.92130", "2012-12-31": "44.97640", "2011-12-31": "56.65740", "2010-12-31": "49.34010", "2009-12-31": "61.26680", "2008-12-31": "103.85840", "2007-12-31": "132.85440", "2006-12-31": "-422.95620", "2005-12-31": "559.46170"}, "ROA - Return On Assets": {"2019-12-31": "22.73150", "2018-12-31": "17.62240", "2017-12-31": "9.19810", "2016-12-31": "10.76170", "2015-12-31": "14.64570", "2014-12-31": "16.39540", "2013-12-31": "18.12250", "2012-12-31": "21.67570", "2011-12-31": "26.67390", "2010-12-31": "18.17450", "2009-12-31": "26.68550", "2008-12-31": "14.14360", "2007-12-31": "10.73960", "2006-12-31": "6.73510", "2005-12-31": "25.55990"}, "ROI - Return On Investment": {"2019-12-31": "33.33560", "2018-12-31": "21.49460", "2017-12-31": "10.97770", "2016-12-31": "13.32780", "2015-12-31": "17.06150", "2014-12-31": "19.54460", "2013-12-31": "21.85600", "2012-12-31": "29.46110", "2011-12-31": "39.94230", "2010-12-31": "23.06700", "2009-12-31": "36.05380", "2008-12-31": "23.98550", "2007-12-31": "25.05190", "2006-12-31": "7.99940", "2005-12-31": "31.79870"}, "Book Value Per Share": {"2019-12-31": "143.25040", "2018-12-31": "192.51840", "2017-12-31": "232.31970", "2016-12-31": "199.64510", "2015-12-31": "177.28510", "2014-12-31": "164.95670", "2013-12-31": "132.85900", "2012-12-31": "78.14110", "2011-12-31": "51.69370", "2010-12-31": "36.89690", "2009-12-31": "28.99520", "2008-12-31": "17.05290", "2007-12-31": "15.05310", "2006-12-31": "9.88790", "2005-12-31": "9.63600"}, "Operating Cash Flow Per Share": {"2019-12-31": 0.6469, "2018-12-31": 17.8431, "2017-12-31": 13.7462, "2016-12-31": 17.4875, "2015-12-31": 7.1274, "2014-12-31": 11.0552, "2013-12-31": 9.1173, "2012-12-31": 8.5907, "2011-12-31": 10.9569, "2010-12-31": 4.953, "2009-12-31": 3.8083, "2008-12-31": 3.0548, "2007-12-31": 0.9224, "2006-12-31": 1.1572, "2005-12-31": 1.349}, "Free Cash Flow Per Share": {"2019-12-31": 1.394, "2018-12-31": 14.4033, "2017-12-31": 12.3753, "2016-12-31": 16.464, "2015-12-31": 6.2367, "2014-12-31": 10.1861, "2013-12-31": 8.5808, "2012-12-31": 8.4306, "2011-12-31": 10.4855, "2010-12-31": 4.8149, "2009-12-31": 3.8798, "2008-12-31": 3.0288, "2007-12-31": 0.8593, "2006-12-31": 1.1073, "2005-12-31": 1.1115}}, "financial ratios, quarterly": {"Current Ratio": {"2020-09-30": "3.17110", "2020-06-30": "2.92990", "2020-03-31": "2.23890", "2019-12-31": "1.83250", "2019-09-30": "1.81910", "2019-06-30": "1.57820", "2019-03-31": "1.26920", "2018-12-31": "2.36480", "2018-09-30": "2.40900", "2018-06-30": "1.92120", "2018-03-31": "2.13720", "2017-12-31": "2.58290", "2017-09-30": "2.51760", "2017-06-30": "2.20190", "2017-03-31": "2.15130", "2016-12-31": "1.88950", "2016-09-30": "2.00740", "2016-06-30": "2.67670", "2016-03-31": "2.44760", "2015-12-31": "2.46870", "2015-09-30": "2.71600", "2015-06-30": "2.43040", "2015-03-31": "3.50360", "2014-12-31": "3.70900", "2014-09-30": "4.59610", "2014-06-30": "5.64520", "2014-03-31": "5.48990", "2013-12-31": "5.41410", "2013-09-30": "4.10170", "2013-06-30": "3.90990", "2013-03-31": "3.75650", "2012-12-31": "3.88740", "2012-09-30": "3.63690", "2012-06-30": "3.35010", "2012-03-31": "3.25760", "2011-12-31": "2.77340", "2011-09-30": "2.43970", "2011-06-30": "2.11010", "2011-03-31": "1.93770", "2010-12-31": "4.15450", "2010-09-30": "3.63410", "2010-06-30": "3.34430", "2010-03-31": "4.29750", "2009-12-31": "2.50250", "2009-09-30": "1.98990", "2009-06-30": "1.53640", "2009-03-31": "1.30770", "2008-12-31": "1.25940", "2008-09-30": "0.97370", "2008-06-30": "1.01510", "2008-03-31": "0.95090", "2007-12-31": "0.88220", "2007-09-30": "0.82760", "2007-06-30": "0.80180", "2007-03-31": "0.75900", "2006-12-31": "4.99730", "2006-09-30": "4.19430", "2006-06-30": "2.76540", "2006-03-31": "2.76300", "2005-12-31": "3.14980", "2005-09-30": "2.62050", "2005-06-30": "3.41040", "2005-03-31": "3.29470"}, "Long-term Debt / Capital": {"2020-09-30": "0.70520", "2020-06-30": "0.74290", "2020-03-31": "0.69130", "2019-12-31": "0.59350", "2019-09-30": "0.58930", "2019-06-30": "0.62240", "2019-03-31": "0.55960", "2018-12-31": "0.52770", "2018-09-30": "0.49740", "2018-06-30": "0.46090", "2018-03-31": "0.46630", "2017-12-31": "0.47190", "2017-09-30": "0.40420", "2017-06-30": "0.39540", "2017-03-31": "0.40340", "2016-12-31": "0.38700", "2016-09-30": "0.39430", "2016-06-30": "0.43890", "2016-03-31": "0.41120", "2015-12-31": "0.41180", "2015-09-30": "0.38870", "2015-06-30": "0.38690", "2015-03-31": "0.38070", "2014-12-31": "0.30860", "2014-09-30": "0.30810", "2014-06-30": "0.18410", "2014-03-31": "0.19600", "2013-12-31": "0.20210", "2013-09-30": "0.21650", "2013-06-30": "0.23130", "2013-03-31": "0.19000", "2012-12-31": "0.19380", "2012-09-30": "0.20760", "2012-06-30": "0.24260", "2012-03-31": "0.26580", "2011-12-31": "0.02920", "2011-09-30": "0.03350", "2011-06-30": "0.04250", "2011-03-31": "0.05150", "2010-12-31": "0.20800", "2010-09-30": "0.22350", "2010-06-30": "0.25510", "2010-03-31": "0.26720", "2009-12-31": "0.02650", "2009-09-30": "0.04010", "2009-06-30": "0.06470", "2009-03-31": "0.08570", "2008-12-31": "0.09700", "2008-09-30": "", "2008-06-30": "", "2008-03-31": "", "2007-12-31": "", "2007-09-30": "", "2007-06-30": "", "2007-03-31": "", "2006-12-31": "0.61110", "2006-09-30": "0.61310", "2006-06-30": "0.34600", "2006-03-31": "0.36670", "2005-12-31": "0.36880", "2005-09-30": "0.36280", "2005-06-30": "0.50180", "2005-03-31": "0.50740"}, "Debt/Equity Ratio": {"2020-09-30": "2.59090", "2020-06-30": "3.13280", "2020-03-31": "2.49880", "2019-12-31": "1.62630", "2019-09-30": "1.59990", "2019-06-30": "1.83230", "2019-03-31": "1.41040", "2018-12-31": "1.11720", "2018-09-30": "0.98960", "2018-06-30": "0.94560", "2018-03-31": "0.96220", "2017-12-31": "0.95680", "2017-09-30": "0.74830", "2017-06-30": "0.73160", "2017-03-31": "0.76620", "2016-12-31": "0.72980", "2016-09-30": "0.74910", "2016-06-30": "0.78230", "2016-03-31": "0.69830", "2015-12-31": "0.70020", "2015-09-30": "0.63580", "2015-06-30": "0.63100", "2015-03-31": "0.61460", "2014-12-31": "0.45070", "2014-09-30": "0.44950", "2014-06-30": "0.23100", "2014-03-31": "0.25730", "2013-12-31": "0.27530", "2013-09-30": "0.36050", "2013-06-30": "0.39180", "2013-03-31": "0.36640", "2012-12-31": "0.37390", "2012-09-30": "0.40580", "2012-06-30": "0.49410", "2012-03-31": "0.55620", "2011-12-31": "0.22340", "2011-09-30": "0.24060", "2011-06-30": "0.28900", "2011-03-31": "0.33360", "2010-12-31": "0.26270", "2010-09-30": "0.28790", "2010-06-30": "0.37270", "2010-03-31": "0.42420", "2009-12-31": "0.14820", "2009-09-30": "0.22550", "2009-06-30": "0.42060", "2009-03-31": "0.52860", "2008-12-31": "0.56240", "2008-09-30": "0.64180", "2008-06-30": "0.74680", "2008-03-31": "0.90630", "2007-12-31": "0.98390", "2007-09-30": "1.06470", "2007-06-30": "1.40460", "2007-03-31": "1.58180", "2006-12-31": "1.57130", "2006-09-30": "1.58450", "2006-06-30": "0.52910", "2006-03-31": "0.57920", "2005-12-31": "0.58440", "2005-09-30": "0.56950", "2005-06-30": "1.00720", "2005-03-31": "1.03010"}, "Gross Margin": {"2020-09-30": "100.00000", "2020-06-30": "100.00000", "2020-03-31": "100.00000", "2019-12-31": "100.00000", "2019-09-30": "100.00000", "2019-06-30": "100.00000", "2019-03-31": "100.00000", "2018-12-31": "100.00000", "2018-09-30": "100.00000", "2018-06-30": "100.00000", "2018-03-31": "100.00000", "2017-12-31": "98.57320", "2017-09-30": "98.77810", "2017-06-30": "97.77080", "2017-03-31": "96.67680", "2016-12-31": "97.49800", "2016-09-30": "97.25000", "2016-06-30": "95.06700", "2016-03-31": "94.01020", "2015-12-31": "93.96930", "2015-09-30": "94.98470", "2015-06-30": "91.77810", "2015-03-31": "90.84810", "2014-12-31": "91.01070", "2014-09-30": "92.36670", "2014-06-30": "88.67100", "2014-03-31": "85.66630", "2013-12-31": "86.51320", "2013-09-30": "87.62780", "2013-06-30": "82.36070", "2013-03-31": "77.54650", "2012-12-31": "78.92810", "2012-09-30": "81.84330", "2012-06-30": "75.68380", "2012-03-31": "71.65970", "2011-12-31": "73.14480", "2011-09-30": "75.72580", "2011-06-30": "67.94380", "2011-03-31": "62.49790", "2010-12-31": "65.41800", "2010-09-30": "66.50200", "2010-06-30": "58.01830", "2010-03-31": "54.60630", "2009-12-31": "57.81030", "2009-09-30": "59.39920", "2009-06-30": "50.55780", "2009-03-31": "45.08740", "2008-12-31": "50.50350", "2008-09-30": "56.28080", "2008-06-30": "49.36520", "2008-03-31": "44.91870", "2007-12-31": "47.82780", "2007-09-30": "48.48730", "2007-06-30": "44.17530", "2007-03-31": "39.72180", "2006-12-31": "38.26530", "2006-09-30": "39.41310", "2006-06-30": "34.39090", "2006-03-31": "29.85810", "2005-12-31": "31.83700", "2005-09-30": "30.91300", "2005-06-30": "24.47280", "2005-03-31": "24.72540"}, "Operating Margin": {"2020-09-30": "11.93180", "2020-06-30": "-76.82540", "2020-03-31": "-13.50520", "2019-12-31": "35.10030", "2019-09-30": "47.02380", "2019-06-30": "32.38960", "2019-03-31": "19.59820", "2018-12-31": "35.57420", "2018-09-30": "46.33950", "2018-06-30": "34.52080", "2018-03-31": "24.93170", "2017-12-31": "35.19350", "2017-09-30": "47.40160", "2017-06-30": "29.53360", "2017-03-31": "23.00000", "2016-12-31": "33.64160", "2016-09-30": "22.57730", "2016-06-30": "28.65550", "2016-03-31": "25.61860", "2015-12-31": "32.89510", "2015-09-30": "47.97790", "2015-06-30": "29.74620", "2015-03-31": "23.57640", "2014-12-31": "31.45850", "2014-09-30": "46.63160", "2014-06-30": "34.51790", "2014-03-31": "26.72220", "2013-12-31": "32.49820", "2013-09-30": "46.12080", "2013-06-30": "33.02100", "2013-03-31": "23.79690", "2012-12-31": "31.43810", "2012-09-30": "44.28220", "2012-06-30": "34.54700", "2012-03-31": "23.28580", "2011-12-31": "30.66070", "2011-09-30": "42.42680", "2011-06-30": "29.44620", "2011-03-31": "19.03560", "2010-12-31": "25.83840", "2010-09-30": "33.61780", "2010-06-30": "22.56320", "2010-03-31": "15.04280", "2009-12-31": "21.75590", "2009-09-30": "27.47580", "2009-06-30": "18.11620", "2009-03-31": "9.27200", "2008-12-31": "12.02660", "2008-09-30": "22.77780", "2008-06-30": "15.75050", "2008-03-31": "7.87860", "2007-12-31": "13.14370", "2007-09-30": "18.71230", "2007-06-30": "13.36800", "2007-03-31": "-10.52960", "2006-12-31": "4.83560", "2006-09-30": "10.08150", "2006-06-30": "6.18790", "2006-03-31": "-0.50800", "2005-12-31": "2.95950", "2005-09-30": "4.98150", "2005-06-30": "4.42310", "2005-03-31": "2.21390"}, "EBIT Margin": {"2020-09-30": "11.93180", "2020-06-30": "-76.82540", "2020-03-31": "-13.50520", "2019-12-31": "35.10030", "2019-09-30": "47.02380", "2019-06-30": "32.38960", "2019-03-31": "19.59820", "2018-12-31": "35.57420", "2018-09-30": "46.33950", "2018-06-30": "34.52080", "2018-03-31": "24.93170", "2017-12-31": "35.19350", "2017-09-30": "47.40160", "2017-06-30": "29.53360", "2017-03-31": "23.00000", "2016-12-31": "33.64160", "2016-09-30": "22.57730", "2016-06-30": "28.65550", "2016-03-31": "25.61860", "2015-12-31": "32.89510", "2015-09-30": "47.97790", "2015-06-30": "29.74620", "2015-03-31": "23.57640", "2014-12-31": "31.45850", "2014-09-30": "46.63160", "2014-06-30": "34.51790", "2014-03-31": "26.72220", "2013-12-31": "32.49820", "2013-09-30": "46.12080", "2013-06-30": "33.02100", "2013-03-31": "23.79690", "2012-12-31": "31.43810", "2012-09-30": "44.28220", "2012-06-30": "34.54700", "2012-03-31": "23.28580", "2011-12-31": "30.66070", "2011-09-30": "42.42680", "2011-06-30": "29.44620", "2011-03-31": "19.03560", "2010-12-31": "25.83840", "2010-09-30": "33.61780", "2010-06-30": "22.56320", "2010-03-31": "15.04280", "2009-12-31": "21.75590", "2009-09-30": "27.47580", "2009-06-30": "18.11620", "2009-03-31": "9.27200", "2008-12-31": "12.02660", "2008-09-30": "22.77780", "2008-06-30": "15.75050", "2008-03-31": "7.87860", "2007-12-31": "13.14370", "2007-09-30": "18.71230", "2007-06-30": "13.36800", "2007-03-31": "-10.52960", "2006-12-31": "4.83560", "2006-09-30": "10.08150", "2006-06-30": "6.18790", "2006-03-31": "-0.50800", "2005-12-31": "2.95950", "2005-09-30": "4.98150", "2005-06-30": "4.42310", "2005-03-31": "2.21390"}, "EBITDA Margin": {"2020-09-30": "", "2020-06-30": "", "2020-03-31": "", "2019-12-31": "", "2019-09-30": "", "2019-06-30": "", "2019-03-31": "", "2018-12-31": "", "2018-09-30": "", "2018-06-30": "", "2018-03-31": "", "2017-12-31": "", "2017-09-30": "", "2017-06-30": "", "2017-03-31": "", "2016-12-31": "", "2016-09-30": "", "2016-06-30": "", "2016-03-31": "", "2015-12-31": "", "2015-09-30": "", "2015-06-30": "", "2015-03-31": "", "2014-12-31": "", "2014-09-30": "", "2014-06-30": "", "2014-03-31": "", "2013-12-31": "", "2013-09-30": "", "2013-06-30": "", "2013-03-31": "", "2012-12-31": "", "2012-09-30": "", "2012-06-30": "", "2012-03-31": "", "2011-12-31": "", "2011-09-30": "", "2011-06-30": "", "2011-03-31": "", "2010-12-31": "", "2010-09-30": "", "2010-06-30": "", "2010-03-31": "", "2009-12-31": "", "2009-09-30": "", "2009-06-30": "", "2009-03-31": "", "2008-12-31": "", "2008-09-30": "", "2008-06-30": "", "2008-03-31": "", "2007-12-31": "", "2007-09-30": "", "2007-06-30": "", "2007-03-31": "", "2006-12-31": "", "2006-09-30": "", "2006-06-30": "", "2006-03-31": "", "2005-12-31": "", "2005-09-30": "", "2005-06-30": "", "2005-03-31": ""}, "Pre-Tax Profit Margin": {"2020-09-30": "31.62880", "2020-06-30": "33.17460", "2020-03-31": "-31.55590", "2019-12-31": "42.52770", "2019-09-30": "46.88490", "2019-06-30": "31.35070", "2019-03-31": "34.12060", "2018-12-31": "19.67010", "2018-09-30": "46.19510", "2018-06-30": "34.20980", "2018-03-31": "25.71720", "2017-12-31": "33.58630", "2017-09-30": "46.61330", "2017-06-30": "28.53700", "2017-03-31": "21.80740", "2016-12-31": "32.46540", "2016-09-30": "21.61020", "2016-06-30": "27.09600", "2016-03-31": "21.43700", "2015-12-31": "30.82660", "2015-09-30": "46.92930", "2015-06-30": "28.43260", "2015-03-31": "22.12440", "2014-12-31": "30.00070", "2014-09-30": "46.02820", "2014-06-30": "33.70570", "2014-03-31": "25.34120", "2013-12-31": "29.21110", "2013-09-30": "44.95130", "2013-06-30": "31.87390", "2013-03-31": "22.30720", "2012-12-31": "29.90170", "2012-09-30": "42.85120", "2012-06-30": "33.59160", "2012-03-31": "22.07720", "2011-12-31": "30.14410", "2011-09-30": "42.11530", "2011-06-30": "28.71010", "2011-03-31": "17.38400", "2010-12-31": "24.73700", "2010-09-30": "31.81200", "2010-06-30": "21.61360", "2010-03-31": "13.83110", "2009-12-31": "19.96100", "2009-09-30": "26.56430", "2009-06-30": "16.47610", "2009-03-31": "8.78570", "2008-12-31": "13.33730", "2008-09-30": "22.58350", "2008-06-30": "14.46120", "2008-03-31": "5.15700", "2007-12-31": "5.07180", "2007-09-30": "19.22510", "2007-06-30": "14.29410", "2007-03-31": "-8.69840", "2006-12-31": "5.63650", "2006-09-30": "10.53760", "2006-06-30": "6.17000", "2006-03-31": "-0.43030", "2005-12-31": "2.90270", "2005-09-30": "4.89650", "2005-06-30": "4.65190", "2005-03-31": "2.01890"}, "Net Profit Margin": {"2020-09-30": "30.34090", "2020-06-30": "19.36510", "2020-03-31": "-30.55070", "2019-12-31": "35.07040", "2019-09-30": "38.69050", "2019-06-30": "25.42860", "2019-03-31": "26.96510", "2018-12-31": "20.10580", "2018-09-30": "36.44050", "2018-06-30": "27.65060", "2018-03-31": "20.73090", "2017-12-31": "-19.80810", "2017-09-30": "38.79970", "2017-06-30": "23.81210", "2017-03-31": "18.83200", "2016-12-31": "28.69670", "2016-09-30": "13.71120", "2016-06-30": "22.71750", "2016-03-31": "17.43030", "2015-12-31": "25.21350", "2015-09-30": "38.56820", "2015-06-30": "22.67290", "2015-03-31": "18.10880", "2014-12-31": "24.55470", "2014-09-30": "37.44950", "2014-06-30": "27.14530", "2014-03-31": "20.17410", "2013-12-31": "24.53210", "2013-09-30": "36.69710", "2013-06-30": "26.02760", "2013-03-31": "18.76100", "2012-12-31": "24.24440", "2012-09-30": "34.96350", "2012-06-30": "26.55700", "2012-03-31": "17.54360", "2011-12-31": "22.78170", "2011-09-30": "32.31680", "2011-06-30": "23.24880", "2011-03-31": "12.94790", "2010-12-31": "18.55960", "2010-09-30": "22.25890", "2010-06-30": "14.97930", "2010-03-31": "9.21900", "2009-12-31": "14.48190", "2009-09-30": "43.65670", "2009-06-30": "11.09930", "2009-03-31": "5.41560", "2008-12-31": "8.40950", "2008-09-30": "15.04360", "2008-06-30": "9.69660", "2008-03-31": "3.41680", "2007-12-31": "4.83110", "2007-09-30": "25.01040", "2007-06-30": "9.71450", "2007-03-31": "-5.39870", "2006-12-31": "5.08780", "2006-09-30": "15.23410", "2006-06-30": "4.06860", "2006-03-31": "-0.39850", "2005-12-31": "1.85910", "2005-09-30": "65.91810", "2005-06-30": "4.64290", "2005-03-31": "1.76270"}, "Asset Turnover": {"2020-09-30": "0.11920", "2020-06-30": "0.03010", "2020-03-31": "0.12810", "2019-12-31": "0.15600", "2019-09-30": "0.23500", "2019-06-30": "0.17910", "2019-03-31": "0.12680", "2018-12-31": "0.14160", "2018-09-30": "0.19900", "2018-06-30": "0.13980", "2018-03-31": "0.11700", "2017-12-31": "0.11010", "2017-09-30": "0.17190", "2017-06-30": "0.12890", "2017-03-31": "0.11000", "2016-12-31": "0.11840", "2016-09-30": "0.18420", "2016-06-30": "0.12980", "2016-03-31": "0.11720", "2015-12-31": "0.11480", "2015-09-30": "0.18680", "2015-06-30": "0.13390", "2015-03-31": "0.10930", "2014-12-31": "0.12460", "2014-09-30": "0.18680", "2014-06-30": "0.18310", "2014-03-31": "0.15180", "2013-12-31": "0.14760", "2013-09-30": "0.21730", "2013-06-30": "0.17030", "2013-03-31": "0.18990", "2012-12-31": "0.18120", "2012-09-30": "0.27440", "2012-06-30": "0.24440", "2012-03-31": "0.20370", "2011-12-31": "0.24950", "2011-09-30": "0.38080", "2011-06-30": "0.32820", "2011-03-31": "0.26400", "2010-12-31": "0.25170", "2010-09-30": "0.36470", "2010-06-30": "0.31380", "2010-03-31": "0.26540", "2009-12-31": "0.29540", "2009-09-30": "0.40660", "2009-06-30": "0.40460", "2009-03-31": "0.34790", "2008-12-31": "0.30940", "2008-09-30": "0.38570", "2008-06-30": "0.34460", "2008-03-31": "0.28230", "2007-12-31": "0.24790", "2007-09-30": "0.30440", "2007-06-30": "0.30480", "2007-03-31": "0.25850", "2006-12-31": "0.23520", "2006-09-30": "0.30300", "2006-06-30": "0.37150", "2006-03-31": "0.31280", "2005-12-31": "0.27040", "2005-09-30": "0.33360", "2005-06-30": "0.46990", "2005-03-31": "0.41690"}, "Inventory Turnover Ratio": {"2020-09-30": "", "2020-06-30": "", "2020-03-31": "", "2019-12-31": "", "2019-09-30": "", "2019-06-30": "", "2019-03-31": "", "2018-12-31": "", "2018-09-30": "", "2018-06-30": "", "2018-03-31": "", "2017-12-31": "", "2017-09-30": "", "2017-06-30": "", "2017-03-31": "", "2016-12-31": "", "2016-09-30": "", "2016-06-30": "", "2016-03-31": "", "2015-12-31": "", "2015-09-30": "", "2015-06-30": "", "2015-03-31": "", "2014-12-31": "", "2014-09-30": "", "2014-06-30": "", "2014-03-31": "", "2013-12-31": "", "2013-09-30": "", "2013-06-30": "", "2013-03-31": "", "2012-12-31": "", "2012-09-30": "", "2012-06-30": "", "2012-03-31": "", "2011-12-31": "", "2011-09-30": "", "2011-06-30": "", "2011-03-31": "", "2010-12-31": "", "2010-09-30": "", "2010-06-30": "", "2010-03-31": "", "2009-12-31": "", "2009-09-30": "", "2009-06-30": "", "2009-03-31": "", "2008-12-31": "", "2008-09-30": "", "2008-06-30": "", "2008-03-31": "", "2007-12-31": "", "2007-09-30": "", "2007-06-30": "", "2007-03-31": "", "2006-12-31": "", "2006-09-30": "", "2006-06-30": "", "2006-03-31": "", "2005-12-31": "", "2005-09-30": "", "2005-06-30": "", "2005-03-31": ""}, "Receiveable Turnover": {"2020-09-30": "3.07330", "2020-06-30": "1.11310", "2020-03-31": "3.43030", "2019-12-31": "1.98750", "2019-09-30": "2.81880", "2019-06-30": "1.95130", "2019-03-31": "1.90280", "2018-12-31": "2.10970", "2018-09-30": "2.82070", "2018-06-30": "2.06230", "2018-03-31": "1.91330", "2017-12-31": "2.30130", "2017-09-30": "3.08400", "2017-06-30": "2.45780", "2017-03-31": "2.58970", "2016-12-31": "2.73040", "2016-09-30": "3.33960", "2016-06-30": "2.60010", "2016-03-31": "2.50610", "2015-12-31": "3.10000", "2015-09-30": "3.48430", "2015-06-30": "2.56260", "2015-03-31": "2.60440", "2014-12-31": "2.85780", "2014-09-30": "3.36250", "2014-06-30": "2.52470", "2014-03-31": "2.61780", "2013-12-31": "2.87550", "2013-09-30": "3.21410", "2013-06-30": "2.58800", "2013-03-31": "2.75960", "2012-12-31": "3.23970", "2012-09-30": "3.45560", "2012-06-30": "3.08890", "2012-03-31": "3.19580", "2011-12-31": "3.74650", "2011-09-30": "4.20690", "2011-06-30": "3.43140", "2011-03-31": "3.64590", "2010-12-31": "4.50250", "2010-09-30": "4.02400", "2010-06-30": "3.68860", "2010-03-31": "4.41060", "2009-12-31": "4.56560", "2009-09-30": "4.30140", "2009-06-30": "4.02370", "2009-03-31": "4.41120", "2008-12-31": "4.39780", "2008-09-30": "4.04400", "2008-06-30": "3.87840", "2008-03-31": "4.14530", "2007-12-31": "4.73540", "2007-09-30": "4.02950", "2007-06-30": "4.63200", "2007-03-31": "5.78100", "2006-12-31": "5.35830", "2006-09-30": "5.35140", "2006-06-30": "5.80200", "2006-03-31": "7.15280", "2005-12-31": "6.78740", "2005-09-30": "7.14910", "2005-06-30": "8.37940", "2005-03-31": "9.00610"}, "Days Sales In Receivables": {"2020-09-30": "29.28410", "2020-06-30": "80.85720", "2020-03-31": "26.23690", "2019-12-31": "45.28300", "2019-09-30": "31.92860", "2019-06-30": "46.12210", "2019-03-31": "47.30000", "2018-12-31": "42.66110", "2018-09-30": "31.90660", "2018-06-30": "43.64010", "2018-03-31": "47.03860", "2017-12-31": "39.10790", "2017-09-30": "29.18310", "2017-06-30": "36.61830", "2017-03-31": "34.75350", "2016-12-31": "32.96260", "2016-09-30": "26.94930", "2016-06-30": "34.61380", "2016-03-31": "35.91170", "2015-12-31": "29.03270", "2015-09-30": "25.83000", "2015-06-30": "35.12030", "2015-03-31": "34.55750", "2014-12-31": "31.49320", "2014-09-30": "26.76560", "2014-06-30": "35.64840", "2014-03-31": "34.37950", "2013-12-31": "31.29900", "2013-09-30": "28.00170", "2013-06-30": "34.77630", "2013-03-31": "32.61310", "2012-12-31": "27.78010", "2012-09-30": "26.04450", "2012-06-30": "29.13630", "2012-03-31": "28.16160", "2011-12-31": "24.02250", "2011-09-30": "21.39350", "2011-06-30": "26.22820", "2011-03-31": "24.68490", "2010-12-31": "19.98910", "2010-09-30": "22.36580", "2010-06-30": "24.39940", "2010-03-31": "20.40530", "2009-12-31": "19.71250", "2009-09-30": "20.92320", "2009-06-30": "22.36730", "2009-03-31": "20.40270", "2008-12-31": "20.46470", "2008-09-30": "22.25530", "2008-06-30": "23.20550", "2008-03-31": "21.71110", "2007-12-31": "19.00560", "2007-09-30": "22.33530", "2007-06-30": "19.43010", "2007-03-31": "15.56810", "2006-12-31": "16.79630", "2006-09-30": "16.81810", "2006-06-30": "15.51190", "2006-03-31": "12.58250", "2005-12-31": "13.25990", "2005-09-30": "12.58900", "2005-06-30": "10.74060", "2005-03-31": "9.99330"}, "ROE - Return On Equity": {"2020-09-30": "16.30370", "2020-06-30": "3.05080", "2020-03-31": "-18.24590", "2019-12-31": "19.73710", "2019-09-30": "32.76760", "2019-06-30": "18.44730", "2019-03-31": "11.06290", "2018-12-31": "7.35340", "2018-09-30": "17.75560", "2018-06-30": "9.33860", "2018-03-31": "5.70680", "2017-12-31": "-4.93050", "2017-09-30": "13.36020", "2017-06-30": "6.21420", "2017-03-31": "4.21440", "2016-12-31": "6.86260", "2016-09-30": "5.16210", "2016-06-30": "6.26040", "2016-03-31": "4.13620", "2015-12-31": "5.73330", "2015-09-30": "14.03500", "2015-06-30": "6.04150", "2015-03-31": "3.86240", "2014-12-31": "5.27430", "2014-09-30": "12.16350", "2014-06-30": "7.36770", "2014-03-31": "4.59420", "2013-12-31": "5.47170", "2013-09-30": "13.02230", "2013-06-30": "7.46780", "2013-03-31": "6.12130", "2012-12-31": "7.43130", "2012-09-30": "16.76900", "2012-06-30": "12.04510", "2012-03-31": "7.01540", "2011-12-31": "8.77740", "2011-09-30": "19.78360", "2011-06-30": "12.88070", "2011-03-31": "6.03180", "2010-12-31": "7.45100", "2010-09-30": "13.71780", "2010-06-30": "8.27720", "2010-03-31": "4.09190", "2009-12-31": "5.93630", "2009-09-30": "26.54370", "2009-06-30": "7.90740", "2009-03-31": "3.55100", "2008-12-31": "4.88620", "2008-09-30": "11.84610", "2008-06-30": "7.32210", "2008-03-31": "2.25710", "2007-12-31": "3.60140", "2007-09-30": "19.51250", "2007-06-30": "8.53200", "2007-03-31": "-4.09110", "2006-12-31": "3.79590", "2006-09-30": "15.39730", "2006-06-30": "3.06420", "2006-03-31": "-0.02660", "2005-12-31": "1.02720", "2005-09-30": "45.25530", "2005-06-30": "5.91650", "2005-03-31": "2.45210"}, "Return On Tangible Equity": {"2020-09-30": "66.19840", "2020-06-30": "-43.88490", "2020-03-31": "152.95410", "2019-12-31": "109.84990", "2019-09-30": "180.38850", "2019-06-30": "278.91740", "2019-03-31": "39.63730", "2018-12-31": "17.22670", "2018-09-30": "35.41500", "2018-06-30": "17.91380", "2018-03-31": "10.57220", "2017-12-31": "-8.74920", "2017-09-30": "21.69210", "2017-06-30": "9.92530", "2017-03-31": "7.05660", "2016-12-31": "12.41260", "2016-09-30": "9.46530", "2016-06-30": "15.15240", "2016-03-31": "10.56050", "2015-12-31": "15.50200", "2015-09-30": "40.74700", "2015-06-30": "17.55660", "2015-03-31": "11.03730", "2014-12-31": "15.55110", "2014-09-30": "34.54760", "2014-06-30": "11.66540", "2014-03-31": "7.46060", "2013-12-31": "9.17260", "2013-09-30": "23.16070", "2013-06-30": "14.26170", "2013-03-31": "7.40860", "2012-12-31": "9.14650", "2012-09-30": "20.92210", "2012-06-30": "15.86090", "2012-03-31": "9.77520", "2011-12-31": "12.08730", "2011-09-30": "28.32580", "2011-06-30": "20.81610", "2011-03-31": "10.78370", "2010-12-31": "12.62230", "2010-09-30": "23.88590", "2010-06-30": "15.88050", "2010-03-31": "6.52030", "2009-12-31": "9.82030", "2009-09-30": "47.47110", "2009-06-30": "21.12650", "2009-03-31": "11.99230", "2008-12-31": "19.10500", "2008-09-30": "53.38970", "2008-06-30": "26.46720", "2008-03-31": "9.41370", "2007-12-31": "19.09890", "2007-09-30": "127.87010", "2007-06-30": "211.46290", "2007-03-31": "87.03590", "2006-12-31": "-75.15020", "2006-09-30": "-117.89580", "2006-06-30": "21.26970", "2006-03-31": "-0.26320", "2005-12-31": "11.00470", "2005-09-30": "549.69230", "2005-06-30": "150.10320", "2005-03-31": "-51.53830"}, "ROA - Return On Assets": {"2020-09-30": "3.61710", "2020-06-30": "0.58340", "2020-03-31": "-3.91330", "2019-12-31": "5.47150", "2019-09-30": "9.09260", "2019-06-30": "4.55480", "2019-03-31": "3.42040", "2018-12-31": "2.84740", "2018-09-30": "7.25060", "2018-06-30": "3.86620", "2018-03-31": "2.42620", "2017-12-31": "-2.18150", "2017-09-30": "6.67100", "2017-06-30": "3.07020", "2017-03-31": "2.07160", "2016-12-31": "3.39700", "2016-09-30": "2.52580", "2016-06-30": "2.94930", "2016-03-31": "2.04220", "2015-12-31": "2.89470", "2015-09-30": "7.20280", "2015-06-30": "3.03650", "2015-03-31": "1.97910", "2014-12-31": "3.05890", "2014-09-30": "6.99570", "2014-06-30": "4.96930", "2014-03-31": "3.06300", "2013-12-31": "3.61990", "2013-09-30": "7.97450", "2013-06-30": "4.43320", "2013-03-31": "3.56360", "2012-12-31": "4.40800", "2012-09-30": "9.64930", "2012-06-30": "6.49600", "2012-03-31": "3.57000", "2011-12-31": "5.69060", "2011-09-30": "12.39360", "2011-06-30": "7.62710", "2011-03-31": "3.39320", "2010-12-31": "4.64950", "2010-09-30": "8.17610", "2010-06-30": "4.68550", "2010-03-31": "2.44710", "2009-12-31": "4.27730", "2009-09-30": "17.75050", "2009-06-30": "4.49030", "2009-03-31": "1.88420", "2008-12-31": "2.60180", "2008-09-30": "5.92600", "2008-06-30": "3.41870", "2008-03-31": "0.99410", "2007-12-31": "1.54390", "2007-09-30": "7.61390", "2007-06-30": "2.96080", "2007-03-31": "-1.26240", "2006-12-31": "1.19670", "2006-09-30": "4.71870", "2006-06-30": "1.51140", "2006-03-31": "-0.01280", "2005-12-31": "0.50280", "2005-09-30": "22.11440", "2005-06-30": "2.18170", "2005-03-31": "0.89180"}, "ROI - Return On Investment": {"2020-09-30": "4.80710", "2020-06-30": "0.78440", "2020-03-31": "-5.63300", "2019-12-31": "8.02380", "2019-09-30": "13.45760", "2019-06-30": "6.96500", "2019-03-31": "4.87260", "2018-12-31": "3.47310", "2018-09-30": "8.92410", "2018-06-30": "5.03410", "2018-03-31": "3.04580", "2017-12-31": "-2.60360", "2017-09-30": "7.96000", "2017-06-30": "3.75710", "2017-03-31": "2.51450", "2016-12-31": "4.20700", "2016-09-30": "3.12660", "2016-06-30": "3.51270", "2016-03-31": "2.43550", "2015-12-31": "3.37220", "2015-09-30": "8.57990", "2015-06-30": "3.70420", "2015-03-31": "2.39210", "2014-12-31": "3.64650", "2014-09-30": "8.41650", "2014-06-30": "6.01110", "2014-03-31": "3.69380", "2013-12-31": "4.36560", "2013-09-30": "10.20270", "2013-06-30": "5.74030", "2013-03-31": "4.95840", "2012-12-31": "5.99120", "2012-09-30": "13.28810", "2012-06-30": "9.12280", "2012-03-31": "5.15050", "2011-12-31": "8.52130", "2011-09-30": "19.12100", "2011-06-30": "12.33380", "2011-03-31": "5.72140", "2010-12-31": "5.90110", "2010-09-30": "10.65220", "2010-06-30": "6.16590", "2010-03-31": "2.99850", "2009-12-31": "5.77900", "2009-09-30": "25.47910", "2009-06-30": "7.39590", "2009-03-31": "3.24660", "2008-12-31": "4.41220", "2008-09-30": "11.84610", "2008-06-30": "7.32210", "2008-03-31": "2.25710", "2007-12-31": "3.60140", "2007-09-30": "19.51250", "2007-06-30": "8.53200", "2007-03-31": "-4.09110", "2006-12-31": "1.42130", "2006-09-30": "5.71470", "2006-06-30": "1.93990", "2006-03-31": "-0.01630", "2005-12-31": "0.62550", "2005-09-30": "27.84560", "2005-06-30": "2.76930", "2005-03-31": "1.13290"}, "Book Value Per Share": {"2020-09-30": "119.96390", "2020-06-30": "97.65810", "2020-03-31": "93.59880", "2019-12-31": "143.25040", "2019-09-30": "141.40430", "2019-06-30": "124.09680", "2019-03-31": "156.49750", "2018-12-31": "192.51840", "2018-09-30": "213.43450", "2018-06-30": "219.25780", "2018-03-31": "220.45150", "2017-12-31": "232.31970", "2017-09-30": "248.82120", "2017-06-30": "236.24900", "2017-03-31": "219.82550", "2016-12-31": "199.64510", "2016-09-30": "198.62160", "2016-06-30": "187.45110", "2016-03-31": "182.36770", "2015-12-31": "177.28510", "2015-09-30": "169.92710", "2015-06-30": "167.36680", "2015-03-31": "166.49220", "2014-12-31": "164.95670", "2014-09-30": "166.80570", "2014-06-30": "149.19690", "2014-03-31": "137.88680", "2013-12-31": "132.85900", "2013-09-30": "125.27660", "2013-06-30": "113.75640", "2013-03-31": "79.72100", "2012-12-31": "78.14110", "2012-09-30": "71.75100", "2012-06-30": "58.76140", "2012-03-31": "52.04970", "2011-12-31": "51.69370", "2011-09-30": "48.01440", "2011-06-30": "39.97640", "2011-03-31": "34.73390", "2010-12-31": "36.89690", "2010-09-30": "33.34830", "2010-06-30": "28.61270", "2010-03-31": "27.75880", "2009-12-31": "28.99520", "2009-09-30": "27.43160", "2009-06-30": "20.13140", "2009-03-31": "16.92450", "2008-12-31": "17.05290", "2008-09-30": "18.06420", "2008-06-30": "17.63700", "2008-03-31": "16.33130", "2007-12-31": "15.05310", "2007-09-30": "13.95490", "2007-06-30": "10.66490", "2007-03-31": "9.49500", "2006-12-31": "9.88790", "2006-09-30": "9.09270", "2006-06-30": "10.54990", "2006-03-31": "9.71000", "2005-12-31": "9.63600", "2005-09-30": "10.09480", "2005-06-30": "5.65910", "2005-03-31": "5.53120"}, "Operating Cash Flow Per Share": {"2020-09-30": 22.408, "2020-06-30": 2.9538, "2020-03-31": "-9.24730", "2019-12-31": 23.3753, "2019-09-30": 44.015, "2019-06-30": 41.1243, "2019-03-31": "3.30130", "2018-12-31": 22.0819, "2018-09-30": 41.9192, "2018-06-30": 34.1611, "2018-03-31": "13.00680", "2017-12-31": 23.5183, "2017-09-30": 37.8068, "2017-06-30": 24.3922, "2017-03-31": "7.60860", "2016-12-31": 21.8074, "2016-09-30": 30.46, "2016-06-30": 20.4349, "2016-03-31": "6.87740", "2015-12-31": 18.6508, "2015-09-30": 25.9281, "2015-06-30": 13.5255, "2015-03-31": "3.98780", "2014-12-31": 14.2452, "2014-09-30": 24.3475, "2014-06-30": 13.0335, "2014-03-31": "3.33860", "2013-12-31": 10.9381, "2013-09-30": 18.0706, "2013-06-30": 11.3351, "2013-03-31": "3.56580", "2012-12-31": 9.6105, "2012-09-30": 13.196, "2012-06-30": 8.4339, "2012-03-31": "3.55190", "2011-12-31": 5.4926, "2011-09-30": 10.935, "2011-06-30": 4.3748, "2011-03-31": "5.39920", "2010-12-31": 3.4292, "2010-09-30": 6.0725, "2010-06-30": 3.6845, "2010-03-31": "2.05850", "2009-12-31": 2.9754, "2009-09-30": 3.8463, "2009-06-30": 1.8925, "2009-03-31": "1.57750", "2008-12-31": 1.6495, "2008-09-30": 2.1654, "2008-06-30": 1.7856, "2008-03-31": "0.88290", "2007-12-31": 1.4833, "2007-09-30": 1.3121, "2007-06-30": 0.129, "2007-03-31": "0.50420", "2006-12-31": 0.7754, "2006-09-30": 0.7637, "2006-06-30": 0.4504, "2006-03-31": "0.51670", "2005-12-31": 0.2926, "2005-09-30": 0.2682, "2005-06-30": 0.2175, "2005-03-31": "0.57070"}, "Free Cash Flow Per Share": {"2020-09-30": 20.663, "2020-06-30": 1.2417, "2020-03-31": "-11.19410", "2019-12-31": 21.478, "2019-09-30": 42.0184, "2019-06-30": 39.0031, "2019-03-31": "0.85840", "2018-12-31": 20.3321, "2018-09-30": 39.3043, "2018-06-30": 31.983, "2018-03-31": "10.34450", "2017-12-31": -27.236, "2017-09-30": 56.1662, "2017-06-30": 38.9096, "2017-03-31": "19.72080", "2016-12-31": 20.7762, "2016-09-30": 29.3681, "2016-06-30": 19.226, "2016-03-31": "5.81500", "2015-12-31": 17.7567, "2015-09-30": 25.0722, "2015-06-30": 12.5012, "2015-03-31": "3.39120", "2014-12-31": 13.476, "2014-09-30": 23.807, "2014-06-30": 12.4238, "2014-03-31": "2.77780", "2013-12-31": 10.402, "2013-09-30": 17.6957, "2013-06-30": 10.928, "2013-03-31": "3.27280", "2012-12-31": 9.2968, "2012-09-30": 12.9899, "2012-06-30": 8.1458, "2012-03-31": "3.28520", "2011-12-31": 5.1597, "2011-09-30": 10.7071, "2011-06-30": 4.1829, "2011-03-31": "5.23740", "2010-12-31": 3.2723, "2010-09-30": 5.9875, "2010-06-30": 3.5783, "2010-03-31": "1.96350", "2009-12-31": 2.8698, "2009-09-30": 3.8143, "2009-06-30": 1.7908, "2009-03-31": "1.51180", "2008-12-31": 1.5378, "2008-09-30": 2.0413, "2008-06-30": 1.703, "2008-03-31": "0.82480", "2007-12-31": 1.3726, "2007-09-30": 1.1985, "2007-06-30": 0.0624, "2007-03-31": "0.44460", "2006-12-31": 0.6955, "2006-09-30": 0.69, "2006-06-30": 0.3693, "2006-03-31": "0.46400", "2005-12-31": 0.228, "2005-09-30": 0.2287, "2005-06-30": 0.1883, "2005-03-31": "0.46650"}}, "revenue": {"Booking Holdings Annual Revenue (Millions of US $)": {"2019": "$15,066", "2018": "$14,527", "2017": "$12,681", "2016": "$10,743", "2015": "$9,224", "2014": "$8,442", "2013": "$6,793", "2012": "$5,261", "2011": "$4,356", "2010": "$3,085", "2009": "$2,338", "2008": "$1,885", "2007": "$1,409", "2006": "$1,123", "2005": "$963"}, "Booking Holdings Quarterly Revenue (Millions of US $)": {"2020-09-30": "$2,640", "2020-06-30": "$630", "2020-03-31": "$2,288", "2019-12-31": "$3,339", "2019-09-30": "$5,040", "2019-06-30": "$3,850", "2019-03-31": "$2,837", "2018-12-31": "$3,213", "2018-09-30": "$4,849", "2018-06-30": "$3,537", "2018-03-31": "$2,928", "2017-12-31": "$2,803", "2017-09-30": "$4,434", "2017-06-30": "$3,025", "2017-03-31": "$2,419", "2016-12-31": "$2,348", "2016-09-30": "$3,691", "2016-06-30": "$2,556", "2016-03-31": "$2,148", "2015-12-31": "$2,000", "2015-09-30": "$3,103", "2015-06-30": "$2,280", "2015-03-31": "$1,841", "2014-12-31": "$1,840", "2014-09-30": "$2,836", "2014-06-30": "$2,124", "2014-03-31": "$1,642", "2013-12-31": "$1,541", "2013-09-30": "$2,270", "2013-06-30": "$1,680", "2013-03-31": "$1,302", "2012-12-31": "$1,191", "2012-09-30": "$1,706", "2012-06-30": "$1,327", "2012-03-31": "$1,037", "2011-12-31": "$991", "2011-09-30": "$1,453", "2011-06-30": "$1,103", "2011-03-31": "$809", "2010-12-31": "$731", "2010-09-30": "$1,002", "2010-06-30": "$767", "2010-03-31": "$584", "2009-12-31": "$542", "2009-09-30": "$731", "2009-06-30": "$604", "2009-03-31": "$462", "2008-12-31": "$406", "2008-09-30": "$562", "2008-06-30": "$514", "2008-03-31": "$403", "2007-12-31": "$335", "2007-09-30": "$417", "2007-06-30": "$356", "2007-03-31": "$301", "2006-12-31": "$260", "2006-09-30": "$313", "2006-06-30": "$308", "2006-03-31": "$242", "2005-12-31": "$204", "2005-09-30": "$259", "2005-06-30": "$267", "2005-03-31": "$233"}}, "gross-profit": {"Booking Holdings Annual Gross Profit (Millions of US $)": {"2019": "$15,066", "2018": "$14,527", "2017": "$12,439", "2016": "$10,328", "2015": "$8,592", "2014": "$7,584", "2013": "$5,716", "2012": "$4,084", "2011": "$3,080", "2010": "$1,909", "2009": "$1,261", "2008": "$956", "2007": "$639", "2006": "$401", "2005": "$268"}, "Booking Holdings Quarterly Gross Profit (Millions of US $)": {"2020-09-30": "$2,640", "2020-06-30": "$630", "2020-03-31": "$2,288", "2019-12-31": "$3,339", "2019-09-30": "$5,040", "2019-06-30": "$3,850", "2019-03-31": "$2,837", "2018-12-31": "$3,213", "2018-09-30": "$4,849", "2018-06-30": "$3,537", "2018-03-31": "$2,928", "2017-12-31": "$2,763", "2017-09-30": "$4,380", "2017-06-30": "$2,957", "2017-03-31": "$2,339", "2016-12-31": "$2,290", "2016-09-30": "$3,589", "2016-06-30": "$2,430", "2016-03-31": "$2,019", "2015-12-31": "$1,879", "2015-09-30": "$2,947", "2015-06-30": "$2,093", "2015-03-31": "$1,672", "2014-12-31": "$1,675", "2014-09-30": "$2,620", "2014-06-30": "$1,883", "2014-03-31": "$1,406", "2013-12-31": "$1,333", "2013-09-30": "$1,989", "2013-06-30": "$1,384", "2013-03-31": "$1,010", "2012-12-31": "$940", "2012-09-30": "$1,397", "2012-06-30": "$1,004", "2012-03-31": "$743", "2011-12-31": "$725", "2011-09-30": "$1,100", "2011-06-30": "$749", "2011-03-31": "$506", "2010-12-31": "$478", "2010-09-30": "$666", "2010-06-30": "$445", "2010-03-31": "$319", "2009-12-31": "$313", "2009-09-30": "$434", "2009-06-30": "$305", "2009-03-31": "$208", "2008-12-31": "$205", "2008-09-30": "$316", "2008-06-30": "$254", "2008-03-31": "$181", "2007-12-31": "$160", "2007-09-30": "$202", "2007-06-30": "$157", "2007-03-31": "$120", "2006-12-31": "$100", "2006-09-30": "$124", "2006-06-30": "$106", "2006-03-31": "$72", "2005-12-31": "$65", "2005-09-30": "$80", "2005-06-30": "$65", "2005-03-31": "$58"}}, "operating-income": {"Booking Holdings Annual Operating Income (Millions of US $)": {"2019": "$5,345", "2018": "$5,341", "2017": "$4,538", "2016": "$2,906", "2015": "$3,259", "2014": "$3,073", "2013": "$2,412", "2012": "$1,830", "2011": "$1,399", "2010": "$787", "2009": "$471", "2008": "$289", "2007": "$138", "2006": "$62", "2005": "$36"}, "Booking Holdings Quarterly Operating Income (Millions of US $)": {"2020-09-30": "$315", "2020-06-30": "$-484", "2020-03-31": "$-309", "2019-12-31": "$1,172", "2019-09-30": "$2,370", "2019-06-30": "$1,247", "2019-03-31": "$556", "2018-12-31": "$1,143", "2018-09-30": "$2,247", "2018-06-30": "$1,221", "2018-03-31": "$730", "2017-12-31": "$986", "2017-09-30": "$2,102", "2017-06-30": "$893", "2017-03-31": "$556", "2016-12-31": "$790", "2016-09-30": "$833", "2016-06-30": "$732", "2016-03-31": "$550", "2015-12-31": "$658", "2015-09-30": "$1,489", "2015-06-30": "$678", "2015-03-31": "$434", "2014-12-31": "$579", "2014-09-30": "$1,323", "2014-06-30": "$733", "2014-03-31": "$439", "2013-12-31": "$501", "2013-09-30": "$1,047", "2013-06-30": "$555", "2013-03-31": "$310", "2012-12-31": "$374", "2012-09-30": "$756", "2012-06-30": "$458", "2012-03-31": "$242", "2011-12-31": "$304", "2011-09-30": "$616", "2011-06-30": "$325", "2011-03-31": "$154", "2010-12-31": "$189", "2010-09-30": "$337", "2010-06-30": "$173", "2010-03-31": "$88", "2009-12-31": "$118", "2009-09-30": "$201", "2009-06-30": "$109", "2009-03-31": "$43", "2008-12-31": "$49", "2008-09-30": "$128", "2008-06-30": "$81", "2008-03-31": "$32", "2007-12-31": "$44", "2007-09-30": "$78", "2007-06-30": "$48", "2007-03-31": "$-32", "2006-12-31": "$13", "2006-09-30": "$32", "2006-06-30": "$19", "2006-03-31": "$-1", "2005-12-31": "$6", "2005-09-30": "$13", "2005-06-30": "$12", "2005-03-31": "$5"}}, "ebitda": {"Booking Holdings Annual EBITDA (Millions of US $)": {"2019": "$5,872", "2018": "$5,826", "2017": "$4,980", "2016": "$4,233", "2015": "$3,606", "2014": "$3,341", "2013": "$2,594", "2012": "$1,940", "2011": "$1,477", "2010": "$861", "2009": "$531", "2008": "$362", "2007": "$207", "2006": "$99", "2005": "$65"}, "Booking Holdings Quarterly EBITDA (Millions of US $)": {"2020-09-30": "$1,018", "2020-06-30": "$-353", "2020-03-31": "$311", "2019-12-31": "$1,304", "2019-09-30": "$2,502", "2019-06-30": "$1,380", "2019-03-31": "$686", "2018-12-31": "$1,266", "2018-09-30": "$2,369", "2018-06-30": "$1,341", "2018-03-31": "$850", "2017-12-31": "$1,104", "2017-09-30": "$2,218", "2017-06-30": "$999", "2017-03-31": "$660", "2016-12-31": "$890", "2016-09-30": "$1,872", "2016-06-30": "$829", "2016-03-31": "$642", "2015-12-31": "$747", "2015-09-30": "$1,576", "2015-06-30": "$765", "2015-03-31": "$517", "2014-12-31": "$667", "2014-09-30": "$1,396", "2014-06-30": "$786", "2014-03-31": "$491", "2013-12-31": "$556", "2013-09-30": "$1,101", "2013-06-30": "$595", "2013-03-31": "$341", "2012-12-31": "$404", "2012-09-30": "$784", "2012-06-30": "$486", "2012-03-31": "$266", "2011-12-31": "$324", "2011-09-30": "$636", "2011-06-30": "$344", "2011-03-31": "$172", "2010-12-31": "$209", "2010-09-30": "$358", "2010-06-30": "$192", "2010-03-31": "$102", "2009-12-31": "$132", "2009-09-30": "$216", "2009-06-30": "$125", "2009-03-31": "$58", "2008-12-31": "$66", "2008-09-30": "$145", "2008-06-30": "$100", "2008-03-31": "$51", "2007-12-31": "$84", "2007-09-30": "$88", "2007-06-30": "$57", "2007-03-31": "$-22", "2006-12-31": "$22", "2006-09-30": "$41", "2006-06-30": "$28", "2006-03-31": "$7", "2005-12-31": "$15", "2005-09-30": "$21", "2005-06-30": "$18", "2005-03-31": "$11"}}, "net-income": {"Booking Holdings Annual Net Income (Millions of US $)": {"2019": "$4,865", "2018": "$3,998", "2017": "$2,341", "2016": "$2,135", "2015": "$2,551", "2014": "$2,422", "2013": "$1,893", "2012": "$1,420", "2011": "$1,056", "2010": "$528", "2009": "$489", "2008": "$182", "2007": "$139", "2006": "$73", "2005": "$191"}, "Booking Holdings Quarterly Net Income (Millions of US $)": {"2020-09-30": "$801", "2020-06-30": "$122", "2020-03-31": "$-699", "2019-12-31": "$1,171", "2019-09-30": "$1,950", "2019-06-30": "$979", "2019-03-31": "$765", "2018-12-31": "$646", "2018-09-30": "$1,767", "2018-06-30": "$978", "2018-03-31": "$607", "2017-12-31": "$-555", "2017-09-30": "$1,720", "2017-06-30": "$720", "2017-03-31": "$456", "2016-12-31": "$674", "2016-09-30": "$506", "2016-06-30": "$581", "2016-03-31": "$374", "2015-12-31": "$504", "2015-09-30": "$1,197", "2015-06-30": "$517", "2015-03-31": "$333", "2014-12-31": "$452", "2014-09-30": "$1,062", "2014-06-30": "$576", "2014-03-31": "$331", "2013-12-31": "$378", "2013-09-30": "$833", "2013-06-30": "$437", "2013-03-31": "$244", "2012-12-31": "$289", "2012-09-30": "$597", "2012-06-30": "$352", "2012-03-31": "$182", "2011-12-31": "$226", "2011-09-30": "$469", "2011-06-30": "$256", "2011-03-31": "$105", "2010-12-31": "$136", "2010-09-30": "$223", "2010-06-30": "$115", "2010-03-31": "$54", "2009-12-31": "$78", "2009-09-30": "$319", "2009-06-30": "$67", "2009-03-31": "$25", "2008-12-31": "$34", "2008-09-30": "$84", "2008-06-30": "$50", "2008-03-31": "$14", "2007-12-31": "$16", "2007-09-30": "$104", "2007-06-30": "$35", "2007-03-31": "$-16", "2006-12-31": "$13", "2006-09-30": "$48", "2006-06-30": "$13", "2006-03-31": "$-1", "2005-12-31": "$4", "2005-09-30": "$171", "2005-06-30": "$12", "2005-03-31": "$4"}}, "eps-earnings-per-share-diluted": {"Booking Holdings Annual EPS": {"2019": "$111.82", "2018": "$83.26", "2017": "$46.86", "2016": "$42.65", "2015": "$49.45", "2014": "$45.67", "2013": "$36.11", "2012": "$27.66", "2011": "$20.63", "2010": "$10.35", "2009": "$9.88", "2008": "$3.74", "2007": "$3.05", "2006": "$1.68", "2005": "$4.21"}, "Booking Holdings Quarterly EPS": {"2020-09-30": "$19.49", "2020-06-30": "$2.97", "2020-03-31": "$-17.01", "2019-12-31": "$26.99", "2019-09-30": "$45.54", "2019-06-30": "$22.44", "2019-03-31": "$16.85", "2018-12-31": "$13.77", "2018-09-30": "$37.02", "2018-06-30": "$20.13", "2018-03-31": "$12.34", "2017-12-31": "$-11.07", "2017-09-30": "$34.43", "2017-06-30": "$14.39", "2017-03-31": "$9.11", "2016-12-31": "$13.45", "2016-09-30": "$10.13", "2016-06-30": "$11.60", "2016-03-31": "$7.47", "2015-12-31": "$9.74", "2015-09-30": "$23.41", "2015-06-30": "$9.94", "2015-03-31": "$6.36", "2014-12-31": "$8.50", "2014-09-30": "$20.03", "2014-06-30": "$10.89", "2014-03-31": "$6.25", "2013-12-31": "$7.24", "2013-09-30": "$15.72", "2013-06-30": "$8.39", "2013-03-31": "$4.76", "2012-12-31": "$5.58", "2012-09-30": "$11.66", "2012-06-30": "$6.88", "2012-03-31": "$3.54", "2011-12-31": "$4.39", "2011-09-30": "$9.17", "2011-06-30": "$5.02", "2011-03-31": "$2.05", "2010-12-31": "$2.62", "2010-09-30": "$4.41", "2010-06-30": "$2.26", "2010-03-31": "$1.06", "2009-12-31": "$1.55", "2009-09-30": "$6.42", "2009-06-30": "$1.38", "2009-03-31": "$0.53", "2008-12-31": "$0.72", "2008-09-30": "$1.74", "2008-06-30": "$1.00", "2008-03-31": "$0.28", "2007-12-31": "$0.43", "2007-09-30": "$2.27", "2007-06-30": "$0.79", "2007-03-31": "$-0.44", "2006-12-31": "$0.37", "2006-09-30": "$1.05", "2006-06-30": "$0.28", "2006-03-31": "$-0.02", "2005-12-31": "$0.11", "2005-09-30": "$3.71", "2005-06-30": "$0.29", "2005-03-31": "$0.10"}}, "shares-outstanding": {"Booking Holdings Annual Shares Outstanding (Millions of Shares)": {"2019": "44", "2018": "48", "2017": "50", "2016": "50", "2015": "52", "2014": "53", "2013": "52", "2012": "51", "2011": "51", "2010": "51", "2009": "50", "2008": "49", "2007": "46", "2006": "45", "2005": "46"}, "Booking Holdings Quarterly Shares Outstanding (Millions of Shares)": {"2020-09-30": "41", "2020-06-30": "41", "2020-03-31": "41", "2019-12-31": "44", "2019-09-30": "43", "2019-06-30": "44", "2019-03-31": "45", "2018-12-31": "48", "2018-09-30": "48", "2018-06-30": "49", "2018-03-31": "49", "2017-12-31": "50", "2017-09-30": "50", "2017-06-30": "50", "2017-03-31": "50", "2016-12-31": "50", "2016-09-30": "50", "2016-06-30": "50", "2016-03-31": "50", "2015-12-31": "52", "2015-09-30": "51", "2015-06-30": "52", "2015-03-31": "52", "2014-12-31": "53", "2014-09-30": "53", "2014-06-30": "53", "2014-03-31": "53", "2013-12-31": "52", "2013-09-30": "53", "2013-06-30": "52", "2013-03-31": "51", "2012-12-31": "51", "2012-09-30": "51", "2012-06-30": "51", "2012-03-31": "51", "2011-12-31": "51", "2011-09-30": "51", "2011-06-30": "51", "2011-03-31": "51", "2010-12-31": "51", "2010-09-30": "51", "2010-06-30": "51", "2010-03-31": "51", "2009-12-31": "50", "2009-09-30": "50", "2009-06-30": "48", "2009-03-31": "47", "2008-12-31": "49", "2008-09-30": "49", "2008-06-30": "50", "2008-03-31": "49", "2007-12-31": "46", "2007-09-30": "46", "2007-06-30": "44", "2007-03-31": "37", "2006-12-31": "45", "2006-09-30": "46", "2006-06-30": "47", "2006-03-31": "39", "2005-12-31": "46", "2005-09-30": "46", "2005-06-30": "47", "2005-03-31": "40"}}, "total-assets": {"Booking Holdings Annual Total Assets (Millions of US $)": {"2019": "$21,402", "2018": "$22,687", "2017": "$25,451", "2016": "$19,839", "2015": "$17,421", "2014": "$14,771", "2013": "$10,444", "2012": "$6,570", "2011": "$3,971", "2010": "$2,906", "2009": "$1,834", "2008": "$1,312", "2007": "$1,351", "2006": "$1,106", "2005": "$754"}, "Booking Holdings Quarterly Total Assets (Millions of US $)": {"2020-09-30": "$22,145", "2020-06-30": "$20,912", "2020-03-31": "$17,862", "2019-12-31": "$21,402", "2019-09-30": "$21,446", "2019-06-30": "$21,494", "2019-03-31": "$22,366", "2018-12-31": "$22,687", "2018-09-30": "$24,370", "2018-06-30": "$25,296", "2018-03-31": "$25,019", "2017-12-31": "$25,451", "2017-09-30": "$25,789", "2017-06-30": "$23,458", "2017-03-31": "$21,994", "2016-12-31": "$19,839", "2016-09-30": "$20,034", "2016-06-30": "$19,687", "2016-03-31": "$18,335", "2015-12-31": "$17,421", "2015-09-30": "$16,615", "2015-06-30": "$17,027", "2015-03-31": "$16,842", "2014-12-31": "$14,771", "2014-09-30": "$15,184", "2014-06-30": "$11,600", "2014-03-31": "$10,814", "2013-12-31": "$10,444", "2013-09-30": "$10,446", "2013-06-30": "$9,867", "2013-03-31": "$6,855", "2012-12-31": "$6,570", "2012-09-30": "$6,218", "2012-06-30": "$5,429", "2012-03-31": "$5,093", "2011-12-31": "$3,971", "2011-09-30": "$3,816", "2011-06-30": "$3,360", "2011-03-31": "$3,065", "2010-12-31": "$2,906", "2010-09-30": "$2,747", "2010-06-30": "$2,446", "2010-03-31": "$2,202", "2009-12-31": "$1,834", "2009-09-30": "$1,797", "2009-06-30": "$1,492", "2009-03-31": "$1,328", "2008-12-31": "$1,312", "2008-09-30": "$1,456", "2008-06-30": "$1,492", "2008-03-31": "$1,428", "2007-12-31": "$1,351", "2007-09-30": "$1,371", "2007-06-30": "$1,168", "2007-03-31": "$1,166", "2006-12-31": "$1,106", "2006-09-30": "$1,035", "2006-06-30": "$828", "2006-03-31": "$773", "2005-12-31": "$754", "2005-09-30": "$776", "2005-06-30": "$567", "2005-03-31": "$560"}}, "cash-on-hand": {"Booking Holdings Annual Cash on Hand (Millions of US $)": {"2019": "$7,310", "2018": "$6,284", "2017": "$7,402", "2016": "$4,300", "2015": "$2,649", "2014": "$4,292", "2013": "$6,763", "2012": "$5,190", "2011": "$2,661", "2010": "$1,663", "2009": "$801", "2008": "$466", "2007": "$509", "2006": "$434", "2005": "$175"}, "Booking Holdings Quarterly Cash on Hand (Millions of US $)": {"2020-09-30": "$11,197", "2020-06-30": "$10,404", "2020-03-31": "$7,189", "2019-12-31": "$7,310", "2019-09-30": "$7,439", "2019-06-30": "$6,809", "2019-03-31": "$4,315", "2018-12-31": "$6,284", "2018-09-30": "$7,131", "2018-06-30": "$7,332", "2018-03-31": "$6,863", "2017-12-31": "$7,402", "2017-09-30": "$7,253", "2017-06-30": "$6,356", "2017-03-31": "$5,370", "2016-12-31": "$4,300", "2016-09-30": "$4,379", "2016-06-30": "$4,372", "2016-03-31": "$3,384", "2015-12-31": "$2,649", "2015-09-30": "$3,054", "2015-06-30": "$3,189", "2015-03-31": "$4,636", "2014-12-31": "$4,292", "2014-09-30": "$6,238", "2014-06-30": "$7,180", "2014-03-31": "$6,726", "2013-12-31": "$6,763", "2013-09-30": "$6,593", "2013-06-30": "$5,953", "2013-03-31": "$5,189", "2012-12-31": "$5,190", "2012-09-30": "$4,675", "2012-06-30": "$3,949", "2012-03-31": "$3,623", "2011-12-31": "$2,661", "2011-09-30": "$2,408", "2011-06-30": "$1,950", "2011-03-31": "$1,747", "2010-12-31": "$1,663", "2010-09-30": "$1,476", "2010-06-30": "$1,222", "2010-03-31": "$1,237", "2009-12-31": "$801", "2009-09-30": "$721", "2009-06-30": "$591", "2009-03-31": "$499", "2008-12-31": "$466", "2008-09-30": "$455", "2008-06-30": "$554", "2008-03-31": "$553", "2007-12-31": "$509", "2007-09-30": "$499", "2007-06-30": "$452", "2007-03-31": "$458", "2006-12-31": "$434", "2006-09-30": "$359", "2006-06-30": "$213", "2006-03-31": "$188", "2005-12-31": "$175", "2005-09-30": "$176", "2005-06-30": "$278", "2005-03-31": "$266"}}, "long-term-debt": {"Booking Holdings Annual Long Term Debt (Millions of US $)": {"2019": "$8,661", "2018": "$9,815", "2017": "$10,064", "2016": "$6,199", "2015": "$6,158", "2014": "$3,824", "2013": "$1,751", "2012": "$937", "2011": "$77", "2010": "$476", "2009": "$36", "2008": "$75", "2007": "$", "2006": "$569", "2005": "$224"}, "Booking Holdings Quarterly Long Term Debt (Millions of US $)": {"2020-09-30": "$11,750", "2020-06-30": "$11,555", "2020-03-31": "$8,578", "2019-12-31": "$8,661", "2019-09-30": "$8,539", "2019-06-30": "$8,749", "2019-03-31": "$8,785", "2018-12-31": "$9,815", "2018-09-30": "$9,849", "2018-06-30": "$8,955", "2018-03-31": "$9,293", "2017-12-31": "$10,064", "2017-09-30": "$8,736", "2017-06-30": "$7,580", "2017-03-31": "$7,309", "2016-12-31": "$6,199", "2016-09-30": "$6,382", "2016-06-30": "$7,255", "2016-03-31": "$6,321", "2015-12-31": "$6,158", "2015-09-30": "$5,421", "2015-06-30": "$5,400", "2015-03-31": "$5,304", "2014-12-31": "$3,824", "2014-09-30": "$3,888", "2014-06-30": "$1,766", "2014-03-31": "$1,757", "2013-12-31": "$1,751", "2013-09-30": "$1,768", "2013-06-30": "$1,763", "2013-03-31": "$936", "2012-12-31": "$937", "2012-09-30": "$937", "2012-06-30": "$938", "2012-03-31": "$938", "2011-12-31": "$77", "2011-09-30": "$83", "2011-06-30": "$88", "2011-03-31": "$94", "2010-12-31": "$476", "2010-09-30": "$471", "2010-06-30": "$474", "2010-03-31": "$480", "2009-12-31": "$36", "2009-09-30": "$50", "2009-06-30": "$59", "2009-03-31": "$66", "2008-12-31": "$75", "2008-09-30": "", "2008-06-30": "", "2008-03-31": "", "2007-12-31": "", "2007-09-30": "", "2007-06-30": "", "2007-03-31": "", "2006-12-31": "$569", "2006-09-30": "$524", "2006-06-30": "$223", "2006-03-31": "$223", "2005-12-31": "$224", "2005-09-30": "$224", "2005-06-30": "$224", "2005-03-31": "$224"}}, "total-liabilities": {"Booking Holdings Annual Total Liabilities (Millions of US $)": {"2019": "$15,469", "2018": "$13,902", "2017": "$14,190", "2016": "$10,019", "2015": "$8,625", "2014": "$6,204", "2013": "$3,535", "2012": "$2,673", "2011": "$1,396", "2010": "$1,093", "2009": "$513", "2008": "$614", "2007": "$772", "2006": "$744", "2005": "$371"}, "Booking Holdings Quarterly Total Liabilities (Millions of US $)": {"2020-09-30": "$17,232", "2020-06-30": "$16,913", "2020-03-31": "$14,031", "2019-12-31": "$15,469", "2019-09-30": "$15,495", "2019-06-30": "$16,187", "2019-03-31": "$15,451", "2018-12-31": "$13,902", "2018-09-30": "$14,419", "2018-06-30": "$14,824", "2018-03-31": "$14,383", "2017-12-31": "$14,190", "2017-09-30": "$12,912", "2017-06-30": "$11,869", "2017-03-31": "$11,183", "2016-12-31": "$10,019", "2016-09-30": "$10,231", "2016-06-30": "$10,412", "2016-03-31": "$9,282", "2015-12-31": "$8,625", "2015-09-30": "$8,088", "2015-06-30": "$8,469", "2015-03-31": "$8,212", "2014-12-31": "$6,204", "2014-09-30": "$6,451", "2014-06-30": "$3,776", "2014-03-31": "$3,604", "2013-12-31": "$3,535", "2013-09-30": "$4,049", "2013-06-30": "$4,010", "2013-03-31": "$2,864", "2012-12-31": "$2,673", "2012-09-30": "$2,640", "2012-06-30": "$2,501", "2012-03-31": "$2,501", "2011-12-31": "$1,396", "2011-09-30": "$1,425", "2011-06-30": "$1,370", "2011-03-31": "$1,341", "2010-12-31": "$1,093", "2010-09-30": "$1,110", "2010-06-30": "$1,061", "2010-03-31": "$885", "2009-12-31": "$513", "2009-09-30": "$595", "2009-06-30": "$645", "2009-03-31": "$623", "2008-12-31": "$614", "2008-09-30": "$728", "2008-06-30": "$795", "2008-03-31": "$799", "2007-12-31": "$772", "2007-09-30": "$836", "2007-06-30": "$762", "2007-03-31": "$806", "2006-12-31": "$744", "2006-09-30": "$704", "2006-06-30": "$406", "2006-03-31": "$388", "2005-12-31": "$371", "2005-09-30": "$383", "2005-06-30": "$345", "2005-03-31": "$343"}}, "total-share-holder-equity": {"Booking Holdings Annual Share Holder Equity (Millions of US $)": {"2019": "$5,933", "2018": "$8,785", "2017": "$11,261", "2016": "$9,820", "2015": "$8,795", "2014": "$8,567", "2013": "$6,910", "2012": "$3,897", "2011": "$2,574", "2010": "$1,813", "2009": "$1,322", "2008": "$699", "2007": "$579", "2006": "$362", "2005": "$383"}, "Booking Holdings Quarterly Share Holder Equity (Millions of US $)": {"2020-09-30": "$4,913", "2020-06-30": "$3,999", "2020-03-31": "$3,831", "2019-12-31": "$5,933", "2019-09-30": "$5,951", "2019-06-30": "$5,307", "2019-03-31": "$6,915", "2018-12-31": "$8,785", "2018-09-30": "$9,952", "2018-06-30": "$10,473", "2018-03-31": "$10,636", "2017-12-31": "$11,261", "2017-09-30": "$12,877", "2017-06-30": "$11,590", "2017-03-31": "$10,811", "2016-12-31": "$9,820", "2016-09-30": "$9,803", "2016-06-30": "$9,275", "2016-03-31": "$9,052", "2015-12-31": "$8,795", "2015-09-30": "$8,527", "2015-06-30": "$8,558", "2015-03-31": "$8,630", "2014-12-31": "$8,567", "2014-09-30": "$8,733", "2014-06-30": "$7,824", "2014-03-31": "$7,209", "2013-12-31": "$6,910", "2013-09-30": "$6,397", "2013-06-30": "$5,858", "2013-03-31": "$3,991", "2012-12-31": "$3,897", "2012-09-30": "$3,578", "2012-06-30": "$2,928", "2012-03-31": "$2,592", "2011-12-31": "$2,574", "2011-09-30": "$2,390", "2011-06-30": "$1,990", "2011-03-31": "$1,724", "2010-12-31": "$1,813", "2010-09-30": "$1,637", "2010-06-30": "$1,384", "2010-03-31": "$1,317", "2009-12-31": "$1,322", "2009-09-30": "$1,202", "2009-06-30": "$847", "2009-03-31": "$705", "2008-12-31": "$699", "2008-09-30": "$728", "2008-06-30": "$696", "2008-03-31": "$629", "2007-12-31": "$579", "2007-09-30": "$535", "2007-06-30": "$405", "2007-03-31": "$360", "2006-12-31": "$362", "2006-09-30": "$331", "2006-06-30": "$422", "2006-03-31": "$385", "2005-12-31": "$383", "2005-09-30": "$393", "2005-06-30": "$223", "2005-03-31": "$217"}}, "profit-margins": {"current": "15.68%"}, "gross margin": {"2020-09-30": "100.00%", "2020-06-30": "100.00%", "2020-03-31": "100.00%", "2019-12-31": "100.00%", "2019-09-30": "100.00%", "2019-06-30": "100.00%", "2019-03-31": "100.00%", "2018-12-31": "100.00%", "2018-09-30": "99.72%", "2018-06-30": "99.31%", "2018-03-31": "98.77%", "2017-12-31": "98.09%", "2017-09-30": "97.87%", "2017-06-30": "97.32%", "2017-03-31": "96.68%", "2016-12-31": "96.14%", "2016-09-30": "95.40%", "2016-06-30": "94.58%", "2016-03-31": "93.78%", "2015-12-31": "93.14%", "2015-09-30": "92.53%", "2015-06-30": "91.62%", "2015-03-31": "90.85%", "2014-12-31": "89.84%", "2014-09-30": "88.94%", "2014-06-30": "87.25%", "2014-03-31": "85.69%", "2013-12-31": "84.15%", "2013-09-30": "82.62%", "2013-06-30": "80.47%", "2013-03-31": "78.74%", "2012-12-31": "77.63%", "2012-09-30": "76.45%", "2012-06-30": "74.29%", "2012-03-31": "72.36%", "2011-12-31": "70.71%", "2011-09-30": "69.17%", "2011-06-30": "65.82%", "2011-03-31": "63.31%", "2010-12-31": "61.87%", "2010-09-30": "60.21%", "2010-06-30": "57.58%", "2010-03-31": "55.71%", "2009-12-31": "53.87%", "2009-09-30": "52.29%", "2009-06-30": "50.84%", "2009-03-31": "50.57%", "2008-12-31": "50.72%", "2008-09-30": "50.22%", "2008-06-30": "47.75%", "2008-03-31": "46.33%", "2007-12-31": "45.35%", "2007-09-30": "43.40%", "2007-06-30": "40.73%", "2007-03-31": "38.07%", "2006-12-31": "35.80%", "2006-09-30": "34.40%", "2006-06-30": "31.89%", "2006-03-31": "29.01%", "2005-12-31": "27.83%"}, "operating margin": {"2020-09-30": "7.80%", "2020-06-30": "24.33%", "2020-03-31": "30.86%", "2019-12-31": "35.48%", "2019-09-30": "35.58%", "2019-06-30": "35.21%", "2019-03-31": "35.79%", "2018-12-31": "36.77%", "2018-09-30": "36.72%", "2018-06-30": "36.78%", "2018-03-31": "35.72%", "2017-12-31": "35.78%", "2017-09-30": "35.51%", "2017-06-30": "26.75%", "2017-03-31": "26.43%", "2016-12-31": "27.04%", "2016-09-30": "26.68%", "2016-06-30": "34.96%", "2016-03-31": "35.41%", "2015-12-31": "35.33%", "2015-09-30": "35.08%", "2015-06-30": "34.26%", "2015-03-31": "35.52%", "2014-12-31": "36.41%", "2014-09-30": "36.79%", "2014-06-30": "35.90%", "2014-03-31": "35.64%", "2013-12-31": "35.52%", "2013-09-30": "35.48%", "2013-06-30": "33.93%", "2013-03-31": "34.35%", "2012-12-31": "34.78%", "2012-09-30": "34.78%", "2012-06-30": "33.69%", "2012-03-31": "32.44%", "2011-12-31": "32.12%", "2011-09-30": "31.35%", "2011-06-30": "27.57%", "2011-03-31": "25.78%", "2010-12-31": "25.52%", "2010-09-30": "24.73%", "2010-06-30": "22.10%", "2010-03-31": "20.97%", "2009-12-31": "20.14%", "2009-09-30": "18.25%", "2009-06-30": "16.18%", "2009-03-31": "15.48%", "2008-12-31": "15.38%", "2008-09-30": "15.71%", "2008-06-30": "14.08%", "2008-03-31": "13.37%", "2007-12-31": "9.79%", "2007-09-30": "8.02%", "2007-06-30": "4.96%", "2007-03-31": "2.71%", "2006-12-31": "5.61%", "2006-09-30": "5.25%", "2006-06-30": "3.65%", "2006-03-31": "3.09%", "2005-12-31": "3.74%"}, "ebitda margin": {"2020-09-30": "25.63%", "2020-06-30": "33.32%", "2020-03-31": "37.87%", "2019-12-31": "38.98%", "2019-09-30": "39.05%", "2019-06-30": "38.65%", "2019-03-31": "39.22%", "2018-12-31": "40.10%", "2018-09-30": "40.12%", "2018-06-30": "40.24%", "2018-03-31": "39.20%", "2017-12-31": "39.28%", "2017-09-30": "38.99%", "2017-06-30": "38.50%", "2017-03-31": "38.60%", "2016-12-31": "39.40%", "2016-09-30": "39.35%", "2016-06-30": "38.69%", "2016-03-31": "39.14%", "2015-12-31": "39.08%", "2015-09-30": "38.89%", "2015-06-30": "38.02%", "2015-03-31": "38.95%", "2014-12-31": "39.56%", "2014-09-30": "39.65%", "2014-06-30": "38.72%", "2014-03-31": "38.46%", "2013-12-31": "38.17%", "2013-09-30": "37.89%", "2013-06-30": "36.13%", "2013-03-31": "36.46%", "2012-12-31": "36.88%", "2012-09-30": "36.75%", "2012-06-30": "35.61%", "2012-03-31": "34.25%", "2011-12-31": "33.88%", "2011-09-30": "33.23%", "2011-06-30": "29.71%", "2011-03-31": "28.14%", "2010-12-31": "27.92%", "2010-09-30": "27.08%", "2010-06-30": "24.47%", "2010-03-31": "23.36%", "2009-12-31": "22.70%", "2009-09-30": "21.11%", "2009-06-30": "19.37%", "2009-03-31": "18.98%", "2008-12-31": "19.20%", "2008-09-30": "20.95%", "2008-06-30": "19.35%", "2008-03-31": "18.53%", "2007-12-31": "14.69%", "2007-09-30": "10.87%", "2007-06-30": "7.97%", "2007-03-31": "5.84%", "2006-12-31": "8.73%", "2006-09-30": "8.53%", "2006-06-30": "7.01%", "2006-03-31": "6.28%", "2005-12-31": "6.75%"}, "pre tax profit margin": {"2020-09-30": "19.58%", "2020-06-30": "28.95%", "2020-03-31": "29.40%", "2019-12-31": "39.55%", "2019-09-30": "34.61%", "2019-06-30": "34.22%", "2019-03-31": "34.98%", "2018-12-31": "33.28%", "2018-09-30": "36.44%", "2018-06-30": "36.28%", "2018-03-31": "35.06%", "2017-12-31": "34.69%", "2017-09-30": "34.52%", "2017-06-30": "25.70%", "2017-03-31": "25.25%", "2016-12-31": "25.25%", "2016-09-30": "24.70%", "2016-06-30": "32.89%", "2016-03-31": "33.38%", "2015-12-31": "33.91%", "2015-09-30": "33.79%", "2015-06-30": "33.11%", "2015-03-31": "34.50%", "2014-12-31": "35.42%", "2014-09-30": "35.47%", "2014-06-30": "34.34%", "2014-03-31": "33.95%", "2013-12-31": "33.80%", "2013-09-30": "34.18%", "2013-06-30": "32.54%", "2013-03-31": "32.99%", "2012-12-31": "33.49%", "2012-09-30": "33.69%", "2012-06-30": "32.99%", "2012-03-31": "31.78%", "2011-12-31": "31.43%", "2011-09-30": "30.54%", "2011-06-30": "26.28%", "2011-03-31": "24.39%", "2010-12-31": "24.22%", "2010-09-30": "23.28%", "2010-06-30": "20.92%", "2010-03-31": "19.59%", "2009-12-31": "18.90%", "2009-09-30": "17.61%", "2009-06-30": "15.78%", "2009-03-31": "15.23%", "2008-12-31": "14.64%", "2008-09-30": "13.18%", "2008-06-30": "11.50%", "2008-03-31": "11.18%", "2007-12-31": "8.66%", "2007-09-30": "9.00%", "2007-06-30": "5.93%", "2007-03-31": "3.47%", "2006-12-31": "5.88%", "2006-09-30": "5.34%", "2006-06-30": "3.65%", "2006-03-31": "3.09%", "2005-12-31": "3.74%"}, "net profit margin": {"2020-09-30": "15.68%", "2020-06-30": "22.52%", "2020-03-31": "23.43%", "2019-12-31": "32.29%", "2019-09-30": "29.05%", "2019-06-30": "28.18%", "2019-03-31": "28.79%", "2018-12-31": "27.52%", "2018-09-30": "19.81%", "2018-06-30": "20.07%", "2018-03-31": "18.89%", "2017-12-31": "18.46%", "2017-09-30": "29.20%", "2017-06-30": "20.52%", "2017-03-31": "20.13%", "2016-12-31": "19.87%", "2016-09-30": "18.90%", "2016-06-30": "27.08%", "2016-03-31": "27.20%", "2015-12-31": "27.66%", "2015-09-30": "27.57%", "2015-06-30": "26.87%", "2015-03-31": "28.04%", "2014-12-31": "28.68%", "2014-09-30": "28.82%", "2014-06-30": "27.95%", "2014-03-31": "27.74%", "2013-12-31": "27.85%", "2013-09-30": "27.98%", "2013-06-30": "26.65%", "2013-03-31": "26.82%", "2012-12-31": "26.99%", "2012-09-30": "26.81%", "2012-06-30": "25.56%", "2012-03-31": "24.72%", "2011-12-31": "24.24%", "2011-09-30": "23.58%", "2011-06-30": "19.75%", "2011-03-31": "17.50%", "2010-12-31": "17.12%", "2010-09-30": "16.23%", "2010-06-30": "21.57%", "2010-03-31": "21.05%", "2009-12-31": "20.91%", "2009-09-30": "20.20%", "2009-06-30": "10.32%", "2009-03-31": "9.93%", "2008-12-31": "9.66%", "2008-09-30": "9.04%", "2008-06-30": "11.02%", "2008-03-31": "11.18%", "2007-12-31": "9.87%", "2007-09-30": "10.19%", "2007-06-30": "6.50%", "2007-03-31": "4.91%", "2006-12-31": "6.50%", "2006-09-30": "6.00%", "2006-06-30": "18.46%", "2006-03-31": "19.14%", "2005-12-31": "19.83%"}, "pe ratio": {"current": "73.09", "2021-02-11": "65.04", "2020-09-30": "51.53", "2020-06-30": "26.87", "2020-03-31": "17.09", "2019-12-31": "18.24", "2019-09-30": "19.89", "2019-06-30": "20.79", "2019-03-31": "19.86", "2018-12-31": "20.66", "2018-09-30": "34.16", "2018-06-30": "36.53", "2018-03-31": "41.82", "2017-12-31": "37.35", "2017-09-30": "25.64", "2017-06-30": "39.71", "2017-03-31": "40.17", "2016-12-31": "34.36", "2016-09-30": "37.54", "2016-06-30": "23.79", "2016-03-31": "25.36", "2015-12-31": "25.65", "2015-09-30": "25.62", "2015-06-30": "25.65", "2015-03-31": "25.40", "2014-12-31": "24.93", "2014-09-30": "26.15", "2014-06-30": "30.08", "2014-03-31": "31.78", "2013-12-31": "32.28", "2013-09-30": "29.30", "2013-06-30": "27.16", "2013-03-31": "23.79", "2012-12-31": "22.39", "2012-09-30": "23.37", "2012-06-30": "27.69", "2012-03-31": "32.41", "2011-12-31": "22.65", "2011-09-30": "23.78", "2011-06-30": "36.20", "2011-03-31": "44.50", "2010-12-31": "38.46", "2010-09-30": "37.54", "2010-06-30": "15.64", "2010-03-31": "24.50", "2009-12-31": "22.11", "2009-09-30": "18.30", "2009-06-30": "25.07", "2009-03-31": "18.98", "2008-12-31": "18.46", "2008-09-30": "17.37", "2008-06-30": "26.24", "2008-03-31": "29.41", "2007-12-31": "34.81", "2007-09-30": "30.19", "2007-06-30": "39.97", "2007-03-31": "43.30", "2006-12-31": "26.43"}, "price sales": {"2021-02-11": "10.18", "2020-09-30": "8.07", "2020-06-30": "6.00", "2020-03-31": "3.98", "2019-12-31": "5.95", "2019-09-30": "5.85", "2019-06-30": "5.87", "2019-03-31": "5.74", "2018-12-31": "5.73", "2018-09-30": "6.84", "2018-06-30": "7.31", "2018-03-31": "7.86", "2017-12-31": "6.85", "2017-09-30": "7.49", "2017-06-30": "8.15", "2017-03-31": "8.08", "2016-12-31": "6.83", "2016-09-30": "7.13", "2016-06-30": "6.46", "2016-03-31": "6.93", "2015-12-31": "7.15", "2015-09-30": "7.09", "2015-06-30": "6.89", "2015-03-31": "7.12", "2014-12-31": "7.16", "2014-09-30": "7.52", "2014-06-30": "8.39", "2014-03-31": "8.80", "2013-12-31": "8.95", "2013-09-30": "8.18", "2013-06-30": "7.24", "2013-03-31": "6.38", "2012-12-31": "6.04", "2012-09-30": "6.27", "2012-06-30": "7.08", "2012-03-31": "8.02", "2011-12-31": "5.49", "2011-09-30": "5.61", "2011-06-30": "7.15", "2011-03-31": "7.78", "2010-12-31": "6.58", "2010-09-30": "6.08", "2010-06-30": "3.38", "2010-03-31": "5.14", "2009-12-31": "4.56", "2009-09-30": "3.66", "2009-06-30": "2.65", "2009-03-31": "1.97", "2008-12-31": "1.92", "2008-09-30": "1.83", "2008-06-30": "3.30", "2008-03-31": "3.68", "2007-12-31": "3.51", "2007-09-30": "2.85", "2007-06-30": "2.38", "2007-03-31": "1.96", "2006-12-31": "1.73"}, "price book": {"current": "17.38", "2021-02-11": "18.00", "2020-09-30": "14.26", "2020-06-30": "16.31", "2020-03-31": "14.37", "2019-12-31": "14.34", "2019-09-30": "13.88", "2019-06-30": "15.11", "2019-03-31": "11.15", "2018-12-31": "8.95", "2018-09-30": "9.30", "2018-06-30": "9.25", "2018-03-31": "9.44", "2017-12-31": "7.48", "2017-09-30": "7.36", "2017-06-30": "7.92", "2017-03-31": "8.10", "2016-12-31": "7.34", "2016-09-30": "7.41", "2016-06-30": "6.66", "2016-03-31": "7.07", "2015-12-31": "7.19", "2015-09-30": "7.28", "2015-06-30": "6.88", "2015-03-31": "6.99", "2014-12-31": "6.91", "2014-09-30": "6.95", "2014-06-30": "8.06", "2014-03-31": "8.64", "2013-12-31": "8.75", "2013-09-30": "8.07", "2013-06-30": "7.27", "2013-03-31": "8.63", "2012-12-31": "7.94", "2012-09-30": "8.63", "2012-06-30": "11.31", "2012-03-31": "13.78", "2011-12-31": "9.05", "2011-09-30": "9.36", "2011-06-30": "12.81", "2011-03-31": "14.58", "2010-12-31": "10.83", "2010-09-30": "10.45", "2010-06-30": "6.17", "2010-03-31": "9.19", "2009-12-31": "7.53", "2009-09-30": "6.04", "2009-06-30": "5.54", "2009-03-31": "4.65", "2008-12-31": "4.32", "2008-09-30": "3.79", "2008-06-30": "6.55", "2008-03-31": "7.40", "2007-12-31": "7.63", "2007-09-30": "6.36", "2007-06-30": "6.45", "2007-03-31": "5.61", "2006-12-31": "4.41", "2006-09-30": "4.05", "2006-06-30": "2.83", "2006-03-31": "2.56"}, "price fcf": {"2021-02-11": "", "2020-09-30": "$32.19", "2020-06-30": "$53.54", "2020-03-31": "$91.31", "2019-12-31": "$103.36", "2019-09-30": "$102.21", "2019-06-30": "$99.50", "2019-03-31": "$92.48", "2018-12-31": "$101.96", "2018-09-30": "$54.40", "2018-06-30": "$71.26", "2018-03-31": "$78.18", "2017-12-31": "$87.56", "2017-09-30": "$135.57", "2017-06-30": "$108.77", "2017-03-31": "$89.09", "2016-12-31": "$75.19", "2016-09-30": "$72.17", "2016-06-30": "$67.87", "2016-03-31": "$61.15", "2015-12-31": "$58.72", "2015-09-30": "$54.44", "2015-06-30": "$53.18", "2015-03-31": "$53.10", "2014-12-31": "$52.48", "2014-09-30": "$49.41", "2014-06-30": "$43.30", "2014-03-31": "$41.80", "2013-12-31": "$42.30", "2013-09-30": "$41.19", "2013-06-30": "$36.49", "2013-03-31": "$33.71", "2012-12-31": "$33.72", "2012-09-30": "$29.58", "2012-06-30": "$27.30", "2012-03-31": "$23.33", "2011-12-31": "$25.29", "2011-09-30": "$23.40", "2011-06-30": "$18.68", "2011-03-31": "$18.08", "2010-12-31": "$14.80", "2010-09-30": "$14.40", "2010-06-30": "$12.23", "2010-03-31": "$10.44", "2009-12-31": "$9.99", "2009-09-30": "$8.65", "2009-06-30": "$6.88", "2009-03-31": "$6.79", "2008-12-31": "$6.11", "2008-09-30": "$5.94", "2008-06-30": "$5.10", "2008-03-31": "$3.46", "2007-12-31": "$3.08", "2007-09-30": "$2.40", "2007-06-30": "$1.89", "2007-03-31": "$2.20", "2006-12-31": "$2.22"}, "net worth": {"value": "$85.4B"}, "current ratio": {"current": "3.17", "2020-09-30": "3.17", "2020-06-30": "2.93", "2020-03-31": "2.24", "2019-12-31": "1.83", "2019-09-30": "1.82", "2019-06-30": "1.58", "2019-03-31": "1.27", "2018-12-31": "2.37", "2018-09-30": "2.41", "2018-06-30": "1.92", "2018-03-31": "2.14", "2017-12-31": "2.58", "2017-09-30": "2.52", "2017-06-30": "2.20", "2017-03-31": "2.15", "2016-12-31": "1.89", "2016-09-30": "2.01", "2016-06-30": "2.68", "2016-03-31": "2.45", "2015-12-31": "2.47", "2015-09-30": "2.72", "2015-06-30": "2.43", "2015-03-31": "3.50", "2014-12-31": "3.71", "2014-09-30": "4.60", "2014-06-30": "5.65", "2014-03-31": "5.49", "2013-12-31": "5.41", "2013-09-30": "4.10", "2013-06-30": "3.91", "2013-03-31": "3.76", "2012-12-31": "3.89", "2012-09-30": "3.64", "2012-06-30": "3.35", "2012-03-31": "3.26", "2011-12-31": "2.77", "2011-09-30": "2.44", "2011-06-30": "2.11", "2011-03-31": "1.94", "2010-12-31": "4.15", "2010-09-30": "3.63", "2010-06-30": "3.34", "2010-03-31": "4.30", "2009-12-31": "2.50", "2009-09-30": "1.99", "2009-06-30": "1.54", "2009-03-31": "1.31", "2008-12-31": "1.26", "2008-09-30": "0.97", "2008-06-30": "1.02", "2008-03-31": "0.95", "2007-12-31": "0.88", "2007-09-30": "0.83", "2007-06-30": "0.80", "2007-03-31": "0.76", "2006-12-31": "5.00", "2006-09-30": "4.19", "2006-06-30": "2.77", "2006-03-31": "2.76", "2005-12-31": "3.15", "2005-09-30": "2.62", "2005-06-30": "3.41", "2005-03-31": "3.30"}, "quick ratio": {"2020-09-30": "0.00", "2020-06-30": "0.00", "2020-03-31": "0.00", "2019-12-31": "0.00", "2019-09-30": "0.00", "2019-06-30": "0.00", "2019-03-31": "0.00", "2018-12-31": "0.00", "2018-09-30": "0.00", "2018-06-30": "0.00", "2018-03-31": "0.00", "2017-12-31": "0.00", "2017-09-30": "0.00", "2017-06-30": "0.00", "2017-03-31": "0.00", "2016-12-31": "0.00", "2016-09-30": "0.00", "2016-06-30": "0.00", "2016-03-31": "0.00", "2015-12-31": "0.00", "2015-09-30": "0.00", "2015-06-30": "0.00", "2015-03-31": "0.00", "2014-12-31": "0.00", "2014-09-30": "0.00", "2014-06-30": "0.00", "2014-03-31": "0.00", "2013-12-31": "0.00", "2013-09-30": "0.00", "2013-06-30": "0.00", "2013-03-31": "0.00", "2012-12-31": "0.00", "2012-09-30": "0.00", "2012-06-30": "0.00", "2012-03-31": "0.00", "2011-12-31": "0.00", "2011-09-30": "0.00", "2011-06-30": "0.00", "2011-03-31": "0.00", "2010-12-31": "0.00", "2010-09-30": "0.00", "2010-06-30": "0.00", "2010-03-31": "0.00", "2009-12-31": "0.00", "2009-09-30": "0.00", "2009-06-30": "0.00", "2009-03-31": "0.00", "2008-12-31": "0.00", "2008-09-30": "0.00", "2008-06-30": "0.00", "2008-03-31": "0.00", "2007-12-31": "0.00", "2007-09-30": "0.00", "2007-06-30": "0.00", "2007-03-31": "0.00", "2006-12-31": "0.00", "2006-09-30": "0.00", "2006-06-30": "0.00", "2006-03-31": "0.00", "2005-12-31": "0.00", "2005-09-30": "0.00", "2005-06-30": "0.00", "2005-03-31": "0.00"}, "debt equity ratio": {"current": "2.39", "2020-09-30": "3.51", "2020-06-30": "4.23", "2020-03-31": "3.66", "2019-12-31": "2.61", "2019-09-30": "2.60", "2019-06-30": "3.05", "2019-03-31": "2.23", "2018-12-31": "1.58", "2018-09-30": "1.45", "2018-06-30": "1.42", "2018-03-31": "1.35", "2017-12-31": "1.26", "2017-09-30": "1.00", "2017-06-30": "1.02", "2017-03-31": "1.03", "2016-12-31": "1.02", "2016-09-30": "1.04", "2016-06-30": "1.12", "2016-03-31": "1.03", "2015-12-31": "0.98", "2015-09-30": "0.95", "2015-06-30": "0.99", "2015-03-31": "0.95", "2014-12-31": "0.72", "2014-09-30": "0.74", "2014-06-30": "0.48", "2014-03-31": "0.50", "2013-12-31": "0.51", "2013-09-30": "0.63", "2013-06-30": "0.69", "2013-03-31": "0.72", "2012-12-31": "0.69", "2012-09-30": "0.74", "2012-06-30": "0.85", "2012-03-31": "0.97", "2011-12-31": "0.54", "2011-09-30": "0.60", "2011-06-30": "0.69", "2011-03-31": "0.78", "2010-12-31": "0.60", "2010-09-30": "0.68", "2010-06-30": "0.77", "2010-03-31": "0.67", "2009-12-31": "0.39", "2009-09-30": "0.50", "2009-06-30": "0.76", "2009-03-31": "0.89", "2008-12-31": "0.88", "2008-09-30": "1.00", "2008-06-30": "1.14", "2008-03-31": "1.27", "2007-12-31": "1.33", "2007-09-30": "1.56", "2007-06-30": "1.88", "2007-03-31": "2.24", "2006-12-31": "2.05", "2006-09-30": "2.13", "2006-06-30": "0.96", "2006-03-31": "1.01", "2005-12-31": "0.97", "2005-09-30": "0.98", "2005-06-30": "1.55", "2005-03-31": "1.58"}, "return on equity": {"2020-09-30": "29.88%", "2020-06-30": "51.62%", "2020-03-31": "64.71%", "2019-12-31": "80.73%", "2019-09-30": "64.40%", "2019-06-30": "53.71%", "2019-03-31": "46.02%", "2018-12-31": "40.13%", "2018-09-30": "26.44%", "2018-06-30": "24.31%", "2018-03-31": "21.50%", "2017-12-31": "20.12%", "2017-09-30": "31.66%", "2017-06-30": "22.43%", "2017-03-31": "22.33%", "2016-12-31": "22.50%", "2016-09-30": "21.29%", "2016-06-30": "29.80%", "2016-03-31": "29.68%", "2015-12-31": "29.57%", "2015-09-30": "29.16%", "2015-06-30": "27.42%", "2015-03-31": "28.71%", "2014-12-31": "29.95%", "2014-09-30": "30.60%", "2014-06-30": "29.89%", "2014-03-31": "30.01%", "2013-12-31": "32.68%", "2013-09-30": "35.80%", "2013-06-30": "36.18%", "2013-03-31": "41.18%", "2012-12-31": "43.71%", "2012-09-30": "46.50%", "2012-06-30": "46.89%", "2012-03-31": "47.48%", "2011-12-31": "48.67%", "2011-09-30": "48.81%", "2011-06-30": "40.20%", "2011-03-31": "35.32%", "2010-12-31": "34.34%", "2010-09-30": "33.22%", "2010-06-30": "43.33%", "2010-03-31": "44.20%", "2009-12-31": "47.99%", "2009-09-30": "51.55%", "2009-06-30": "28.20%", "2009-03-31": "27.30%", "2008-12-31": "26.45%", "2008-09-30": "24.92%", "2008-06-30": "30.18%", "2008-03-31": "31.47%", "2007-12-31": "29.59%", "2007-09-30": "32.73%", "2007-06-30": "21.95%", "2007-03-31": "15.73%", "2006-12-31": "19.47%", "2006-09-30": "16.83%", "2006-06-30": "47.25%", "2006-03-31": "53.76%", "2005-12-31": "62.83%"}, "return on assets": {"2020-09-30": "6.78%", "2020-06-30": "12.47%", "2020-03-31": "16.55%", "2019-12-31": "22.44%", "2019-09-30": "19.73%", "2019-06-30": "18.29%", "2019-03-31": "17.55%", "2018-12-31": "16.42%", "2018-09-30": "11.17%", "2018-06-30": "10.83%", "2018-03-31": "10.00%", "2017-12-31": "9.68%", "2017-09-30": "15.68%", "2017-06-30": "11.04%", "2017-03-31": "10.87%", "2016-12-31": "10.96%", "2016-09-30": "10.41%", "2016-06-30": "14.74%", "2016-03-31": "14.94%", "2015-12-31": "15.03%", "2015-09-30": "15.32%", "2015-06-30": "14.82%", "2015-03-31": "16.60%", "2014-12-31": "18.49%", "2014-09-30": "19.54%", "2014-06-30": "19.56%", "2014-03-31": "19.04%", "2013-12-31": "20.12%", "2013-09-30": "21.38%", "2013-06-30": "21.24%", "2013-03-31": "23.64%", "2012-12-31": "24.37%", "2012-09-30": "26.21%", "2012-06-30": "26.85%", "2012-03-31": "27.91%", "2011-12-31": "29.72%", "2011-09-30": "29.39%", "2011-06-30": "23.85%", "2011-03-31": "20.75%", "2010-12-31": "20.50%", "2010-09-30": "20.37%", "2010-06-30": "27.35%", "2010-03-31": "28.29%", "2009-12-31": "30.32%", "2009-09-30": "30.02%", "2009-06-30": "15.03%", "2009-03-31": "13.82%", "2008-12-31": "12.80%", "2008-09-30": "11.45%", "2008-06-30": "13.05%", "2008-03-31": "12.71%", "2007-12-31": "11.00%", "2007-09-30": "11.31%", "2007-06-30": "7.15%", "2007-03-31": "5.61%", "2006-12-31": "7.80%", "2006-09-30": "7.55%", "2006-06-30": "23.89%", "2006-03-31": "25.92%", "2005-12-31": "28.75%"}, "return on investments": {"2020-09-30": "4.69%", "2020-06-30": "19.28%", "2020-03-31": "32.26%", "2019-12-31": "36.34%", "2019-09-30": "33.84%", "2019-06-30": "30.48%", "2019-03-31": "28.11%", "2018-12-31": "27.48%", "2018-09-30": "25.76%", "2018-06-30": "24.49%", "2018-03-31": "22.97%", "2017-12-31": "22.62%", "2017-09-30": "23.18%", "2017-06-30": "17.68%", "2017-03-31": "17.42%", "2016-12-31": "18.13%", "2016-09-30": "17.59%", "2016-06-30": "22.56%", "2016-03-31": "23.18%", "2015-12-31": "22.95%", "2015-09-30": "23.46%", "2015-06-30": "22.79%", "2015-03-31": "25.29%", "2014-12-31": "28.22%", "2014-09-30": "30.08%", "2014-06-30": "30.75%", "2014-03-31": "30.43%", "2013-12-31": "32.86%", "2013-09-30": "35.79%", "2013-06-30": "36.44%", "2013-03-31": "41.85%", "2012-12-31": "43.71%", "2012-09-30": "48.34%", "2012-06-30": "51.75%", "2012-03-31": "55.42%", "2011-12-31": "62.03%", "2011-09-30": "59.31%", "2011-06-30": "48.47%", "2011-03-31": "42.25%", "2010-12-31": "39.09%", "2010-09-30": "40.21%", "2010-06-30": "37.03%", "2010-03-31": "38.85%", "2009-12-31": "43.95%", "2009-09-30": "43.42%", "2009-06-30": "53.69%", "2009-03-31": "77.93%", "2008-12-31": "149.87%", "2008-09-30": "inf%", "2008-06-30": "inf%", "2008-03-31": "inf%", "2007-12-31": "inf%", "2007-09-30": "45.97%", "2007-06-30": "13.67%", "2007-03-31": "5.27%", "2006-12-31": "8.29%", "2006-09-30": "8.25%", "2006-06-30": "5.98%", "2006-03-31": "5.27%", "2005-12-31": "6.82%"}, "return on tangible equity": {"2020-09-30": "362.10%", "2020-06-30": "720.68%", "2020-03-31": "666.54%", "2019-12-31": "439.48%", "2019-09-30": "244.09%", "2019-06-30": "150.89%", "2019-03-31": "103.08%", "2018-12-31": "80.20%", "2018-09-30": "49.65%", "2018-06-30": "43.18%", "2018-03-31": "36.55%", "2017-12-31": "33.45%", "2017-09-30": "52.75%", "2017-06-30": "38.48%", "2017-03-31": "42.10%", "2016-12-31": "47.04%", "2016-09-30": "49.20%", "2016-06-30": "78.30%", "2016-03-31": "81.76%", "2015-12-31": "83.95%", "2015-09-30": "84.66%", "2015-06-30": "79.16%", "2015-03-31": "69.52%", "2014-12-31": "63.04%", "2014-09-30": "56.63%", "2014-06-30": "49.54%", "2014-03-31": "51.99%", "2013-12-31": "53.74%", "2013-09-30": "54.94%", "2013-06-30": "50.56%", "2013-03-31": "51.31%", "2012-12-31": "56.14%", "2012-09-30": "61.54%", "2012-06-30": "64.51%", "2012-03-31": "68.37%", "2011-12-31": "73.67%", "2011-09-30": "78.30%", "2011-06-30": "68.47%", "2011-03-31": "62.65%", "2010-12-31": "59.36%", "2010-09-30": "57.20%", "2010-06-30": "74.99%", "2010-03-31": "79.27%", "2009-12-31": "97.95%", "2009-09-30": "129.27%", "2009-06-30": "96.89%", "2009-03-31": "103.90%", "2008-12-31": "106.28%", "2008-09-30": "106.67%", "2008-06-30": "137.57%", "2008-03-31": "188.83%", "2007-12-31": "292.63%", "2007-09-30": "863.49%", "2007-06-30": "-533.33%", "2007-03-31": "-1364.71%", "2006-12-31": "768.42%", "2006-09-30": "284.44%", "2006-06-30": "461.73%", "2006-03-31": "670.27%", "2005-12-31": "1212.70%"}, "dividend yield history": {"last payout": "$0.00", "last yield": "0.00%"}}