{"ticker": "BKR", "price": {"title": "Baker Hughes Historical Annual Stock Price Data", "value": 23.01, "historical": {"2021": {"Average Stock Price": "21.9430", "Year Open": "21.0200", "Year High": "23.7100", "Year Low": "20.0900", "Year Close": "23.0100", "Annual % Change": "10.36%"}, "2020": {"Average Stock Price": "16.5587", "Year Open": "25.6100", "Year High": "25.6400", "Year Low": "9.3300", "Year Close": "20.8500", "Annual % Change": "-18.65%"}, "2019": {"Average Stock Price": "23.8787", "Year Open": "21.0500", "Year High": "28.4600", "Year Low": "20.7100", "Year Close": "25.6300", "Annual % Change": "19.21%"}, "2018": {"Average Stock Price": "30.8032", "Year Open": "32.2300", "Year High": "37.2000", "Year Low": "20.4800", "Year Close": "21.5000", "Annual % Change": "-32.05%"}, "2017": {"Average Stock Price": "46.5165", "Year Open": "65.0300", "Year High": "65.0300", "Year Low": "29.7300", "Year Close": "31.6400", "Annual % Change": "-51.30%"}, "2016": {"Average Stock Price": "49.0224", "Year Open": "47.2500", "Year High": "66.8900", "Year Low": "38.8800", "Year Close": "64.9700", "Annual % Change": "40.78%"}, "2015": {"Average Stock Price": "58.1410", "Year Open": "56.1700", "Year High": "69.1300", "Year Low": "43.3600", "Year Close": "46.1500", "Annual % Change": "-17.69%"}, "2014": {"Average Stock Price": "63.7863", "Year Open": "54.0700", "Year High": "75.3500", "Year Low": "50.0200", "Year Close": "56.0700", "Annual % Change": "1.47%"}, "2013": {"Average Stock Price": "48.4636", "Year Open": "42.1300", "Year High": "58.6600", "Year Low": "42.0100", "Year Close": "55.2600", "Annual % Change": "35.28%"}, "2012": {"Average Stock Price": "44.4136", "Year Open": "51.0200", "Year High": "52.4000", "Year Low": "38.1300", "Year Close": "40.8477", "Annual % Change": "-16.02%"}, "2011": {"Average Stock Price": "63.6585", "Year Open": "57.2900", "Year High": "79.9400", "Year Low": "44.4700", "Year Close": "48.6400", "Annual % Change": "-14.92%"}, "2010": {"Average Stock Price": "46.2675", "Year Open": "41.2400", "Year High": "57.1700", "Year Low": "35.8700", "Year Close": "57.1700", "Annual % Change": "41.23%"}, "2009": {"Average Stock Price": "37.2100", "Year Open": "34.3300", "Year High": "47.6700", "Year Low": "26.5800", "Year Close": "40.4800", "Annual % Change": "26.22%"}, "2008": {"Average Stock Price": "65.4273", "Year Open": "81.1500", "Year High": "89.5600", "Year Low": "26.0200", "Year Close": "32.0700", "Annual % Change": "-60.46%"}, "2007": {"Average Stock Price": "79.1388", "Year Open": "71.5000", "Year High": "98.6700", "Year Low": "62.7400", "Year Close": "81.1000", "Annual % Change": "8.63%"}, "2006": {"Average Stock Price": "73.5285", "Year Open": "63.9300", "Year High": "88.6000", "Year Low": "62.1700", "Year Close": "74.6600", "Annual % Change": "22.84%"}, "2005": {"Average Stock Price": "51.1832", "Year Open": "41.3500", "Year High": "62.7600", "Year Low": "41.2000", "Year Close": "60.7800", "Annual % Change": "42.44%"}, "2004": {"Average Stock Price": "38.5515", "Year Open": "31.8000", "Year High": "44.8900", "Year Low": "31.8000", "Year Close": "42.6700", "Annual % Change": "32.68%"}, "2003": {"Average Stock Price": "30.9054", "Year Open": "33.3800", "Year High": "35.9400", "Year Low": "27.1000", "Year Close": "32.1600", "Annual % Change": "-0.09%"}, "2002": {"Average Stock Price": "32.4436", "Year Open": "35.5600", "Year High": "39.4200", "Year Low": "22.8000", "Year Close": "32.1900", "Annual % Change": "-11.74%"}, "2001": {"Average Stock Price": "36.2265", "Year Open": "42.3800", "Year High": "44.9900", "Year Low": "26.2900", "Year Close": "36.4700", "Annual % Change": "-12.25%"}, "2000": {"Average Stock Price": "32.5612", "Year Open": "20.2500", "Year High": "42.9400", "Year Low": "20.2500", "Year Close": "41.5600", "Annual % Change": "97.34%"}, "1999": {"Average Stock Price": "26.8588", "Year Open": "18.3100", "Year High": "36.1300", "Year Low": "16.6300", "Year Close": "21.0600", "Annual % Change": "19.46%"}, "1998": {"Average Stock Price": "30.1246", "Year Open": "42.6300", "Year High": "44.0000", "Year Low": "15.3800", "Year Close": "17.6300", "Annual % Change": "-59.59%"}, "1997": {"Average Stock Price": "40.4345", "Year Open": "34.5000", "Year High": "49.0000", "Year Low": "33.7500", "Year Close": "43.6300", "Annual % Change": "26.46%"}, "1996": {"Average Stock Price": "30.8295", "Year Open": "24.5000", "Year High": "38.5000", "Year Low": "23.2500", "Year Close": "34.5000", "Annual % Change": "41.51%"}, "1995": {"Average Stock Price": "20.7741", "Year Open": "17.8800", "Year High": "24.8800", "Year Low": "17.0000", "Year Close": "24.3800", "Annual % Change": "33.59%"}, "1994": {"Average Stock Price": "19.4474", "Year Open": "20.0000", "Year High": "21.8800", "Year Low": "17.2500", "Year Close": "18.2500", "Annual % Change": "-8.75%"}, "1993": {"Average Stock Price": "23.9140", "Year Open": "19.5000", "Year High": "29.6300", "Year Low": "18.6300", "Year Close": "20.0000", "Annual % Change": "1.88%"}, "1992": {"Average Stock Price": "20.8757", "Year Open": "20.3800", "Year High": "25.1300", "Year Low": "16.3800", "Year Close": "19.6300", "Annual % Change": "1.97%"}, "1991": {"Average Stock Price": "24.9934", "Year Open": "25.2500", "Year High": "30.0000", "Year Low": "18.3800", "Year Close": "19.2500", "Annual % Change": "-24.89%"}, "1990": {"Average Stock Price": "27.6958", "Year Open": "25.8800", "Year High": "33.3800", "Year Low": "22.8800", "Year Close": "25.6300", "Annual % Change": "0.51%"}, "1989": {"Average Stock Price": "19.2844", "Year Open": "13.8800", "Year High": "26.8800", "Year Low": "13.8800", "Year Close": "25.5000", "Annual % Change": "82.14%"}, "1988": {"Average Stock Price": "15.0568", "Year Open": "14.2500", "Year High": "19.7500", "Year Low": "12.1200", "Year Close": "14.0000", "Annual % Change": "2.79%"}}}, "market cap": {"value": "$23.06B"}, "income statement": {"Revenue": {"2020-12-31": "20705.00000", "2019-12-31": "23838.00000", "2018-12-31": "22877.00000", "2017-12-31": "17179.00000", "2016-12-31": "13082.00000", "2015-12-31": "16688.00000", "2014-12-31": "24551.00000", "2013-12-31": "22364.00000", "2012-12-31": "21361.00000", "2011-12-31": "19831.00000", "2010-12-31": "14414.00000", "2009-12-31": "9664.00000", "2008-12-31": "11864.00000", "2007-12-31": "10428.00000", "2006-12-31": "9027.00000", "2005-12-31": "7185.50000"}, "Cost Of Goods Sold": {"2020-12-31": "17506.00000", "2019-12-31": "19406.00000", "2018-12-31": "18891.00000", "2017-12-31": "14143.00000", "2016-12-31": "10150.00000", "2015-12-31": "12193.00000", "2014-12-31": "19746.00000", "2013-12-31": "18553.00000", "2012-12-31": "17356.00000", "2011-12-31": "15264.00000", "2010-12-31": "11184.00000", "2009-12-31": "7397.00000", "2008-12-31": "7954.00000", "2007-12-31": "6845.00000", "2006-12-31": "5876.00000", "2005-12-31": "5023.70000"}, "Gross Profit": {"2020-12-31": "3199.00000", "2019-12-31": "4432.00000", "2018-12-31": "3986.00000", "2017-12-31": "3036.00000", "2016-12-31": "2932.00000", "2015-12-31": "4495.00000", "2014-12-31": "4805.00000", "2013-12-31": "3811.00000", "2012-12-31": "4005.00000", "2011-12-31": "4567.00000", "2010-12-31": "3230.00000", "2009-12-31": "2267.00000", "2008-12-31": "3910.00000", "2007-12-31": "3583.00000", "2006-12-31": "3151.00000", "2005-12-31": "2161.80000"}, "Research And Development Expenses": {"2020-12-31": "", "2019-12-31": "", "2018-12-31": "", "2017-12-31": "", "2016-12-31": "", "2015-12-31": "", "2014-12-31": "613.00000", "2013-12-31": "556.00000", "2012-12-31": "497.00000", "2011-12-31": "462.00000", "2010-12-31": "429.00000", "2009-12-31": "397.00000", "2008-12-31": "426.00000", "2007-12-31": "372.00000", "2006-12-31": "339.00000", "2005-12-31": "299.60000"}, "SG&A Expenses": {"2020-12-31": "2404.00000", "2019-12-31": "2832.00000", "2018-12-31": "2699.00000", "2017-12-31": "2535.00000", "2016-12-31": "1926.00000", "2015-12-31": "2115.00000", "2014-12-31": "1333.00000", "2013-12-31": "1306.00000", "2012-12-31": "1316.00000", "2011-12-31": "1190.00000", "2010-12-31": "1250.00000", "2009-12-31": "1120.00000", "2008-12-31": "1046.00000", "2007-12-31": "933.00000", "2006-12-31": "878.00000", "2005-12-31": "628.80000"}, "Other Operating Income Or Expenses": {"2020-12-31": "", "2019-12-31": "", "2018-12-31": "", "2017-12-31": "", "2016-12-31": "-516.00000", "2015-12-31": "", "2014-12-31": "", "2013-12-31": "", "2012-12-31": "", "2011-12-31": "-315.00000", "2010-12-31": "", "2009-12-31": "", "2008-12-31": "-62.00000", "2007-12-31": "", "2006-12-31": "", "2005-12-31": ""}, "Operating Expenses": {"2020-12-31": "36683.00000", "2019-12-31": "22764.00000", "2018-12-31": "22176.00000", "2017-12-31": "17463.00000", "2016-12-31": "12625.00000", "2015-12-31": "16826.00000", "2014-12-31": "21692.00000", "2013-12-31": "20415.00000", "2012-12-31": "19169.00000", "2011-12-31": "17231.00000", "2010-12-31": "12997.00000", "2009-12-31": "8932.00000", "2008-12-31": "9488.00000", "2007-12-31": "8150.00000", "2006-12-31": "7093.00000", "2005-12-31": "5952.10000"}, "Operating Income": {"2020-12-31": "-15978.00000", "2019-12-31": "1074.00000", "2018-12-31": "701.00000", "2017-12-31": "-284.00000", "2016-12-31": "457.00000", "2015-12-31": "-138.00000", "2014-12-31": "2859.00000", "2013-12-31": "1949.00000", "2012-12-31": "2192.00000", "2011-12-31": "2600.00000", "2010-12-31": "1417.00000", "2009-12-31": "732.00000", "2008-12-31": "2376.00000", "2007-12-31": "2278.00000", "2006-12-31": "1934.00000", "2005-12-31": "1233.40000"}, "Total Non-Operating Income/Expense": {"2020-12-31": "776.00000", "2019-12-31": "-321.00000", "2018-12-31": "-21.00000", "2017-12-31": "-51.00000", "2016-12-31": "-99.00000", "2015-12-31": "-20.00000", "2014-12-31": "-232.00000", "2013-12-31": "-234.00000", "2012-12-31": "-210.00000", "2011-12-31": "-261.00000", "2010-12-31": "-135.00000", "2009-12-31": "-121.00000", "2008-12-31": "-57.00000", "2007-12-31": "-21.00000", "2006-12-31": "1803.00000", "2005-12-31": "45.80000"}, "Pre-Tax Income": {"2020-12-31": "-15202.00000", "2019-12-31": "753.00000", "2018-12-31": "680.00000", "2017-12-31": "-335.00000", "2016-12-31": "358.00000", "2015-12-31": "-158.00000", "2014-12-31": "2627.00000", "2013-12-31": "1715.00000", "2012-12-31": "1982.00000", "2011-12-31": "2339.00000", "2010-12-31": "1282.00000", "2009-12-31": "611.00000", "2008-12-31": "2319.00000", "2007-12-31": "2257.00000", "2006-12-31": "3737.00000", "2005-12-31": "1279.20000"}, "Income Taxes": {"2020-12-31": "559.00000", "2019-12-31": "", "2018-12-31": "", "2017-12-31": "", "2016-12-31": "173.00000", "2015-12-31": "473.00000", "2014-12-31": "896.00000", "2013-12-31": "612.00000", "2012-12-31": "665.00000", "2011-12-31": "596.00000", "2010-12-31": "463.00000", "2009-12-31": "190.00000", "2008-12-31": "684.00000", "2007-12-31": "743.00000", "2006-12-31": "1338.00000", "2005-12-31": "404.80000"}, "Income After Taxes": {"2020-12-31": "-15761.00000", "2019-12-31": "753.00000", "2018-12-31": "680.00000", "2017-12-31": "-335.00000", "2016-12-31": "185.00000", "2015-12-31": "-631.00000", "2014-12-31": "1731.00000", "2013-12-31": "1103.00000", "2012-12-31": "1317.00000", "2011-12-31": "1743.00000", "2010-12-31": "819.00000", "2009-12-31": "421.00000", "2008-12-31": "1635.00000", "2007-12-31": "1514.00000", "2006-12-31": "2399.00000", "2005-12-31": "874.40000"}, "Other Income": {"2020-12-31": "", "2019-12-31": "", "2018-12-31": "", "2017-12-31": "", "2016-12-31": "", "2015-12-31": "", "2014-12-31": "", "2013-12-31": "", "2012-12-31": "", "2011-12-31": "", "2010-12-31": "", "2009-12-31": "", "2008-12-31": "", "2007-12-31": "", "2006-12-31": "", "2005-12-31": ""}, "Income From Continuous Operations": {"2020-12-31": "-15761.00000", "2019-12-31": "753.00000", "2018-12-31": "541.00000", "2017-12-31": "-346.00000", "2016-12-31": "185.00000", "2015-12-31": "-631.00000", "2014-12-31": "1731.00000", "2013-12-31": "1103.00000", "2012-12-31": "1317.00000", "2011-12-31": "1743.00000", "2010-12-31": "819.00000", "2009-12-31": "421.00000", "2008-12-31": "1635.00000", "2007-12-31": "1514.00000", "2006-12-31": "2399.00000", "2005-12-31": "874.40000"}, "Income From Discontinued Operations": {"2020-12-31": "", "2019-12-31": "-482.00000", "2018-12-31": "-258.00000", "2017-12-31": "-45.00000", "2016-12-31": "", "2015-12-31": "", "2014-12-31": "", "2013-12-31": "", "2012-12-31": "", "2011-12-31": "", "2010-12-31": "", "2009-12-31": "", "2008-12-31": "", "2007-12-31": "", "2006-12-31": "20.00000", "2005-12-31": "4.90000"}, "Net Income": {"2020-12-31": "-9940.00000", "2019-12-31": "128.00000", "2018-12-31": "195.00000", "2017-12-31": "-103.00000", "2016-12-31": "", "2015-12-31": "", "2014-12-31": "1719.00000", "2013-12-31": "1096.00000", "2012-12-31": "1311.00000", "2011-12-31": "1739.00000", "2010-12-31": "812.00000", "2009-12-31": "421.00000", "2008-12-31": "1635.00000", "2007-12-31": "1514.00000", "2006-12-31": "2419.00000", "2005-12-31": "878.40000"}, "EBITDA": {"2020-12-31": "112.00000", "2019-12-31": "2492.00000", "2018-12-31": "2187.00000", "2017-12-31": "819.00000", "2016-12-31": "1007.00000", "2015-12-31": "2472.00000", "2014-12-31": "4673.00000", "2013-12-31": "3647.00000", "2012-12-31": "3760.00000", "2011-12-31": "3921.00000", "2010-12-31": "2486.00000", "2009-12-31": "1443.00000", "2008-12-31": "3013.00000", "2007-12-31": "2799.00000", "2006-12-31": "2363.00000", "2005-12-31": "1610.10000"}, "EBIT": {"2020-12-31": "-15978.00000", "2019-12-31": "1074.00000", "2018-12-31": "701.00000", "2017-12-31": "-284.00000", "2016-12-31": "457.00000", "2015-12-31": "-138.00000", "2014-12-31": "2859.00000", "2013-12-31": "1949.00000", "2012-12-31": "2192.00000", "2011-12-31": "2600.00000", "2010-12-31": "1417.00000", "2009-12-31": "732.00000", "2008-12-31": "2376.00000", "2007-12-31": "2278.00000", "2006-12-31": "1934.00000", "2005-12-31": "1233.40000"}, "Basic Shares Outstanding": {"2020-12-31": "675.00000", "2019-12-31": "555.00000", "2018-12-31": "427.00000", "2017-12-31": "427.00000", "2016-12-31": "", "2015-12-31": "", "2014-12-31": "437.00000", "2013-12-31": "443.00000", "2012-12-31": "440.00000", "2011-12-31": "436.00000", "2010-12-31": "394.00000", "2009-12-31": "310.00000", "2008-12-31": "307.00000", "2007-12-31": "318.00000", "2006-12-31": "331.00000", "2005-12-31": "339.40000"}, "Shares Outstanding": {"2020-12-31": "675.00000", "2019-12-31": "557.00000", "2018-12-31": "429.00000", "2017-12-31": "427.00000", "2016-12-31": "", "2015-12-31": "", "2014-12-31": "439.00000", "2013-12-31": "444.00000", "2012-12-31": "441.00000", "2011-12-31": "438.00000", "2010-12-31": "395.00000", "2009-12-31": "311.00000", "2008-12-31": "309.00000", "2007-12-31": "320.00000", "2006-12-31": "333.00000", "2005-12-31": "341.50000"}, "Basic EPS": {"2020-12-31": "-14.73000", "2019-12-31": "0.23000", "2018-12-31": "0.46000", "2017-12-31": "-0.24000", "2016-12-31": "", "2015-12-31": "", "2014-12-31": "3.93000", "2013-12-31": "2.47000", "2012-12-31": "2.98000", "2011-12-31": "3.99000", "2010-12-31": "2.06000", "2009-12-31": "1.36000", "2008-12-31": "5.32000", "2007-12-31": "4.76000", "2006-12-31": "7.32000", "2005-12-31": "2.59000"}, "EPS - Earnings Per Share": {"2020-12-31": "-14.73000", "2019-12-31": "0.23000", "2018-12-31": "0.45000", "2017-12-31": "-0.24000", "2016-12-31": "0.00000", "2015-12-31": "0.00000", "2014-12-31": "3.92000", "2013-12-31": "2.47000", "2012-12-31": "2.97000", "2011-12-31": "3.97000", "2010-12-31": "2.06000", "2009-12-31": "1.36000", "2008-12-31": "5.30000", "2007-12-31": "4.73000", "2006-12-31": "7.27000", "2005-12-31": "2.57000"}}, "income statement, quarterly": {"Revenue": {"2020-12-31": "5495.00000", "2020-09-30": "5049.00000", "2020-06-30": "4736.00000", "2020-03-31": "5425.00000", "2019-12-31": "6347.00000", "2019-09-30": "5882.00000", "2019-06-30": "5994.00000", "2019-03-31": "5615.00000", "2018-12-31": "6265.00000", "2018-09-30": "5665.00000", "2018-06-30": "5548.00000", "2018-03-31": "5399.00000", "2017-12-31": "5799.00000", "2017-09-30": "5301.00000", "2017-06-30": "3015.00000", "2017-03-31": "3064.00000", "2016-12-31": "4980.00000", "2016-09-30": "3024.00000", "2016-06-30": "2408.00000", "2016-03-31": "2670.00000", "2015-12-31": "4340.00000", "2015-09-30": "3786.00000", "2015-06-30": "3968.00000", "2015-03-31": "4594.00000", "2014-12-31": "6635.00000", "2014-09-30": "6250.00000", "2014-06-30": "5935.00000", "2014-03-31": "5731.00000", "2013-12-31": "5860.00000", "2013-09-30": "5787.00000", "2013-06-30": "5487.00000", "2013-03-31": "5230.00000", "2012-12-31": "5325.00000", "2012-09-30": "5355.00000", "2012-06-30": "5326.00000", "2012-03-31": "5355.00000", "2011-12-31": "5501.00000", "2011-09-30": "5064.00000", "2011-06-30": "4741.00000", "2011-03-31": "4525.00000", "2010-12-31": "4423.00000", "2010-09-30": "4078.00000", "2010-06-30": "3374.00000", "2010-03-31": "2539.00000", "2009-12-31": "2428.00000", "2009-09-30": "2232.00000", "2009-06-30": "2336.00000", "2009-03-31": "2668.00000", "2008-12-31": "3186.00000", "2008-09-30": "3010.00000", "2008-06-30": "2998.00000", "2008-03-31": "2670.00000", "2007-12-31": "2740.10000", "2007-09-30": "2677.60000", "2007-06-30": "2537.50000", "2007-03-31": "2472.80000", "2006-12-31": "2452.30000", "2006-09-30": "2309.40000", "2006-06-30": "2203.30000", "2006-03-31": "2062.00000", "2005-12-31": "1989.40000", "2005-09-30": "1784.80000", "2005-06-30": "1768.40000", "2005-03-31": "1642.90000"}, "Cost Of Goods Sold": {"2020-12-31": "4486.00000", "2020-09-30": "4292.00000", "2020-06-30": "4058.00000", "2020-03-31": "4670.00000", "2019-12-31": "5054.00000", "2019-09-30": "4781.00000", "2019-06-30": "4932.00000", "2019-03-31": "4639.00000", "2018-12-31": "5029.00000", "2018-09-30": "4692.00000", "2018-06-30": "4612.00000", "2018-03-31": "4558.00000", "2017-12-31": "4940.00000", "2017-09-30": "4349.00000", "2017-06-30": "2476.00000", "2017-03-31": "2378.00000", "2016-12-31": "2086.00000", "2016-09-30": "2294.00000", "2016-06-30": "3112.00000", "2016-03-31": "2658.00000", "2015-12-31": "892.00000", "2015-09-30": "3375.00000", "2015-06-30": "3584.00000", "2015-03-31": "4342.00000", "2014-12-31": "5174.00000", "2014-09-30": "5107.00000", "2014-06-30": "4745.00000", "2014-03-31": "4720.00000", "2013-12-31": "4886.00000", "2013-09-30": "4750.00000", "2013-06-30": "4591.00000", "2013-03-31": "4326.00000", "2012-12-31": "4441.00000", "2012-09-30": "4396.00000", "2012-06-30": "4254.00000", "2012-03-31": "4265.00000", "2011-12-31": "4206.00000", "2011-09-30": "3843.00000", "2011-06-30": "3718.00000", "2011-03-31": "3497.00000", "2010-12-31": "3421.00000", "2010-09-30": "3189.00000", "2010-06-30": "2662.00000", "2010-03-31": "1912.00000", "2009-12-31": "1879.00000", "2009-09-30": "1761.00000", "2009-06-30": "1797.00000", "2009-03-31": "1960.00000", "2008-12-31": "2160.00000", "2008-09-30": "2028.00000", "2008-06-30": "1997.00000", "2008-03-31": "1769.00000", "2007-12-31": "1807.50000", "2007-09-30": "1765.80000", "2007-06-30": "1671.60000", "2007-03-31": "1600.10000", "2006-12-31": "1893.80000", "2006-09-30": "1370.50000", "2006-06-30": "1340.60000", "2006-03-31": "1271.10000", "2005-12-31": "1432.30000", "2005-09-30": "1220.00000", "2005-06-30": "1215.80000", "2005-03-31": "1155.60000"}, "Gross Profit": {"2020-12-31": "1009.00000", "2020-09-30": "757.00000", "2020-06-30": "678.00000", "2020-03-31": "755.00000", "2019-12-31": "1293.00000", "2019-09-30": "1101.00000", "2019-06-30": "1062.00000", "2019-03-31": "976.00000", "2018-12-31": "1236.00000", "2018-09-30": "973.00000", "2018-06-30": "936.00000", "2018-03-31": "841.00000", "2017-12-31": "859.00000", "2017-09-30": "952.00000", "2017-06-30": "539.00000", "2017-03-31": "686.00000", "2016-12-31": "2894.00000", "2016-09-30": "730.00000", "2016-06-30": "-704.00000", "2016-03-31": "12.00000", "2015-12-31": "3448.00000", "2015-09-30": "411.00000", "2015-06-30": "384.00000", "2015-03-31": "252.00000", "2014-12-31": "1461.00000", "2014-09-30": "1143.00000", "2014-06-30": "1190.00000", "2014-03-31": "1011.00000", "2013-12-31": "974.00000", "2013-09-30": "1037.00000", "2013-06-30": "896.00000", "2013-03-31": "904.00000", "2012-12-31": "884.00000", "2012-09-30": "959.00000", "2012-06-30": "1072.00000", "2012-03-31": "1090.00000", "2011-12-31": "1295.00000", "2011-09-30": "1221.00000", "2011-06-30": "1023.00000", "2011-03-31": "1028.00000", "2010-12-31": "1002.00000", "2010-09-30": "889.00000", "2010-06-30": "712.00000", "2010-03-31": "627.00000", "2009-12-31": "549.00000", "2009-09-30": "471.00000", "2009-06-30": "539.00000", "2009-03-31": "708.00000", "2008-12-31": "1026.00000", "2008-09-30": "982.00000", "2008-06-30": "1001.00000", "2008-03-31": "901.00000", "2007-12-31": "932.59970", "2007-09-30": "911.80000", "2007-06-30": "865.90000", "2007-03-31": "872.70010", "2006-12-31": "558.49990", "2006-09-30": "938.89990", "2006-06-30": "862.70010", "2006-03-31": "790.90000", "2005-12-31": "557.10010", "2005-09-30": "564.80000", "2005-06-30": "552.60000", "2005-03-31": "487.30000"}, "Research And Development Expenses": {"2020-12-31": "", "2020-09-30": "", "2020-06-30": "", "2020-03-31": "", "2019-12-31": "", "2019-09-30": "", "2019-06-30": "", "2019-03-31": "", "2018-12-31": "", "2018-09-30": "", "2018-06-30": "", "2018-03-31": "", "2017-12-31": "", "2017-09-30": "", "2017-06-30": "", "2017-03-31": "42.00000", "2016-12-31": "", "2016-09-30": "", "2016-06-30": "99.00000", "2016-03-31": "102.00000", "2015-12-31": "", "2015-09-30": "110.00000", "2015-06-30": "118.00000", "2015-03-31": "138.00000", "2014-12-31": "152.00000", "2014-09-30": "159.00000", "2014-06-30": "159.00000", "2014-03-31": "143.00000", "2013-12-31": "156.00000", "2013-09-30": "142.00000", "2013-06-30": "131.00000", "2013-03-31": "127.00000", "2012-12-31": "127.00000", "2012-09-30": "118.00000", "2012-06-30": "128.00000", "2012-03-31": "124.00000", "2011-12-31": "127.00000", "2011-09-30": "115.00000", "2011-06-30": "114.00000", "2011-03-31": "106.00000", "2010-12-31": "105.00000", "2010-09-30": "118.00000", "2010-06-30": "112.00000", "2010-03-31": "94.00000", "2009-12-31": "98.00000", "2009-09-30": "88.00000", "2009-06-30": "102.00000", "2009-03-31": "109.00000", "2008-12-31": "114.00000", "2008-09-30": "103.00000", "2008-06-30": "106.00000", "2008-03-31": "103.00000", "2007-12-31": "93.50000", "2007-09-30": "94.20000", "2007-06-30": "92.70000", "2007-03-31": "91.60000", "2006-12-31": "90.80000", "2006-09-30": "87.80000", "2006-06-30": "82.00000", "2006-03-31": "78.40000", "2005-12-31": "", "2005-09-30": "", "2005-06-30": "", "2005-03-31": ""}, "SG&A Expenses": {"2020-12-31": "574.00000", "2020-09-30": "565.00000", "2020-06-30": "590.00000", "2020-03-31": "675.00000", "2019-12-31": "748.00000", "2019-09-30": "679.00000", "2019-06-30": "701.00000", "2019-03-31": "704.00000", "2018-12-31": "755.00000", "2018-09-30": "608.00000", "2018-06-30": "662.00000", "2018-03-31": "674.00000", "2017-12-31": "787.00000", "2017-09-30": "795.00000", "2017-06-30": "461.00000", "2017-03-31": "492.00000", "2016-12-31": "1022.00000", "2016-09-30": "475.00000", "2016-06-30": "222.00000", "2016-03-31": "207.00000", "2015-12-31": "1353.00000", "2015-09-30": "211.00000", "2015-06-30": "264.00000", "2015-03-31": "287.00000", "2014-12-31": "356.00000", "2014-09-30": "323.00000", "2014-06-30": "338.00000", "2014-03-31": "316.00000", "2013-12-31": "336.00000", "2013-09-30": "319.00000", "2013-06-30": "329.00000", "2013-03-31": "322.00000", "2012-12-31": "317.00000", "2012-09-30": "355.00000", "2012-06-30": "305.00000", "2012-03-31": "339.00000", "2011-12-31": "315.00000", "2011-09-30": "301.00000", "2011-06-30": "292.00000", "2011-03-31": "282.00000", "2010-12-31": "279.00000", "2010-09-30": "354.00000", "2010-06-30": "312.00000", "2010-03-31": "305.00000", "2009-12-31": "283.00000", "2009-09-30": "272.00000", "2009-06-30": "284.00000", "2009-03-31": "281.00000", "2008-12-31": "248.00000", "2008-09-30": "278.00000", "2008-06-30": "270.00000", "2008-03-31": "250.00000", "2007-12-31": "241.00000", "2007-09-30": "235.00000", "2007-06-30": "236.10000", "2007-03-31": "220.90000", "2006-12-31": "-25.20000", "2006-09-30": "338.90000", "2006-06-30": "292.20000", "2006-03-31": "272.10000", "2005-12-31": "-100.10000", "2005-09-30": "256.00000", "2005-06-30": "252.00000", "2005-03-31": "220.90000"}, "Other Operating Income Or Expenses": {"2020-12-31": "", "2020-09-30": "", "2020-06-30": "", "2020-03-31": "", "2019-12-31": "", "2019-09-30": "", "2019-06-30": "", "2019-03-31": "", "2018-12-31": "", "2018-09-30": "", "2018-06-30": "", "2018-03-31": "", "2017-12-31": "", "2017-09-30": "", "2017-06-30": "", "2017-03-31": "", "2016-12-31": "770.00000", "2016-09-30": "", "2016-06-30": "-1126.00000", "2016-03-31": "-160.00000", "2015-12-31": "", "2015-09-30": "-98.00000", "2015-06-30": "-63.00000", "2015-03-31": "-573.00000", "2014-12-31": "", "2014-09-30": "", "2014-06-30": "-62.00000", "2014-03-31": "", "2013-12-31": "", "2013-09-30": "", "2013-06-30": "", "2013-03-31": "", "2012-12-31": "", "2012-09-30": "", "2012-06-30": "", "2012-03-31": "", "2011-12-31": "", "2011-09-30": "", "2011-06-30": "", "2011-03-31": "", "2010-12-31": "", "2010-09-30": "", "2010-06-30": "", "2010-03-31": "", "2009-12-31": "", "2009-09-30": "", "2009-06-30": "", "2009-03-31": "", "2008-12-31": "", "2008-09-30": "", "2008-06-30": "-62.00000", "2008-03-31": "", "2007-12-31": "", "2007-09-30": "", "2007-06-30": "", "2007-03-31": "", "2006-12-31": "", "2006-09-30": "", "2006-06-30": "", "2006-03-31": "", "2005-12-31": "", "2005-09-30": "", "2005-06-30": "", "2005-03-31": ""}, "Operating Expenses": {"2020-12-31": "5313.00000", "2020-09-30": "5098.00000", "2020-06-30": "4788.00000", "2020-03-31": "21484.00000", "2019-12-31": "6017.00000", "2019-09-30": "5585.00000", "2019-06-30": "5723.00000", "2019-03-31": "5439.00000", "2018-12-31": "5883.00000", "2018-09-30": "5383.00000", "2018-06-30": "5470.00000", "2018-03-31": "5440.00000", "2017-12-31": "5910.00000", "2017-09-30": "5494.00000", "2017-06-30": "3081.00000", "2017-03-31": "2978.00000", "2016-12-31": "3570.00000", "2016-09-30": "2848.00000", "2016-06-30": "2978.00000", "2016-03-31": "3229.00000", "2015-12-31": "3459.00000", "2015-09-30": "3887.00000", "2015-06-30": "4112.00000", "2015-03-31": "5368.00000", "2014-12-31": "5620.00000", "2014-09-30": "5589.00000", "2014-06-30": "5304.00000", "2014-03-31": "5179.00000", "2013-12-31": "5378.00000", "2013-09-30": "5211.00000", "2013-06-30": "5051.00000", "2013-03-31": "4775.00000", "2012-12-31": "4885.00000", "2012-09-30": "4869.00000", "2012-06-30": "4687.00000", "2012-03-31": "4728.00000", "2011-12-31": "4963.00000", "2011-09-30": "4259.00000", "2011-06-30": "4124.00000", "2011-03-31": "3885.00000", "2010-12-31": "3861.00000", "2010-09-30": "3673.00000", "2010-06-30": "3142.00000", "2010-03-31": "2321.00000", "2009-12-31": "2278.00000", "2009-09-30": "2121.00000", "2009-06-30": "2183.00000", "2009-03-31": "2350.00000", "2008-12-31": "2522.00000", "2008-09-30": "2409.00000", "2008-06-30": "2435.00000", "2008-03-31": "2122.00000", "2007-12-31": "2142.00000", "2007-09-30": "2095.00000", "2007-06-30": "2000.40000", "2007-03-31": "1912.60000", "2006-12-31": "1959.40000", "2006-09-30": "1797.20000", "2006-06-30": "1714.80000", "2006-03-31": "1621.60000", "2005-12-31": "1631.80000", "2005-09-30": "1476.00000", "2005-06-30": "1467.80000", "2005-03-31": "1376.50000"}, "Operating Income": {"2020-12-31": "182.00000", "2020-09-30": "-49.00000", "2020-06-30": "-52.00000", "2020-03-31": "-16059.00000", "2019-12-31": "330.00000", "2019-09-30": "297.00000", "2019-06-30": "271.00000", "2019-03-31": "176.00000", "2018-12-31": "382.00000", "2018-09-30": "282.00000", "2018-06-30": "78.00000", "2018-03-31": "-41.00000", "2017-12-31": "-111.00000", "2017-09-30": "-193.00000", "2017-06-30": "-66.00000", "2017-03-31": "86.00000", "2016-12-31": "1410.00000", "2016-09-30": "176.00000", "2016-06-30": "-570.00000", "2016-03-31": "-559.00000", "2015-12-31": "881.00000", "2015-09-30": "-101.00000", "2015-06-30": "-144.00000", "2015-03-31": "-774.00000", "2014-12-31": "1015.00000", "2014-09-30": "661.00000", "2014-06-30": "631.00000", "2014-03-31": "552.00000", "2013-12-31": "482.00000", "2013-09-30": "576.00000", "2013-06-30": "436.00000", "2013-03-31": "455.00000", "2012-12-31": "440.00000", "2012-09-30": "486.00000", "2012-06-30": "639.00000", "2012-03-31": "627.00000", "2011-12-31": "538.00000", "2011-09-30": "805.00000", "2011-06-30": "617.00000", "2011-03-31": "640.00000", "2010-12-31": "562.00000", "2010-09-30": "405.00000", "2010-06-30": "232.00000", "2010-03-31": "218.00000", "2009-12-31": "150.00000", "2009-09-30": "111.00000", "2009-06-30": "153.00000", "2009-03-31": "318.00000", "2008-12-31": "664.00000", "2008-09-30": "601.00000", "2008-06-30": "563.00000", "2008-03-31": "548.00000", "2007-12-31": "598.09990", "2007-09-30": "582.60010", "2007-06-30": "537.10010", "2007-03-31": "560.20010", "2006-12-31": "492.90000", "2006-09-30": "512.19980", "2006-06-30": "488.50000", "2006-03-31": "440.40000", "2005-12-31": "357.60020", "2005-09-30": "308.80000", "2005-06-30": "300.60000", "2005-03-31": "266.40000"}, "Total Non-Operating Income/Expense": {"2020-12-31": "1338.00000", "2020-09-30": "-215.00000", "2020-06-30": "-324.00000", "2020-03-31": "-34.00000", "2019-12-31": "-23.00000", "2019-09-30": "-73.00000", "2019-06-30": "-187.00000", "2019-03-31": "-38.00000", "2018-12-31": "92.00000", "2018-09-30": "-49.00000", "2018-06-30": "-20.00000", "2018-03-31": "-44.00000", "2017-12-31": "-38.00000", "2017-09-30": "-37.00000", "2017-06-30": "36.00000", "2017-03-31": "-12.00000", "2016-12-31": "161.00000", "2016-09-30": "-15.00000", "2016-06-30": "-190.00000", "2016-03-31": "-55.00000", "2015-12-31": "142.00000", "2015-09-30": "-55.00000", "2015-06-30": "-53.00000", "2015-03-31": "-54.00000", "2014-12-31": "-57.00000", "2014-09-30": "-59.00000", "2014-06-30": "-59.00000", "2014-03-31": "-57.00000", "2013-12-31": "-61.00000", "2013-09-30": "-58.00000", "2013-06-30": "-60.00000", "2013-03-31": "-55.00000", "2012-12-31": "-57.00000", "2012-09-30": "-49.00000", "2012-06-30": "-50.00000", "2012-03-31": "-54.00000", "2011-12-31": "-57.00000", "2011-09-30": "-98.00000", "2011-06-30": "-54.00000", "2011-03-31": "-52.00000", "2010-12-31": "-42.00000", "2010-09-30": "-39.00000", "2010-06-30": "-30.00000", "2010-03-31": "-24.00000", "2009-12-31": "-28.00000", "2009-09-30": "-28.00000", "2009-06-30": "-31.00000", "2009-03-31": "-34.00000", "2008-12-31": "-55.00000", "2008-09-30": "-11.00000", "2008-06-30": "-12.00000", "2008-03-31": "21.00000", "2007-12-31": "-4.40000", "2007-09-30": "-6.20000", "2007-06-30": "-5.30000", "2007-03-31": "-5.10000", "2006-12-31": "-3.10000", "2006-09-30": "5.10000", "2006-06-30": "1762.00000", "2006-03-31": "39.00000", "2005-12-31": "23.60000", "2005-09-30": "13.60000", "2005-06-30": "4.80000", "2005-03-31": "3.80000"}, "Pre-Tax Income": {"2020-12-31": "1520.00000", "2020-09-30": "-264.00000", "2020-06-30": "-376.00000", "2020-03-31": "-16093.00000", "2019-12-31": "307.00000", "2019-09-30": "224.00000", "2019-06-30": "84.00000", "2019-03-31": "138.00000", "2018-12-31": "474.00000", "2018-09-30": "233.00000", "2018-06-30": "58.00000", "2018-03-31": "-85.00000", "2017-12-31": "-149.00000", "2017-09-30": "-230.00000", "2017-06-30": "-30.00000", "2017-03-31": "74.00000", "2016-12-31": "1571.00000", "2016-09-30": "161.00000", "2016-06-30": "-760.00000", "2016-03-31": "-614.00000", "2015-12-31": "1023.00000", "2015-09-30": "-156.00000", "2015-06-30": "-197.00000", "2015-03-31": "-828.00000", "2014-12-31": "958.00000", "2014-09-30": "602.00000", "2014-06-30": "572.00000", "2014-03-31": "495.00000", "2013-12-31": "421.00000", "2013-09-30": "518.00000", "2013-06-30": "376.00000", "2013-03-31": "400.00000", "2012-12-31": "383.00000", "2012-09-30": "437.00000", "2012-06-30": "589.00000", "2012-03-31": "573.00000", "2011-12-31": "481.00000", "2011-09-30": "707.00000", "2011-06-30": "563.00000", "2011-03-31": "588.00000", "2010-12-31": "520.00000", "2010-09-30": "366.00000", "2010-06-30": "202.00000", "2010-03-31": "194.00000", "2009-12-31": "122.00000", "2009-09-30": "83.00000", "2009-06-30": "122.00000", "2009-03-31": "284.00000", "2008-12-31": "609.00000", "2008-09-30": "590.00000", "2008-06-30": "551.00000", "2008-03-31": "569.00000", "2007-12-31": "593.70010", "2007-09-30": "576.40000", "2007-06-30": "531.80000", "2007-03-31": "555.10000", "2006-12-31": "489.80000", "2006-09-30": "517.30000", "2006-06-30": "2250.50000", "2006-03-31": "479.40000", "2005-12-31": "381.19990", "2005-09-30": "322.40000", "2005-06-30": "305.40000", "2005-03-31": "270.20000"}, "Income Taxes": {"2020-12-31": "568.00000", "2020-09-30": "6.00000", "2020-06-30": "-21.00000", "2020-03-31": "5.00000", "2019-12-31": "", "2019-09-30": "107.00000", "2019-06-30": "95.00000", "2019-03-31": "67.00000", "2018-12-31": "", "2018-09-30": "110.00000", "2018-06-30": "62.00000", "2018-03-31": "-86.00000", "2017-12-31": "", "2017-09-30": "114.00000", "2017-06-30": "-10.00000", "2017-03-31": "8.00000", "2016-12-31": "-416.00000", "2016-09-30": "70.00000", "2016-06-30": "152.00000", "2016-03-31": "367.00000", "2015-12-31": "715.00000", "2015-09-30": "", "2015-06-30": "-7.00000", "2015-03-31": "-235.00000", "2014-12-31": "291.00000", "2014-09-30": "233.00000", "2014-06-30": "213.00000", "2014-03-31": "159.00000", "2013-12-31": "171.00000", "2013-09-30": "178.00000", "2013-06-30": "131.00000", "2013-03-31": "132.00000", "2012-12-31": "168.00000", "2012-09-30": "153.00000", "2012-06-30": "151.00000", "2012-03-31": "193.00000", "2011-12-31": "155.00000", "2011-09-30": "9.00000", "2011-06-30": "228.00000", "2011-03-31": "204.00000", "2010-12-31": "178.00000", "2010-09-30": "111.00000", "2010-06-30": "109.00000", "2010-03-31": "65.00000", "2009-12-31": "38.00000", "2009-09-30": "28.00000", "2009-06-30": "35.00000", "2009-03-31": "89.00000", "2008-12-31": "177.00000", "2008-09-30": "161.00000", "2008-06-30": "172.00000", "2008-03-31": "174.00000", "2007-12-31": "193.10000", "2007-09-30": "187.30000", "2007-06-30": "182.20000", "2007-03-31": "180.40000", "2006-12-31": "163.20000", "2006-09-30": "158.70000", "2006-06-30": "855.50000", "2006-03-31": "160.60000", "2005-12-31": "123.80000", "2005-09-30": "101.80000", "2005-06-30": "87.40000", "2005-03-31": "91.80000"}, "Income After Taxes": {"2020-12-31": "952.00000", "2020-09-30": "-270.00000", "2020-06-30": "-355.00000", "2020-03-31": "-16098.00000", "2019-12-31": "576.00000", "2019-09-30": "117.00000", "2019-06-30": "-11.00000", "2019-03-31": "71.00000", "2018-12-31": "560.00000", "2018-09-30": "123.00000", "2018-06-30": "-4.00000", "2018-03-31": "1.00000", "2017-12-31": "-37.00000", "2017-09-30": "-344.00000", "2017-06-30": "-20.00000", "2017-03-31": "66.00000", "2016-12-31": "1987.00000", "2016-09-30": "91.00000", "2016-06-30": "-912.00000", "2016-03-31": "-981.00000", "2015-12-31": "308.00000", "2015-09-30": "-156.00000", "2015-06-30": "-190.00000", "2015-03-31": "-593.00000", "2014-12-31": "667.00000", "2014-09-30": "369.00000", "2014-06-30": "359.00000", "2014-03-31": "336.00000", "2013-12-31": "250.00000", "2013-09-30": "340.00000", "2013-06-30": "245.00000", "2013-03-31": "268.00000", "2012-12-31": "215.00000", "2012-09-30": "284.00000", "2012-06-30": "438.00000", "2012-03-31": "380.00000", "2011-12-31": "326.00000", "2011-09-30": "698.00000", "2011-06-30": "335.00000", "2011-03-31": "384.00000", "2010-12-31": "342.00000", "2010-09-30": "255.00000", "2010-06-30": "93.00000", "2010-03-31": "129.00000", "2009-12-31": "84.00000", "2009-09-30": "55.00000", "2009-06-30": "87.00000", "2009-03-31": "195.00000", "2008-12-31": "432.00000", "2008-09-30": "429.00000", "2008-06-30": "379.00000", "2008-03-31": "395.00000", "2007-12-31": "400.59990", "2007-09-30": "389.10000", "2007-06-30": "349.60000", "2007-03-31": "374.70000", "2006-12-31": "326.60000", "2006-09-30": "358.60000", "2006-06-30": "1395.00000", "2006-03-31": "318.80000", "2005-12-31": "257.40000", "2005-09-30": "220.60000", "2005-06-30": "218.00000", "2005-03-31": "178.40000"}, "Other Income": {"2020-12-31": "", "2020-09-30": "", "2020-06-30": "", "2020-03-31": "", "2019-12-31": "", "2019-09-30": "", "2019-06-30": "", "2019-03-31": "", "2018-12-31": "", "2018-09-30": "", "2018-06-30": "", "2018-03-31": "", "2017-12-31": "", "2017-09-30": "", "2017-06-30": "", "2017-03-31": "", "2016-12-31": "", "2016-09-30": "", "2016-06-30": "", "2016-03-31": "", "2015-12-31": "", "2015-09-30": "", "2015-06-30": "", "2015-03-31": "", "2014-12-31": "", "2014-09-30": "", "2014-06-30": "", "2014-03-31": "", "2013-12-31": "", "2013-09-30": "", "2013-06-30": "", "2013-03-31": "", "2012-12-31": "", "2012-09-30": "", "2012-06-30": "", "2012-03-31": "", "2011-12-31": "", "2011-09-30": "", "2011-06-30": "", "2011-03-31": "", "2010-12-31": "", "2010-09-30": "", "2010-06-30": "", "2010-03-31": "", "2009-12-31": "", "2009-09-30": "", "2009-06-30": "", "2009-03-31": "", "2008-12-31": "", "2008-09-30": "", "2008-06-30": "", "2008-03-31": "", "2007-12-31": "", "2007-09-30": "", "2007-06-30": "", "2007-03-31": "", "2006-12-31": "", "2006-09-30": "", "2006-06-30": "", "2006-03-31": "", "2005-12-31": "", "2005-09-30": "", "2005-06-30": "", "2005-03-31": ""}, "Income From Continuous Operations": {"2020-12-31": "952.00000", "2020-09-30": "-270.00000", "2020-06-30": "-355.00000", "2020-03-31": "-16098.00000", "2019-12-31": "576.00000", "2019-09-30": "117.00000", "2019-06-30": "-11.00000", "2019-03-31": "71.00000", "2018-12-31": "560.00000", "2018-09-30": "38.00000", "2018-06-30": "-38.00000", "2018-03-31": "-19.00000", "2017-12-31": "-35.00000", "2017-09-30": "-357.00000", "2017-06-30": "-20.00000", "2017-03-31": "66.00000", "2016-12-31": "1987.00000", "2016-09-30": "91.00000", "2016-06-30": "-912.00000", "2016-03-31": "-981.00000", "2015-12-31": "308.00000", "2015-09-30": "-156.00000", "2015-06-30": "-190.00000", "2015-03-31": "-593.00000", "2014-12-31": "667.00000", "2014-09-30": "369.00000", "2014-06-30": "359.00000", "2014-03-31": "336.00000", "2013-12-31": "250.00000", "2013-09-30": "340.00000", "2013-06-30": "245.00000", "2013-03-31": "268.00000", "2012-12-31": "215.00000", "2012-09-30": "284.00000", "2012-06-30": "438.00000", "2012-03-31": "380.00000", "2011-12-31": "326.00000", "2011-09-30": "698.00000", "2011-06-30": "335.00000", "2011-03-31": "384.00000", "2010-12-31": "342.00000", "2010-09-30": "255.00000", "2010-06-30": "93.00000", "2010-03-31": "129.00000", "2009-12-31": "84.00000", "2009-09-30": "55.00000", "2009-06-30": "87.00000", "2009-03-31": "195.00000", "2008-12-31": "432.00000", "2008-09-30": "429.00000", "2008-06-30": "379.00000", "2008-03-31": "395.00000", "2007-12-31": "400.59990", "2007-09-30": "389.10000", "2007-06-30": "349.60000", "2007-03-31": "374.70000", "2006-12-31": "326.60000", "2006-09-30": "358.60000", "2006-06-30": "1395.00000", "2006-03-31": "318.80000", "2005-12-31": "257.40010", "2005-09-30": "220.60000", "2005-06-30": "218.00000", "2005-03-31": "178.40000"}, "Income From Discontinued Operations": {"2020-12-31": "", "2020-09-30": "", "2020-06-30": "", "2020-03-31": "", "2019-12-31": "", "2019-09-30": "", "2019-06-30": "", "2019-03-31": "", "2018-12-31": "", "2018-09-30": "", "2018-06-30": "", "2018-03-31": "", "2017-12-31": "", "2017-09-30": "", "2017-06-30": "", "2017-03-31": "", "2016-12-31": "", "2016-09-30": "", "2016-06-30": "", "2016-03-31": "", "2015-12-31": "", "2015-09-30": "", "2015-06-30": "", "2015-03-31": "", "2014-12-31": "", "2014-09-30": "", "2014-06-30": "", "2014-03-31": "", "2013-12-31": "", "2013-09-30": "", "2013-06-30": "", "2013-03-31": "", "2012-12-31": "", "2012-09-30": "", "2012-06-30": "", "2012-03-31": "", "2011-12-31": "", "2011-09-30": "8.00000", "2011-06-30": "", "2011-03-31": "", "2010-12-31": "", "2010-09-30": "", "2010-06-30": "", "2010-03-31": "", "2009-12-31": "", "2009-09-30": "", "2009-06-30": "", "2009-03-31": "", "2008-12-31": "", "2008-09-30": "", "2008-06-30": "", "2008-03-31": "", "2007-12-31": "", "2007-09-30": "", "2007-06-30": "", "2007-03-31": "", "2006-12-31": "-0.40000", "2006-09-30": "", "2006-06-30": "", "2006-03-31": "20.40000", "2005-12-31": "1.40000", "2005-09-30": "1.30000", "2005-06-30": "0.80000", "2005-03-31": "1.40000"}, "Net Income": {"2020-12-31": "653.00000", "2020-09-30": "-170.00000", "2020-06-30": "-201.00000", "2020-03-31": "-10210.00000", "2019-12-31": "48.00000", "2019-09-30": "57.00000", "2019-06-30": "-9.00000", "2019-03-31": "32.00000", "2018-12-31": "131.00000", "2018-09-30": "13.00000", "2018-06-30": "-19.00000", "2018-03-31": "70.00000", "2017-12-31": "31.00000", "2017-09-30": "-134.00000", "2017-06-30": "", "2017-03-31": "", "2016-12-31": "", "2016-09-30": "", "2016-06-30": "-911.00000", "2016-03-31": "-981.00000", "2015-12-31": "", "2015-09-30": "-159.00000", "2015-06-30": "-188.00000", "2015-03-31": "-589.00000", "2014-12-31": "663.00000", "2014-09-30": "375.00000", "2014-06-30": "353.00000", "2014-03-31": "328.00000", "2013-12-31": "248.00000", "2013-09-30": "341.00000", "2013-06-30": "240.00000", "2013-03-31": "267.00000", "2012-12-31": "214.00000", "2012-09-30": "279.00000", "2012-06-30": "439.00000", "2012-03-31": "379.00000", "2011-12-31": "314.00000", "2011-09-30": "706.00000", "2011-06-30": "338.00000", "2011-03-31": "381.00000", "2010-12-31": "335.00000", "2010-09-30": "255.00000", "2010-06-30": "93.00000", "2010-03-31": "129.00000", "2009-12-31": "84.00000", "2009-09-30": "55.00000", "2009-06-30": "87.00000", "2009-03-31": "195.00000", "2008-12-31": "432.00000", "2008-09-30": "429.00000", "2008-06-30": "379.00000", "2008-03-31": "395.00000", "2007-12-31": "400.60000", "2007-09-30": "389.10000", "2007-06-30": "349.60000", "2007-03-31": "374.70000", "2006-12-31": "326.19990", "2006-09-30": "358.60000", "2006-06-30": "1395.00000", "2006-03-31": "339.20000", "2005-12-31": "257.90000", "2005-09-30": "221.90000", "2005-06-30": "218.80000", "2005-03-31": "179.80000"}, "EBITDA": {"2020-12-31": "", "2020-09-30": "271.00000", "2020-06-30": "287.00000", "2020-03-31": "-206.00000", "2019-12-31": "683.00000", "2019-09-30": "653.00000", "2019-06-30": "630.00000", "2019-03-31": "526.00000", "2018-12-31": "735.00000", "2018-09-30": "635.00000", "2018-06-30": "470.00000", "2018-03-31": "347.00000", "2017-12-31": "276.00000", "2017-09-30": "233.00000", "2017-06-30": "92.00000", "2017-03-31": "218.00000", "2016-12-31": "1521.00000", "2016-09-30": "-1885.00000", "2016-06-30": "1576.00000", "2016-03-31": "-205.00000", "2015-12-31": "2165.00000", "2015-09-30": "331.00000", "2015-06-30": "290.00000", "2015-03-31": "-314.00000", "2014-12-31": "1483.00000", "2014-09-30": "1116.00000", "2014-06-30": "1085.00000", "2014-03-31": "989.00000", "2013-12-31": "918.00000", "2013-09-30": "999.00000", "2013-06-30": "860.00000", "2013-03-31": "870.00000", "2012-12-31": "857.00000", "2012-09-30": "894.00000", "2012-06-30": "1019.00000", "2012-03-31": "990.00000", "2011-12-31": "908.00000", "2011-09-30": "1110.00000", "2011-06-30": "948.00000", "2011-03-31": "955.00000", "2010-12-31": "888.00000", "2010-09-30": "698.00000", "2010-06-30": "493.00000", "2010-03-31": "407.00000", "2009-12-31": "329.00000", "2009-09-30": "288.00000", "2009-06-30": "335.00000", "2009-03-31": "491.00000", "2008-12-31": "841.00000", "2008-09-30": "759.00000", "2008-06-30": "718.00000", "2008-03-31": "695.00000", "2007-12-31": "742.59990", "2007-09-30": "715.70010", "2007-06-30": "662.00010", "2007-03-31": "678.70010", "2006-12-31": "610.00000", "2006-09-30": "621.09990", "2006-06-30": "592.80000", "2006-03-31": "539.10000", "2005-12-31": "455.60020", "2005-09-30": "404.70010", "2005-06-30": "392.70000", "2005-03-31": "357.10000"}, "EBIT": {"2020-12-31": "182.00000", "2020-09-30": "-49.00000", "2020-06-30": "-52.00000", "2020-03-31": "-16059.00000", "2019-12-31": "330.00000", "2019-09-30": "297.00000", "2019-06-30": "271.00000", "2019-03-31": "176.00000", "2018-12-31": "382.00000", "2018-09-30": "282.00000", "2018-06-30": "78.00000", "2018-03-31": "-41.00000", "2017-12-31": "-111.00000", "2017-09-30": "-193.00000", "2017-06-30": "-66.00000", "2017-03-31": "86.00000", "2016-12-31": "1410.00000", "2016-09-30": "176.00000", "2016-06-30": "-570.00000", "2016-03-31": "-559.00000", "2015-12-31": "881.00000", "2015-09-30": "-101.00000", "2015-06-30": "-144.00000", "2015-03-31": "-774.00000", "2014-12-31": "1015.00000", "2014-09-30": "661.00000", "2014-06-30": "631.00000", "2014-03-31": "552.00000", "2013-12-31": "482.00000", "2013-09-30": "576.00000", "2013-06-30": "436.00000", "2013-03-31": "455.00000", "2012-12-31": "440.00000", "2012-09-30": "486.00000", "2012-06-30": "639.00000", "2012-03-31": "627.00000", "2011-12-31": "538.00000", "2011-09-30": "805.00000", "2011-06-30": "617.00000", "2011-03-31": "640.00000", "2010-12-31": "562.00000", "2010-09-30": "405.00000", "2010-06-30": "232.00000", "2010-03-31": "218.00000", "2009-12-31": "150.00000", "2009-09-30": "111.00000", "2009-06-30": "153.00000", "2009-03-31": "318.00000", "2008-12-31": "664.00000", "2008-09-30": "601.00000", "2008-06-30": "563.00000", "2008-03-31": "548.00000", "2007-12-31": "598.09970", "2007-09-30": "582.60010", "2007-06-30": "537.10010", "2007-03-31": "560.20010", "2006-12-31": "492.90010", "2006-09-30": "512.19980", "2006-06-30": "488.50000", "2006-03-31": "440.40000", "2005-12-31": "357.59990", "2005-09-30": "308.80000", "2005-06-30": "300.60000", "2005-03-31": "266.40000"}, "Basic Shares Outstanding": {"2020-12-31": "713.00000", "2020-09-30": "676.00000", "2020-06-30": "655.00000", "2020-03-31": "653.00000", "2019-12-31": "555.00000", "2019-09-30": "538.00000", "2019-06-30": "515.00000", "2019-03-31": "515.00000", "2018-12-31": "427.00000", "2018-09-30": "412.00000", "2018-06-30": "414.00000", "2018-03-31": "421.00000", "2017-12-31": "427.00000", "2017-09-30": "428.00000", "2017-06-30": "417.00000", "2017-03-31": "", "2016-12-31": "", "2016-09-30": "428.00000", "2016-06-30": "438.00000", "2016-03-31": "442.00000", "2015-12-31": "", "2015-09-30": "439.00000", "2015-06-30": "438.00000", "2015-03-31": "437.00000", "2014-12-31": "437.00000", "2014-09-30": "436.00000", "2014-06-30": "437.00000", "2014-03-31": "439.00000", "2013-12-31": "443.00000", "2013-09-30": "444.00000", "2013-06-30": "443.00000", "2013-03-31": "443.00000", "2012-12-31": "440.00000", "2012-09-30": "440.00000", "2012-06-30": "439.00000", "2012-03-31": "439.00000", "2011-12-31": "436.00000", "2011-09-30": "437.00000", "2011-06-30": "436.00000", "2011-03-31": "435.00000", "2010-12-31": "394.00000", "2010-09-30": "432.00000", "2010-06-30": "398.00000", "2010-03-31": "313.00000", "2009-12-31": "310.00000", "2009-09-30": "310.00000", "2009-06-30": "310.00000", "2009-03-31": "310.00000", "2008-12-31": "307.00000", "2008-09-30": "307.00000", "2008-06-30": "307.00000", "2008-03-31": "310.00000", "2007-12-31": "318.00000", "2007-09-30": "317.60000", "2007-06-30": "319.10000", "2007-03-31": "319.10000", "2006-12-31": "331.00000", "2006-09-30": "326.30000", "2006-06-30": "335.80000", "2006-03-31": "341.20000", "2005-12-31": "339.40000", "2005-09-30": "340.50000", "2005-06-30": "338.60000", "2005-03-31": "337.70000"}, "Shares Outstanding": {"2020-12-31": "717.00000", "2020-09-30": "676.00000", "2020-06-30": "655.00000", "2020-03-31": "653.00000", "2019-12-31": "557.00000", "2019-09-30": "541.00000", "2019-06-30": "515.00000", "2019-03-31": "516.00000", "2018-12-31": "429.00000", "2018-09-30": "414.00000", "2018-06-30": "414.00000", "2018-03-31": "422.00000", "2017-12-31": "427.00000", "2017-09-30": "428.00000", "2017-06-30": "419.00000", "2017-03-31": "", "2016-12-31": "", "2016-09-30": "428.00000", "2016-06-30": "438.00000", "2016-03-31": "442.00000", "2015-12-31": "", "2015-09-30": "439.00000", "2015-06-30": "438.00000", "2015-03-31": "437.00000", "2014-12-31": "439.00000", "2014-09-30": "438.00000", "2014-06-30": "440.00000", "2014-03-31": "441.00000", "2013-12-31": "444.00000", "2013-09-30": "445.00000", "2013-06-30": "444.00000", "2013-03-31": "444.00000", "2012-12-31": "441.00000", "2012-09-30": "441.00000", "2012-06-30": "440.00000", "2012-03-31": "440.00000", "2011-12-31": "438.00000", "2011-09-30": "439.00000", "2011-06-30": "438.00000", "2011-03-31": "437.00000", "2010-12-31": "395.00000", "2010-09-30": "433.00000", "2010-06-30": "399.00000", "2010-03-31": "313.00000", "2009-12-31": "311.00000", "2009-09-30": "311.00000", "2009-06-30": "310.00000", "2009-03-31": "310.00000", "2008-12-31": "309.00000", "2008-09-30": "308.00000", "2008-06-30": "308.00000", "2008-03-31": "311.00000", "2007-12-31": "320.00000", "2007-09-30": "319.80000", "2007-06-30": "321.30000", "2007-03-31": "321.00000", "2006-12-31": "333.00000", "2006-09-30": "328.10000", "2006-06-30": "337.40000", "2006-03-31": "342.70000", "2005-12-31": "341.50000", "2005-09-30": "342.90000", "2005-06-30": "340.40000", "2005-03-31": "339.50000"}, "Basic EPS": {"2020-12-31": "0.92000", "2020-09-30": "-0.25000", "2020-06-30": "-0.31000", "2020-03-31": "-15.64000", "2019-12-31": "0.08000", "2019-09-30": "0.11000", "2019-06-30": "-0.02000", "2019-03-31": "0.06000", "2018-12-31": "0.31000", "2018-09-30": "0.03000", "2018-06-30": "-0.05000", "2018-03-31": "0.17000", "2017-12-31": "0.07000", "2017-09-30": "-0.31000", "2017-06-30": "", "2017-03-31": "", "2016-12-31": "", "2016-09-30": "-0.24000", "2016-06-30": "-2.08000", "2016-03-31": "-2.22000", "2015-12-31": "", "2015-09-30": "-0.36000", "2015-06-30": "-0.43000", "2015-03-31": "-1.35000", "2014-12-31": "1.51000", "2014-09-30": "0.86000", "2014-06-30": "0.81000", "2014-03-31": "0.75000", "2013-12-31": "0.56000", "2013-09-30": "0.77000", "2013-06-30": "0.54000", "2013-03-31": "0.60000", "2012-12-31": "0.49000", "2012-09-30": "0.63000", "2012-06-30": "1.00000", "2012-03-31": "0.86000", "2011-12-31": "0.71000", "2011-09-30": "1.62000", "2011-06-30": "0.78000", "2011-03-31": "0.88000", "2010-12-31": "0.83000", "2010-09-30": "0.59000", "2010-06-30": "0.23000", "2010-03-31": "0.41000", "2009-12-31": "0.27000", "2009-09-30": "0.18000", "2009-06-30": "0.28000", "2009-03-31": "0.63000", "2008-12-31": "1.40000", "2008-09-30": "1.40000", "2008-06-30": "1.24000", "2008-03-31": "1.28000", "2007-12-31": "1.26000", "2007-09-30": "1.23000", "2007-06-30": "1.10000", "2007-03-31": "1.17000", "2006-12-31": "1.08000", "2006-09-30": "1.10000", "2006-06-30": "4.15000", "2006-03-31": "0.99000", "2005-12-31": "0.76000", "2005-09-30": "0.65000", "2005-06-30": "0.65000", "2005-03-31": "0.53000"}, "EPS - Earnings Per Share": {"2020-12-31": "0.91000", "2020-09-30": "-0.25000", "2020-06-30": "-0.31000", "2020-03-31": "-15.64000", "2019-12-31": "0.08000", "2019-09-30": "0.11000", "2019-06-30": "-0.02000", "2019-03-31": "0.06000", "2018-12-31": "0.30000", "2018-09-30": "0.03000", "2018-06-30": "-0.05000", "2018-03-31": "0.17000", "2017-12-31": "-0.05000", "2017-09-30": "-0.31000", "2017-06-30": "0.12000", "2017-03-31": "0.00000", "2016-12-31": "0.00000", "2016-09-30": "-0.24000", "2016-06-30": "-2.08000", "2016-03-31": "-2.22000", "2015-12-31": "0.00000", "2015-09-30": "-0.36000", "2015-06-30": "-0.43000", "2015-03-31": "-1.35000", "2014-12-31": "1.52000", "2014-09-30": "0.86000", "2014-06-30": "0.80000", "2014-03-31": "0.74000", "2013-12-31": "0.56000", "2013-09-30": "0.77000", "2013-06-30": "0.54000", "2013-03-31": "0.60000", "2012-12-31": "0.48000", "2012-09-30": "0.63000", "2012-06-30": "1.00000", "2012-03-31": "0.86000", "2011-12-31": "0.72000", "2011-09-30": "1.61000", "2011-06-30": "0.77000", "2011-03-31": "0.87000", "2010-12-31": "0.83000", "2010-09-30": "0.59000", "2010-06-30": "0.23000", "2010-03-31": "0.41000", "2009-12-31": "0.27000", "2009-09-30": "0.18000", "2009-06-30": "0.28000", "2009-03-31": "0.63000", "2008-12-31": "1.41000", "2008-09-30": "1.39000", "2008-06-30": "1.23000", "2008-03-31": "1.27000", "2007-12-31": "1.25000", "2007-09-30": "1.22000", "2007-06-30": "1.09000", "2007-03-31": "1.17000", "2006-12-31": "1.05000", "2006-09-30": "1.09000", "2006-06-30": "4.14000", "2006-03-31": "0.99000", "2005-12-31": "0.75000", "2005-09-30": "0.65000", "2005-06-30": "0.64000", "2005-03-31": "0.53000"}}, "balance sheet": {"Cash On Hand": {"2020-12-31": "4132.00000", "2019-12-31": "3249.00000", "2018-12-31": "3723.00000", "2017-12-31": "7030.00000", "2016-12-31": "981.00000", "2015-12-31": "2324.00000", "2014-12-31": "1740.00000", "2013-12-31": "1399.00000", "2012-12-31": "1015.00000", "2011-12-31": "1050.00000", "2010-12-31": "1706.00000", "2009-12-31": "1595.00000", "2008-12-31": "1955.00000", "2007-12-31": "1054.00000", "2006-12-31": "1103.70000", "2005-12-31": "774.00000"}, "Receivables": {"2020-12-31": "5622.00000", "2019-12-31": "6416.00000", "2018-12-31": "5969.00000", "2017-12-31": "6015.00000", "2016-12-31": "2563.00000", "2015-12-31": "3217.00000", "2014-12-31": "5418.00000", "2013-12-31": "5138.00000", "2012-12-31": "4815.00000", "2011-12-31": "4878.00000", "2010-12-31": "3942.00000", "2009-12-31": "2331.00000", "2008-12-31": "2759.00000", "2007-12-31": "2383.00000", "2006-12-31": "2055.10000", "2005-12-31": "1673.40000"}, "Inventory": {"2020-12-31": "4421.00000", "2019-12-31": "4608.00000", "2018-12-31": "4620.00000", "2017-12-31": "4507.00000", "2016-12-31": "3224.00000", "2015-12-31": "2917.00000", "2014-12-31": "4074.00000", "2013-12-31": "3884.00000", "2012-12-31": "3781.00000", "2011-12-31": "3222.00000", "2010-12-31": "2594.00000", "2009-12-31": "1836.00000", "2008-12-31": "2021.00000", "2007-12-31": "1714.00000", "2006-12-31": "1528.80000", "2005-12-31": "1126.30000"}, "Pre-Paid Expenses": {"2020-12-31": "", "2019-12-31": "", "2018-12-31": "", "2017-12-31": "", "2016-12-31": "", "2015-12-31": "", "2014-12-31": "", "2013-12-31": "", "2012-12-31": "", "2011-12-31": "", "2010-12-31": "", "2009-12-31": "", "2008-12-31": "", "2007-12-31": "", "2006-12-31": "", "2005-12-31": ""}, "Other Current Assets": {"2020-12-31": "2280.00000", "2019-12-31": "949.00000", "2018-12-31": "659.00000", "2017-12-31": "872.00000", "2016-12-31": "633.00000", "2015-12-31": "810.00000", "2014-12-31": "395.00000", "2013-12-31": "494.00000", "2012-12-31": "540.00000", "2011-12-31": "396.00000", "2010-12-31": "231.00000", "2009-12-31": "195.00000", "2008-12-31": "179.00000", "2007-12-31": "122.00000", "2006-12-31": "112.40000", "2005-12-31": "68.60000"}, "Total Current Assets": {"2020-12-31": "16455.00000", "2019-12-31": "15222.00000", "2018-12-31": "14971.00000", "2017-12-31": "18424.00000", "2016-12-31": "7401.00000", "2015-12-31": "9268.00000", "2014-12-31": "12045.00000", "2013-12-31": "11295.00000", "2012-12-31": "10417.00000", "2011-12-31": "9797.00000", "2010-12-31": "8707.00000", "2009-12-31": "6225.00000", "2008-12-31": "7145.00000", "2007-12-31": "5455.00000", "2006-12-31": "4967.80000", "2005-12-31": "3840.10000"}, "Property, Plant, And Equipment": {"2020-12-31": "5358.00000", "2019-12-31": "6240.00000", "2018-12-31": "6228.00000", "2017-12-31": "6959.00000", "2016-12-31": "2325.00000", "2015-12-31": "6693.00000", "2014-12-31": "9063.00000", "2013-12-31": "9076.00000", "2012-12-31": "8707.00000", "2011-12-31": "7415.00000", "2010-12-31": "6310.00000", "2009-12-31": "3161.00000", "2008-12-31": "2833.00000", "2007-12-31": "2345.00000", "2006-12-31": "1800.50000", "2005-12-31": "1355.50000"}, "Long-Term Investments": {"2020-12-31": "", "2019-12-31": "", "2018-12-31": "", "2017-12-31": "", "2016-12-31": "", "2015-12-31": "", "2014-12-31": "", "2013-12-31": "", "2012-12-31": "", "2011-12-31": "", "2010-12-31": "", "2009-12-31": "", "2008-12-31": "", "2007-12-31": "", "2006-12-31": "", "2005-12-31": "678.90000"}, "Goodwill And Intangible Assets": {"2020-12-31": "10374.00000", "2019-12-31": "26071.00000", "2018-12-31": "26436.00000", "2017-12-31": "26285.00000", "2016-12-31": "9455.00000", "2015-12-31": "6653.00000", "2014-12-31": "6893.00000", "2013-12-31": "6849.00000", "2012-12-31": "6951.00000", "2011-12-31": "7099.00000", "2010-12-31": "7438.00000", "2009-12-31": "1613.00000", "2008-12-31": "1587.00000", "2007-12-31": "1531.00000", "2006-12-31": "1537.40000", "2005-12-31": "1479.20000"}, "Other Long-Term Assets": {"2020-12-31": "5843.00000", "2019-12-31": "4882.00000", "2018-12-31": "3732.00000", "2017-12-31": "4117.00000", "2016-12-31": "2540.00000", "2015-12-31": "1466.00000", "2014-12-31": "826.00000", "2013-12-31": "714.00000", "2012-12-31": "614.00000", "2011-12-31": "536.00000", "2010-12-31": "531.00000", "2009-12-31": "440.00000", "2008-12-31": "296.00000", "2007-12-31": "526.00000", "2006-12-31": "400.00000", "2005-12-31": "453.70000"}, "Total Long-Term Assets": {"2020-12-31": "21575.00000", "2019-12-31": "38147.00000", "2018-12-31": "37468.00000", "2017-12-31": "38076.00000", "2016-12-31": "14320.00000", "2015-12-31": "14812.00000", "2014-12-31": "16782.00000", "2013-12-31": "16639.00000", "2012-12-31": "16272.00000", "2011-12-31": "15050.00000", "2010-12-31": "14279.00000", "2009-12-31": "5214.00000", "2008-12-31": "4716.00000", "2007-12-31": "4402.00000", "2006-12-31": "3737.90000", "2005-12-31": "3967.30000"}, "Total Assets": {"2020-12-31": "38030.00000", "2019-12-31": "53369.00000", "2018-12-31": "52439.00000", "2017-12-31": "56500.00000", "2016-12-31": "21721.00000", "2015-12-31": "24080.00000", "2014-12-31": "28827.00000", "2013-12-31": "27934.00000", "2012-12-31": "26689.00000", "2011-12-31": "24847.00000", "2010-12-31": "22986.00000", "2009-12-31": "11439.00000", "2008-12-31": "11861.00000", "2007-12-31": "9857.00000", "2006-12-31": "8705.70000", "2005-12-31": "7807.40000"}, "Total Current Liabilities": {"2020-12-31": "10227.00000", "2019-12-31": "10014.00000", "2018-12-31": "9020.00000", "2017-12-31": "9227.00000", "2016-12-31": "4934.00000", "2015-12-31": "2775.00000", "2014-12-31": "4637.00000", "2013-12-31": "4578.00000", "2012-12-31": "4124.00000", "2011-12-31": "3502.00000", "2010-12-31": "3139.00000", "2009-12-31": "1613.00000", "2008-12-31": "2511.00000", "2007-12-31": "1618.00000", "2006-12-31": "1621.90000", "2005-12-31": "1360.70000"}, "Long Term Debt": {"2020-12-31": "6744.00000", "2019-12-31": "6301.00000", "2018-12-31": "6285.00000", "2017-12-31": "6312.00000", "2016-12-31": "38.00000", "2015-12-31": "3890.00000", "2014-12-31": "3913.00000", "2013-12-31": "3882.00000", "2012-12-31": "3837.00000", "2011-12-31": "3845.00000", "2010-12-31": "3554.00000", "2009-12-31": "1785.00000", "2008-12-31": "1775.00000", "2007-12-31": "1069.00000", "2006-12-31": "1073.80000", "2005-12-31": "1078.00000"}, "Other Non-Current Liabilities": {"2020-12-31": "1600.00000", "2019-12-31": "1425.00000", "2018-12-31": "960.00000", "2017-12-31": "889.00000", "2016-12-31": "495.00000", "2015-12-31": "135.00000", "2014-12-31": "178.00000", "2013-12-31": "158.00000", "2012-12-31": "136.00000", "2011-12-31": "148.00000", "2010-12-31": "164.00000", "2009-12-31": "69.00000", "2008-12-31": "67.00000", "2007-12-31": "116.00000", "2006-12-31": "127.60000", "2005-12-31": "106.70000"}, "Total Long Term Liabilities": {"2020-12-31": "9561.00000", "2019-12-31": "8856.00000", "2018-12-31": "8406.00000", "2017-12-31": "8863.00000", "2016-12-31": "1932.00000", "2015-12-31": "4923.00000", "2014-12-31": "5460.00000", "2013-12-31": "5444.00000", "2012-12-31": "5297.00000", "2011-12-31": "5381.00000", "2010-12-31": "5561.00000", "2009-12-31": "2542.00000", "2008-12-31": "2543.00000", "2007-12-31": "1933.00000", "2006-12-31": "1840.90000", "2005-12-31": "1748.90000"}, "Total Liabilities": {"2020-12-31": "19788.00000", "2019-12-31": "18870.00000", "2018-12-31": "17426.00000", "2017-12-31": "18090.00000", "2016-12-31": "6866.00000", "2015-12-31": "7698.00000", "2014-12-31": "10097.00000", "2013-12-31": "10022.00000", "2012-12-31": "9421.00000", "2011-12-31": "8883.00000", "2010-12-31": "8700.00000", "2009-12-31": "4155.00000", "2008-12-31": "5054.00000", "2007-12-31": "3551.00000", "2006-12-31": "3462.80000", "2005-12-31": "3109.60000"}, "Common Stock Net": {"2020-12-31": "", "2019-12-31": "", "2018-12-31": "", "2017-12-31": "", "2016-12-31": "", "2015-12-31": "437.00000", "2014-12-31": "434.00000", "2013-12-31": "438.00000", "2012-12-31": "441.00000", "2011-12-31": "437.00000", "2010-12-31": "432.00000", "2009-12-31": "312.00000", "2008-12-31": "309.00000", "2007-12-31": "316.00000", "2006-12-31": "319.90000", "2005-12-31": "341.50000"}, "Retained Earnings (Accumulated Deficit)": {"2020-12-31": "", "2019-12-31": "", "2018-12-31": "25.00000", "2017-12-31": "-103.00000", "2016-12-31": "", "2015-12-31": "9614.00000", "2014-12-31": "11878.00000", "2013-12-31": "10438.00000", "2012-12-31": "9609.00000", "2011-12-31": "8561.00000", "2010-12-31": "7083.00000", "2009-12-31": "6512.00000", "2008-12-31": "6276.00000", "2007-12-31": "4818.00000", "2006-12-31": "3509.60000", "2005-12-31": "1263.20000"}, "Comprehensive Income": {"2020-12-31": "", "2019-12-31": "-1636.00000", "2018-12-31": "-1219.00000", "2017-12-31": "-703.00000", "2016-12-31": "-1894.00000", "2015-12-31": "-1005.00000", "2014-12-31": "-749.00000", "2013-12-31": "-504.00000", "2012-12-31": "-476.00000", "2011-12-31": "-555.00000", "2010-12-31": "-420.00000", "2009-12-31": "-414.00000", "2008-12-31": "-523.00000", "2007-12-31": "-44.00000", "2006-12-31": "-187.20000", "2005-12-31": "-188.00000"}, "Other Share Holders Equity": {"2020-12-31": "", "2019-12-31": "", "2018-12-31": "", "2017-12-31": "", "2016-12-31": "16582.00000", "2015-12-31": "", "2014-12-31": "", "2013-12-31": "", "2012-12-31": "", "2011-12-31": "", "2010-12-31": "", "2009-12-31": "", "2008-12-31": "", "2007-12-31": "", "2006-12-31": "", "2005-12-31": ""}, "Share Holder Equity": {"2020-12-31": "18242.00000", "2019-12-31": "34499.00000", "2018-12-31": "35013.00000", "2017-12-31": "38410.00000", "2016-12-31": "14855.00000", "2015-12-31": "16382.00000", "2014-12-31": "18730.00000", "2013-12-31": "17912.00000", "2012-12-31": "17268.00000", "2011-12-31": "15964.00000", "2010-12-31": "14286.00000", "2009-12-31": "7284.00000", "2008-12-31": "6807.00000", "2007-12-31": "6306.00000", "2006-12-31": "5242.90000", "2005-12-31": "4697.80000"}, "Total Liabilities And Share Holders Equity": {"2020-12-31": "38030.00000", "2019-12-31": "53369.00000", "2018-12-31": "52439.00000", "2017-12-31": "56500.00000", "2016-12-31": "21721.00000", "2015-12-31": "24080.00000", "2014-12-31": "28827.00000", "2013-12-31": "27934.00000", "2012-12-31": "26689.00000", "2011-12-31": "24847.00000", "2010-12-31": "22986.00000", "2009-12-31": "11439.00000", "2008-12-31": "11861.00000", "2007-12-31": "9857.00000", "2006-12-31": "8705.70000", "2005-12-31": "7807.40000"}}, "balance sheet, quarterly": {"Cash On Hand": {"2020-12-31": "4132.00000", "2020-09-30": "4061.00000", "2020-06-30": "4132.00000", "2020-03-31": "3010.00000", "2019-12-31": "3249.00000", "2019-09-30": "2808.00000", "2019-06-30": "3138.00000", "2019-03-31": "3073.00000", "2018-12-31": "3723.00000", "2018-09-30": "4765.00000", "2018-06-30": "4879.00000", "2018-03-31": "5631.00000", "2017-12-31": "7030.00000", "2017-09-30": "4777.00000", "2017-06-30": "4133.00000", "2017-03-31": "4222.00000", "2016-12-31": "981.00000", "2016-09-30": "3736.00000", "2016-06-30": "3910.00000", "2016-03-31": "2192.00000", "2015-12-31": "2324.00000", "2015-09-30": "2043.00000", "2015-06-30": "1973.00000", "2015-03-31": "1606.00000", "2014-12-31": "1740.00000", "2014-09-30": "1209.00000", "2014-06-30": "1163.00000", "2014-03-31": "1200.00000", "2013-12-31": "1399.00000", "2013-09-30": "1368.00000", "2013-06-30": "1123.00000", "2013-03-31": "1101.00000", "2012-12-31": "1015.00000", "2012-09-30": "1007.00000", "2012-06-30": "792.00000", "2012-03-31": "780.00000", "2011-12-31": "1050.00000", "2011-09-30": "803.00000", "2011-06-30": "937.00000", "2011-03-31": "1395.00000", "2010-12-31": "1706.00000", "2010-09-30": "1856.00000", "2010-06-30": "919.00000", "2010-03-31": "1614.00000", "2009-12-31": "1595.00000", "2009-09-30": "1487.00000", "2009-06-30": "1362.00000", "2009-03-31": "1179.00000", "2008-12-31": "1955.00000", "2008-09-30": "1127.00000", "2008-06-30": "1071.70000", "2008-03-31": "1030.40000", "2007-12-31": "1054.00000", "2007-09-30": "908.00000", "2007-06-30": "839.80000", "2007-03-31": "916.00000", "2006-12-31": "1103.70000", "2006-09-30": "1341.60000", "2006-06-30": "1973.50000", "2006-03-31": "642.10000", "2005-12-31": "774.00000", "2005-09-30": "742.10000", "2005-06-30": "477.30000", "2005-03-31": "286.10000"}, "Receivables": {"2020-12-31": "5622.00000", "2020-09-30": "5647.00000", "2020-06-30": "5636.00000", "2020-03-31": "6148.00000", "2019-12-31": "6416.00000", "2019-09-30": "6165.00000", "2019-06-30": "6310.00000", "2019-03-31": "6319.00000", "2018-12-31": "5969.00000", "2018-09-30": "5809.00000", "2018-06-30": "6038.00000", "2018-03-31": "5865.00000", "2017-12-31": "6015.00000", "2017-09-30": "5194.00000", "2017-06-30": "2307.00000", "2017-03-31": "2162.00000", "2016-12-31": "2563.00000", "2016-09-30": "2207.00000", "2016-06-30": "2262.00000", "2016-03-31": "2800.00000", "2015-12-31": "3217.00000", "2015-09-30": "3518.00000", "2015-06-30": "3684.00000", "2015-03-31": "4455.00000", "2014-12-31": "5418.00000", "2014-09-30": "5539.00000", "2014-06-30": "5361.00000", "2014-03-31": "5267.00000", "2013-12-31": "5138.00000", "2013-09-30": "5343.00000", "2013-06-30": "5197.00000", "2013-03-31": "5096.00000", "2012-12-31": "4815.00000", "2012-09-30": "5003.00000", "2012-06-30": "4985.00000", "2012-03-31": "5046.00000", "2011-12-31": "4878.00000", "2011-09-30": "4977.00000", "2011-06-30": "4434.00000", "2011-03-31": "4371.00000", "2010-12-31": "3942.00000", "2010-09-30": "3763.00000", "2010-06-30": "3505.00000", "2010-03-31": "2464.00000", "2009-12-31": "2331.00000", "2009-09-30": "2220.00000", "2009-06-30": "2313.00000", "2009-03-31": "2521.00000", "2008-12-31": "2759.00000", "2008-09-30": "2794.60000", "2008-06-30": "2710.90000", "2008-03-31": "2424.00000", "2007-12-31": "2383.00000", "2007-09-30": "2355.00000", "2007-06-30": "2158.50000", "2007-03-31": "2241.10000", "2006-12-31": "2055.10000", "2006-09-30": "2067.60000", "2006-06-30": "1890.90000", "2006-03-31": "1789.00000", "2005-12-31": "1673.40000", "2005-09-30": "1526.30000", "2005-06-30": "1472.00000", "2005-03-31": "1408.80000"}, "Inventory": {"2020-12-31": "4421.00000", "2020-09-30": "4469.00000", "2020-06-30": "4616.00000", "2020-03-31": "4534.00000", "2019-12-31": "4608.00000", "2019-09-30": "4739.00000", "2019-06-30": "4807.00000", "2019-03-31": "4871.00000", "2018-12-31": "4620.00000", "2018-09-30": "4681.00000", "2018-06-30": "4675.00000", "2018-03-31": "4696.00000", "2017-12-31": "4507.00000", "2017-09-30": "5309.00000", "2017-06-30": "1976.00000", "2017-03-31": "1907.00000", "2016-12-31": "3224.00000", "2016-09-30": "1966.00000", "2016-06-30": "1992.00000", "2016-03-31": "2789.00000", "2015-12-31": "2917.00000", "2015-09-30": "3262.00000", "2015-06-30": "3535.00000", "2015-03-31": "3843.00000", "2014-12-31": "4074.00000", "2014-09-30": "4150.00000", "2014-06-30": "4075.00000", "2014-03-31": "3995.00000", "2013-12-31": "3884.00000", "2013-09-30": "3960.00000", "2013-06-30": "3838.00000", "2013-03-31": "3880.00000", "2012-12-31": "3781.00000", "2012-09-30": "3879.00000", "2012-06-30": "3811.00000", "2012-03-31": "3643.00000", "2011-12-31": "3222.00000", "2011-09-30": "3053.00000", "2011-06-30": "2939.00000", "2011-03-31": "2805.00000", "2010-12-31": "2594.00000", "2010-09-30": "2509.00000", "2010-06-30": "2469.00000", "2010-03-31": "1952.00000", "2009-12-31": "1836.00000", "2009-09-30": "1967.00000", "2009-06-30": "2024.00000", "2009-03-31": "2104.00000", "2008-12-31": "2021.00000", "2008-09-30": "1988.80000", "2008-06-30": "1906.60000", "2008-03-31": "1851.90000", "2007-12-31": "1714.00000", "2007-09-30": "1728.40000", "2007-06-30": "1698.80000", "2007-03-31": "1662.20000", "2006-12-31": "1528.80000", "2006-09-30": "1452.10000", "2006-06-30": "1317.30000", "2006-03-31": "1214.60000", "2005-12-31": "1126.30000", "2005-09-30": "1145.10000", "2005-06-30": "1102.60000", "2005-03-31": "1064.20000"}, "Pre-Paid Expenses": {"2020-12-31": "", "2020-09-30": "", "2020-06-30": "", "2020-03-31": "", "2019-12-31": "", "2019-09-30": "", "2019-06-30": "", "2019-03-31": "", "2018-12-31": "", "2018-09-30": "", "2018-06-30": "", "2018-03-31": "", "2017-12-31": "", "2017-09-30": "", "2017-06-30": "", "2017-03-31": "", "2016-12-31": "", "2016-09-30": "", "2016-06-30": "", "2016-03-31": "", "2015-12-31": "", "2015-09-30": "", "2015-06-30": "", "2015-03-31": "", "2014-12-31": "", "2014-09-30": "", "2014-06-30": "", "2014-03-31": "", "2013-12-31": "", "2013-09-30": "", "2013-06-30": "", "2013-03-31": "", "2012-12-31": "", "2012-09-30": "", "2012-06-30": "", "2012-03-31": "", "2011-12-31": "", "2011-09-30": "", "2011-06-30": "", "2011-03-31": "", "2010-12-31": "", "2010-09-30": "", "2010-06-30": "", "2010-03-31": "", "2009-12-31": "", "2009-09-30": "", "2009-06-30": "", "2009-03-31": "", "2008-12-31": "", "2008-09-30": "", "2008-06-30": "", "2008-03-31": "", "2007-12-31": "", "2007-09-30": "", "2007-06-30": "", "2007-03-31": "", "2006-12-31": "", "2006-09-30": "", "2006-06-30": "", "2006-03-31": "", "2005-12-31": "", "2005-09-30": "", "2005-06-30": "", "2005-03-31": ""}, "Other Current Assets": {"2020-12-31": "2280.00000", "2020-09-30": "1031.00000", "2020-06-30": "1118.00000", "2020-03-31": "961.00000", "2019-12-31": "949.00000", "2019-09-30": "1057.00000", "2019-06-30": "730.00000", "2019-03-31": "649.00000", "2018-12-31": "659.00000", "2018-09-30": "863.00000", "2018-06-30": "850.00000", "2018-03-31": "862.00000", "2017-12-31": "872.00000", "2017-09-30": "1301.00000", "2017-06-30": "675.00000", "2017-03-31": "673.00000", "2016-12-31": "633.00000", "2016-09-30": "934.00000", "2016-06-30": "1039.00000", "2016-03-31": "782.00000", "2015-12-31": "810.00000", "2015-09-30": "431.00000", "2015-06-30": "326.00000", "2015-03-31": "370.00000", "2014-12-31": "395.00000", "2014-09-30": "487.00000", "2014-06-30": "556.00000", "2014-03-31": "440.00000", "2013-12-31": "494.00000", "2013-09-30": "463.00000", "2013-06-30": "473.00000", "2013-03-31": "492.00000", "2012-12-31": "540.00000", "2012-09-30": "432.00000", "2012-06-30": "594.00000", "2012-03-31": "451.00000", "2011-12-31": "396.00000", "2011-09-30": "254.00000", "2011-06-30": "248.00000", "2011-03-31": "240.00000", "2010-12-31": "231.00000", "2010-09-30": "297.00000", "2010-06-30": "322.00000", "2010-03-31": "223.00000", "2009-12-31": "195.00000", "2009-09-30": "174.00000", "2009-06-30": "195.00000", "2009-03-31": "182.00000", "2008-12-31": "179.00000", "2008-09-30": "175.90000", "2008-06-30": "175.30000", "2008-03-31": "135.50000", "2007-12-31": "122.00000", "2007-09-30": "113.20000", "2007-06-30": "118.30000", "2007-03-31": "111.80000", "2006-12-31": "112.40000", "2006-09-30": "84.20000", "2006-06-30": "69.00000", "2006-03-31": "71.40000", "2005-12-31": "68.60000", "2005-09-30": "48.20000", "2005-06-30": "54.10000", "2005-03-31": "53.40000"}, "Total Current Assets": {"2020-12-31": "16455.00000", "2020-09-30": "15208.00000", "2020-06-30": "15502.00000", "2020-03-31": "14653.00000", "2019-12-31": "15222.00000", "2019-09-30": "14769.00000", "2019-06-30": "14985.00000", "2019-03-31": "14912.00000", "2018-12-31": "14971.00000", "2018-09-30": "16118.00000", "2018-06-30": "16442.00000", "2018-03-31": "17054.00000", "2017-12-31": "18424.00000", "2017-09-30": "16581.00000", "2017-06-30": "9091.00000", "2017-03-31": "8964.00000", "2016-12-31": "7401.00000", "2016-09-30": "9002.00000", "2016-06-30": "9399.00000", "2016-03-31": "8771.00000", "2015-12-31": "9268.00000", "2015-09-30": "9586.00000", "2015-06-30": "9938.00000", "2015-03-31": "10705.00000", "2014-12-31": "12045.00000", "2014-09-30": "11811.00000", "2014-06-30": "11547.00000", "2014-03-31": "11266.00000", "2013-12-31": "11295.00000", "2013-09-30": "11507.00000", "2013-06-30": "10930.00000", "2013-03-31": "10835.00000", "2012-12-31": "10417.00000", "2012-09-30": "11280.00000", "2012-06-30": "10447.00000", "2012-03-31": "10171.00000", "2011-12-31": "9797.00000", "2011-09-30": "9341.00000", "2011-06-30": "8812.00000", "2011-03-31": "9045.00000", "2010-12-31": "8707.00000", "2010-09-30": "8710.00000", "2010-06-30": "7597.00000", "2010-03-31": "6521.00000", "2009-12-31": "6225.00000", "2009-09-30": "6092.00000", "2009-06-30": "6130.00000", "2009-03-31": "6217.00000", "2008-12-31": "7145.00000", "2008-09-30": "6298.50000", "2008-06-30": "6062.00000", "2008-03-31": "5623.30000", "2007-12-31": "5455.00000", "2007-09-30": "5323.70000", "2007-06-30": "4990.30000", "2007-03-31": "5098.90000", "2006-12-31": "4967.80000", "2006-09-30": "5147.10000", "2006-06-30": "5425.50000", "2006-03-31": "3901.20000", "2005-12-31": "3840.10000", "2005-09-30": "3653.60000", "2005-06-30": "3294.30000", "2005-03-31": "2995.90000"}, "Property, Plant, And Equipment": {"2020-12-31": "5358.00000", "2020-09-30": "5536.00000", "2020-06-30": "5710.00000", "2020-03-31": "5997.00000", "2019-12-31": "6240.00000", "2019-09-30": "6141.00000", "2019-06-30": "6130.00000", "2019-03-31": "6218.00000", "2018-12-31": "6228.00000", "2018-09-30": "6226.00000", "2018-06-30": "6335.00000", "2018-03-31": "6593.00000", "2017-12-31": "6959.00000", "2017-09-30": "6255.00000", "2017-06-30": "4047.00000", "2017-03-31": "4128.00000", "2016-12-31": "2325.00000", "2016-09-30": "4874.00000", "2016-06-30": "5229.00000", "2016-03-31": "6323.00000", "2015-12-31": "6693.00000", "2015-09-30": "8026.00000", "2015-06-30": "8366.00000", "2015-03-31": "8559.00000", "2014-12-31": "9063.00000", "2014-09-30": "9081.00000", "2014-06-30": "9087.00000", "2014-03-31": "9055.00000", "2013-12-31": "9076.00000", "2013-09-30": "8964.00000", "2013-06-30": "8855.00000", "2013-03-31": "8753.00000", "2012-12-31": "8707.00000", "2012-09-30": "8225.00000", "2012-06-30": "8111.00000", "2012-03-31": "7746.00000", "2011-12-31": "7415.00000", "2011-09-30": "6966.00000", "2011-06-30": "6700.00000", "2011-03-31": "6432.00000", "2010-12-31": "6310.00000", "2010-09-30": "6108.00000", "2010-06-30": "5925.00000", "2010-03-31": "3051.00000", "2009-12-31": "3161.00000", "2009-09-30": "3059.00000", "2009-06-30": "3017.00000", "2009-03-31": "2914.00000", "2008-12-31": "2833.00000", "2008-09-30": "2623.10000", "2008-06-30": "2536.20000", "2008-03-31": "2406.90000", "2007-12-31": "2345.00000", "2007-09-30": "2190.30000", "2007-06-30": "2063.10000", "2007-03-31": "1924.10000", "2006-12-31": "1800.50000", "2006-09-30": "1619.20000", "2006-06-30": "1509.60000", "2006-03-31": "1412.20000", "2005-12-31": "1355.50000", "2005-09-30": "1318.40000", "2005-06-30": "1308.30000", "2005-03-31": "1309.50000"}, "Long-Term Investments": {"2020-12-31": "", "2020-09-30": "", "2020-06-30": "", "2020-03-31": "", "2019-12-31": "", "2019-09-30": "", "2019-06-30": "", "2019-03-31": "", "2018-12-31": "", "2018-09-30": "", "2018-06-30": "", "2018-03-31": "", "2017-12-31": "", "2017-09-30": "", "2017-06-30": "", "2017-03-31": "", "2016-12-31": "", "2016-09-30": "", "2016-06-30": "", "2016-03-31": "", "2015-12-31": "", "2015-09-30": "", "2015-06-30": "", "2015-03-31": "", "2014-12-31": "", "2014-09-30": "", "2014-06-30": "", "2014-03-31": "", "2013-12-31": "", "2013-09-30": "", "2013-06-30": "", "2013-03-31": "", "2012-12-31": "", "2012-09-30": "", "2012-06-30": "", "2012-03-31": "", "2011-12-31": "", "2011-09-30": "", "2011-06-30": "", "2011-03-31": "", "2010-12-31": "", "2010-09-30": "", "2010-06-30": "", "2010-03-31": "", "2009-12-31": "", "2009-09-30": "", "2009-06-30": "", "2009-03-31": "", "2008-12-31": "", "2008-09-30": "", "2008-06-30": "", "2008-03-31": "", "2007-12-31": "", "2007-09-30": "", "2007-06-30": "", "2007-03-31": "", "2006-12-31": "", "2006-09-30": "19.40000", "2006-06-30": "19.50000", "2006-03-31": "720.90000", "2005-12-31": "678.90000", "2005-09-30": "665.50000", "2005-06-30": "706.80000", "2005-03-31": "695.80000"}, "Goodwill And Intangible Assets": {"2020-12-31": "10374.00000", "2020-09-30": "10300.00000", "2020-06-30": "10284.00000", "2020-03-31": "10454.00000", "2019-12-31": "26071.00000", "2019-09-30": "26085.00000", "2019-06-30": "26215.00000", "2019-03-31": "26425.00000", "2018-12-31": "26436.00000", "2018-09-30": "26621.00000", "2018-06-30": "26731.00000", "2018-03-31": "26638.00000", "2017-12-31": "26285.00000", "2017-09-30": "27221.00000", "2017-06-30": "4370.00000", "2017-03-31": "4384.00000", "2016-12-31": "9455.00000", "2016-09-30": "4623.00000", "2016-06-30": "4672.00000", "2016-03-31": "6623.00000", "2015-12-31": "6653.00000", "2015-09-30": "6804.00000", "2015-06-30": "6840.00000", "2015-03-31": "6855.00000", "2014-12-31": "6893.00000", "2014-09-30": "6931.00000", "2014-06-30": "6835.00000", "2014-03-31": "6859.00000", "2013-12-31": "6849.00000", "2013-09-30": "6882.00000", "2013-06-30": "6888.00000", "2013-03-31": "6919.00000", "2012-12-31": "6951.00000", "2012-09-30": "6601.00000", "2012-06-30": "7033.00000", "2012-03-31": "7068.00000", "2011-12-31": "7099.00000", "2011-09-30": "7441.00000", "2011-06-30": "7477.00000", "2011-03-31": "7484.00000", "2010-12-31": "7438.00000", "2010-09-30": "7226.00000", "2010-06-30": "7215.00000", "2010-03-31": "1604.00000", "2009-12-31": "1613.00000", "2009-09-30": "1609.00000", "2009-06-30": "1600.00000", "2009-03-31": "1587.00000", "2008-12-31": "1587.00000", "2008-09-30": "1577.80000", "2008-06-30": "1578.90000", "2008-03-31": "1524.40000", "2007-12-31": "1531.00000", "2007-09-30": "1534.40000", "2007-06-30": "1531.70000", "2007-03-31": "1533.50000", "2006-12-31": "1537.40000", "2006-09-30": "1531.50000", "2006-06-30": "1531.40000", "2006-03-31": "1528.40000", "2005-12-31": "1479.20000", "2005-09-30": "1470.90000", "2005-06-30": "1414.50000", "2005-03-31": "1418.60000"}, "Other Long-Term Assets": {"2020-12-31": "5843.00000", "2020-09-30": "4990.00000", "2020-06-30": "4853.00000", "2020-03-31": "4810.00000", "2019-12-31": "4882.00000", "2019-09-30": "4611.00000", "2019-06-30": "4648.00000", "2019-03-31": "4577.00000", "2018-12-31": "3732.00000", "2018-09-30": "3423.00000", "2018-06-30": "3395.00000", "2018-03-31": "3649.00000", "2017-12-31": "4117.00000", "2017-09-30": "4429.00000", "2017-06-30": "1167.00000", "2017-03-31": "1200.00000", "2016-12-31": "2540.00000", "2016-09-30": "992.00000", "2016-06-30": "1019.00000", "2016-03-31": "1219.00000", "2015-12-31": "1466.00000", "2015-09-30": "1000.00000", "2015-06-30": "874.00000", "2015-03-31": "807.00000", "2014-12-31": "826.00000", "2014-09-30": "819.00000", "2014-06-30": "808.00000", "2014-03-31": "716.00000", "2013-12-31": "714.00000", "2013-09-30": "721.00000", "2013-06-30": "677.00000", "2013-03-31": "647.00000", "2012-12-31": "614.00000", "2012-09-30": "650.00000", "2012-06-30": "597.00000", "2012-03-31": "573.00000", "2011-12-31": "536.00000", "2011-09-30": "603.00000", "2011-06-30": "565.00000", "2011-03-31": "536.00000", "2010-12-31": "531.00000", "2010-09-30": "418.00000", "2010-06-30": "408.00000", "2010-03-31": "454.00000", "2009-12-31": "440.00000", "2009-09-30": "423.00000", "2009-06-30": "352.00000", "2009-03-31": "296.00000", "2008-12-31": "296.00000", "2008-09-30": "508.20000", "2008-06-30": "530.90000", "2008-03-31": "522.70000", "2007-12-31": "526.00000", "2007-09-30": "415.40000", "2007-06-30": "414.20000", "2007-03-31": "410.20000", "2006-12-31": "400.00000", "2006-09-30": "460.80000", "2006-06-30": "449.60000", "2006-03-31": "463.40000", "2005-12-31": "453.70000", "2005-09-30": "394.70000", "2005-06-30": "411.80000", "2005-03-31": "428.20000"}, "Total Long-Term Assets": {"2020-12-31": "21575.00000", "2020-09-30": "22131.00000", "2020-06-30": "22021.00000", "2020-03-31": "22576.00000", "2019-12-31": "38147.00000", "2019-09-30": "37780.00000", "2019-06-30": "37891.00000", "2019-03-31": "38217.00000", "2018-12-31": "37468.00000", "2018-09-30": "37482.00000", "2018-06-30": "37648.00000", "2018-03-31": "38167.00000", "2017-12-31": "38076.00000", "2017-09-30": "38229.00000", "2017-06-30": "9584.00000", "2017-03-31": "9712.00000", "2016-12-31": "14320.00000", "2016-09-30": "10489.00000", "2016-06-30": "10920.00000", "2016-03-31": "14165.00000", "2015-12-31": "14812.00000", "2015-09-30": "15830.00000", "2015-06-30": "16080.00000", "2015-03-31": "16221.00000", "2014-12-31": "16782.00000", "2014-09-30": "16831.00000", "2014-06-30": "16730.00000", "2014-03-31": "16630.00000", "2013-12-31": "16639.00000", "2013-09-30": "16567.00000", "2013-06-30": "16420.00000", "2013-03-31": "16319.00000", "2012-12-31": "16272.00000", "2012-09-30": "15476.00000", "2012-06-30": "15741.00000", "2012-03-31": "15387.00000", "2011-12-31": "15050.00000", "2011-09-30": "15010.00000", "2011-06-30": "14742.00000", "2011-03-31": "14452.00000", "2010-12-31": "14279.00000", "2010-09-30": "13752.00000", "2010-06-30": "13548.00000", "2010-03-31": "5109.00000", "2009-12-31": "5214.00000", "2009-09-30": "5091.00000", "2009-06-30": "4969.00000", "2009-03-31": "4797.00000", "2008-12-31": "4716.00000", "2008-09-30": "4709.10000", "2008-06-30": "4646.00000", "2008-03-31": "4454.00000", "2007-12-31": "4402.00000", "2007-09-30": "4140.10000", "2007-06-30": "4009.00000", "2007-03-31": "3867.80000", "2006-12-31": "3737.90000", "2006-09-30": "3630.90000", "2006-06-30": "3510.10000", "2006-03-31": "4124.90000", "2005-12-31": "3967.30000", "2005-09-30": "3849.50000", "2005-06-30": "3841.40000", "2005-03-31": "3852.10000"}, "Total Assets": {"2020-12-31": "38030.00000", "2020-09-30": "37339.00000", "2020-06-30": "37523.00000", "2020-03-31": "37229.00000", "2019-12-31": "53369.00000", "2019-09-30": "52549.00000", "2019-06-30": "52876.00000", "2019-03-31": "53129.00000", "2018-12-31": "52439.00000", "2018-09-30": "53600.00000", "2018-06-30": "54090.00000", "2018-03-31": "55221.00000", "2017-12-31": "56500.00000", "2017-09-30": "54810.00000", "2017-06-30": "18675.00000", "2017-03-31": "18676.00000", "2016-12-31": "21721.00000", "2016-09-30": "19491.00000", "2016-06-30": "20319.00000", "2016-03-31": "22936.00000", "2015-12-31": "24080.00000", "2015-09-30": "25416.00000", "2015-06-30": "26018.00000", "2015-03-31": "26926.00000", "2014-12-31": "28827.00000", "2014-09-30": "28642.00000", "2014-06-30": "28277.00000", "2014-03-31": "27896.00000", "2013-12-31": "27934.00000", "2013-09-30": "28074.00000", "2013-06-30": "27350.00000", "2013-03-31": "27154.00000", "2012-12-31": "26689.00000", "2012-09-30": "26756.00000", "2012-06-30": "26188.00000", "2012-03-31": "25558.00000", "2011-12-31": "24847.00000", "2011-09-30": "24351.00000", "2011-06-30": "23554.00000", "2011-03-31": "23497.00000", "2010-12-31": "22986.00000", "2010-09-30": "22462.00000", "2010-06-30": "21145.00000", "2010-03-31": "11630.00000", "2009-12-31": "11439.00000", "2009-09-30": "11183.00000", "2009-06-30": "11099.00000", "2009-03-31": "11014.00000", "2008-12-31": "11861.00000", "2008-09-30": "11007.60000", "2008-06-30": "10708.00000", "2008-03-31": "10077.30000", "2007-12-31": "9857.00000", "2007-09-30": "9463.80000", "2007-06-30": "8999.30000", "2007-03-31": "8966.70000", "2006-12-31": "8705.70000", "2006-09-30": "8778.00000", "2006-06-30": "8935.60000", "2006-03-31": "8026.10000", "2005-12-31": "7807.40000", "2005-09-30": "7503.10000", "2005-06-30": "7135.70000", "2005-03-31": "6848.00000"}, "Total Current Liabilities": {"2020-12-31": "10227.00000", "2020-09-30": "10639.00000", "2020-06-30": "10567.00000", "2020-03-31": "10141.00000", "2019-12-31": "10014.00000", "2019-09-30": "9332.00000", "2019-06-30": "9341.00000", "2019-03-31": "9052.00000", "2018-12-31": "9020.00000", "2018-09-30": "8457.00000", "2018-06-30": "8633.00000", "2018-03-31": "8325.00000", "2017-12-31": "9227.00000", "2017-09-30": "8732.00000", "2017-06-30": "2466.00000", "2017-03-31": "2130.00000", "2016-12-31": "4934.00000", "2016-09-30": "2224.00000", "2016-06-30": "2338.00000", "2016-03-31": "2462.00000", "2015-12-31": "2775.00000", "2015-09-30": "2918.00000", "2015-06-30": "3114.00000", "2015-03-31": "3733.00000", "2014-12-31": "4637.00000", "2014-09-30": "4962.00000", "2014-06-30": "4595.00000", "2014-03-31": "4526.00000", "2013-12-31": "4578.00000", "2013-09-30": "4699.00000", "2013-06-30": "4508.00000", "2013-03-31": "4496.00000", "2012-12-31": "4124.00000", "2012-09-30": "4532.00000", "2012-06-30": "4237.00000", "2012-03-31": "3861.00000", "2011-12-31": "3502.00000", "2011-09-30": "2998.00000", "2011-06-30": "2827.00000", "2011-03-31": "3139.00000", "2010-12-31": "3139.00000", "2010-09-30": "3036.00000", "2010-06-30": "3355.00000", "2010-03-31": "1792.00000", "2009-12-31": "1613.00000", "2009-09-30": "1453.00000", "2009-06-30": "1466.00000", "2009-03-31": "1492.00000", "2008-12-31": "2511.00000", "2008-09-30": "2320.10000", "2008-06-30": "2284.30000", "2008-03-31": "2016.90000", "2007-12-31": "1618.00000", "2007-09-30": "1432.90000", "2007-06-30": "1227.70000", "2007-03-31": "1535.60000", "2006-12-31": "1621.90000", "2006-09-30": "1698.20000", "2006-06-30": "1687.50000", "2006-03-31": "1302.50000", "2005-12-31": "1360.70000", "2005-09-30": "1266.30000", "2005-06-30": "1150.20000", "2005-03-31": "1062.70000"}, "Long Term Debt": {"2020-12-31": "6744.00000", "2020-09-30": "6754.00000", "2020-06-30": "6766.00000", "2020-03-31": "6285.00000", "2019-12-31": "6301.00000", "2019-09-30": "6313.00000", "2019-06-30": "6256.00000", "2019-03-31": "6270.00000", "2018-12-31": "6285.00000", "2018-09-30": "6293.00000", "2018-06-30": "6319.00000", "2018-03-31": "6296.00000", "2017-12-31": "6312.00000", "2017-09-30": "3039.00000", "2017-06-30": "2678.00000", "2017-03-31": "2884.00000", "2016-12-31": "38.00000", "2016-09-30": "2895.00000", "2016-06-30": "2887.00000", "2016-03-31": "3885.00000", "2015-12-31": "3890.00000", "2015-09-30": "3896.00000", "2015-06-30": "3904.00000", "2015-03-31": "3906.00000", "2014-12-31": "3913.00000", "2014-09-30": "3894.00000", "2014-06-30": "3900.00000", "2014-03-31": "3878.00000", "2013-12-31": "3882.00000", "2013-09-30": "3838.00000", "2013-06-30": "3841.00000", "2013-03-31": "3844.00000", "2012-12-31": "3837.00000", "2012-09-30": "3839.00000", "2012-06-30": "3841.00000", "2012-03-31": "3843.00000", "2011-12-31": "3845.00000", "2011-09-30": "3846.00000", "2011-06-30": "3549.00000", "2011-03-31": "3545.00000", "2010-12-31": "3554.00000", "2010-09-30": "3555.00000", "2010-06-30": "2068.00000", "2010-03-31": "1788.00000", "2009-12-31": "1785.00000", "2009-09-30": "1783.00000", "2009-06-30": "1777.00000", "2009-03-31": "1776.00000", "2008-12-31": "1775.00000", "2008-09-30": "1041.40000", "2008-06-30": "1039.80000", "2008-03-31": "1039.70000", "2007-12-31": "1069.00000", "2007-09-30": "1070.50000", "2007-06-30": "1071.60000", "2007-03-31": "1072.70000", "2006-12-31": "1073.80000", "2006-09-30": "1074.90000", "2006-06-30": "1075.90000", "2006-03-31": "1077.00000", "2005-12-31": "1078.00000", "2005-09-30": "1079.10000", "2005-06-30": "1080.20000", "2005-03-31": "1076.80000"}, "Other Non-Current Liabilities": {"2020-12-31": "1600.00000", "2020-09-30": "1378.00000", "2020-06-30": "1389.00000", "2020-03-31": "1479.00000", "2019-12-31": "1425.00000", "2019-09-30": "1417.00000", "2019-06-30": "1426.00000", "2019-03-31": "1599.00000", "2018-12-31": "960.00000", "2018-09-30": "1024.00000", "2018-06-30": "1073.00000", "2018-03-31": "909.00000", "2017-12-31": "889.00000", "2017-09-30": "996.00000", "2017-06-30": "153.00000", "2017-03-31": "151.00000", "2016-12-31": "495.00000", "2016-09-30": "122.00000", "2016-06-30": "125.00000", "2016-03-31": "162.00000", "2015-12-31": "135.00000", "2015-09-30": "149.00000", "2015-06-30": "162.00000", "2015-03-31": "167.00000", "2014-12-31": "178.00000", "2014-09-30": "176.00000", "2014-06-30": "181.00000", "2014-03-31": "181.00000", "2013-12-31": "158.00000", "2013-09-30": "152.00000", "2013-06-30": "135.00000", "2013-03-31": "128.00000", "2012-12-31": "136.00000", "2012-09-30": "133.00000", "2012-06-30": "134.00000", "2012-03-31": "138.00000", "2011-12-31": "148.00000", "2011-09-30": "150.00000", "2011-06-30": "165.00000", "2011-03-31": "162.00000", "2010-12-31": "164.00000", "2010-09-30": "202.00000", "2010-06-30": "143.00000", "2010-03-31": "73.00000", "2009-12-31": "69.00000", "2009-09-30": "64.00000", "2009-06-30": "67.00000", "2009-03-31": "66.00000", "2008-12-31": "67.00000", "2008-09-30": "101.30000", "2008-06-30": "103.10000", "2008-03-31": "94.00000", "2007-12-31": "116.00000", "2007-09-30": "114.10000", "2007-06-30": "110.90000", "2007-03-31": "102.80000", "2006-12-31": "127.60000", "2006-09-30": "100.90000", "2006-06-30": "94.10000", "2006-03-31": "90.00000", "2005-12-31": "106.70000", "2005-09-30": "72.50000", "2005-06-30": "80.50000", "2005-03-31": "80.20000"}, "Total Long Term Liabilities": {"2020-12-31": "9561.00000", "2020-09-30": "9451.00000", "2020-06-30": "9391.00000", "2020-03-31": "9103.00000", "2019-12-31": "8856.00000", "2019-09-30": "8781.00000", "2019-06-30": "8754.00000", "2019-03-31": "8991.00000", "2018-12-31": "8406.00000", "2018-09-30": "8580.00000", "2018-06-30": "8640.00000", "2018-03-31": "8801.00000", "2017-12-31": "8863.00000", "2017-09-30": "5930.00000", "2017-06-30": "3822.00000", "2017-03-31": "3995.00000", "2016-12-31": "1932.00000", "2016-09-30": "4030.00000", "2016-06-30": "4015.00000", "2016-03-31": "5072.00000", "2015-12-31": "4923.00000", "2015-09-30": "4993.00000", "2015-06-30": "5107.00000", "2015-03-31": "5280.00000", "2014-12-31": "5460.00000", "2014-09-30": "5396.00000", "2014-06-30": "5431.00000", "2014-03-31": "5369.00000", "2013-12-31": "5444.00000", "2013-09-30": "5382.00000", "2013-06-30": "5215.00000", "2013-03-31": "5240.00000", "2012-12-31": "5297.00000", "2012-09-30": "5153.00000", "2012-06-30": "5192.00000", "2012-03-31": "5315.00000", "2011-12-31": "5381.00000", "2011-09-30": "5590.00000", "2011-06-30": "5537.00000", "2011-03-31": "5535.00000", "2010-12-31": "5561.00000", "2010-09-30": "5669.00000", "2010-06-30": "4326.00000", "2010-03-31": "2491.00000", "2009-12-31": "2542.00000", "2009-09-30": "2545.00000", "2009-06-30": "2520.00000", "2009-03-31": "2556.00000", "2008-12-31": "2543.00000", "2008-09-30": "1901.60000", "2008-06-30": "1898.40000", "2008-03-31": "1896.90000", "2007-12-31": "1933.00000", "2007-09-30": "1936.40000", "2007-06-30": "1918.40000", "2007-03-31": "1870.30000", "2006-12-31": "1840.90000", "2006-09-30": "1886.40000", "2006-06-30": "1867.30000", "2006-03-31": "1770.00000", "2005-12-31": "1748.90000", "2005-09-30": "1696.40000", "2005-06-30": "1710.20000", "2005-03-31": "1698.20000"}, "Total Liabilities": {"2020-12-31": "19788.00000", "2020-09-30": "20090.00000", "2020-06-30": "19958.00000", "2020-03-31": "19244.00000", "2019-12-31": "18870.00000", "2019-09-30": "18113.00000", "2019-06-30": "18095.00000", "2019-03-31": "18043.00000", "2018-12-31": "17426.00000", "2018-09-30": "17037.00000", "2018-06-30": "17273.00000", "2018-03-31": "17126.00000", "2017-12-31": "18090.00000", "2017-09-30": "14662.00000", "2017-06-30": "6288.00000", "2017-03-31": "6125.00000", "2016-12-31": "6866.00000", "2016-09-30": "6254.00000", "2016-06-30": "6353.00000", "2016-03-31": "7534.00000", "2015-12-31": "7698.00000", "2015-09-30": "7911.00000", "2015-06-30": "8221.00000", "2015-03-31": "9013.00000", "2014-12-31": "10097.00000", "2014-09-30": "10358.00000", "2014-06-30": "10026.00000", "2014-03-31": "9895.00000", "2013-12-31": "10022.00000", "2013-09-30": "10081.00000", "2013-06-30": "9723.00000", "2013-03-31": "9736.00000", "2012-12-31": "9421.00000", "2012-09-30": "9685.00000", "2012-06-30": "9429.00000", "2012-03-31": "9176.00000", "2011-12-31": "8883.00000", "2011-09-30": "8588.00000", "2011-06-30": "8364.00000", "2011-03-31": "8674.00000", "2010-12-31": "8700.00000", "2010-09-30": "8705.00000", "2010-06-30": "7681.00000", "2010-03-31": "4283.00000", "2009-12-31": "4155.00000", "2009-09-30": "3998.00000", "2009-06-30": "3986.00000", "2009-03-31": "4048.00000", "2008-12-31": "5054.00000", "2008-09-30": "4221.70000", "2008-06-30": "4182.70000", "2008-03-31": "3913.80000", "2007-12-31": "3551.00000", "2007-09-30": "3369.30000", "2007-06-30": "3146.10000", "2007-03-31": "3405.90000", "2006-12-31": "3462.80000", "2006-09-30": "3584.60000", "2006-06-30": "3554.80000", "2006-03-31": "3072.50000", "2005-12-31": "3109.60000", "2005-09-30": "2962.70000", "2005-06-30": "2860.40000", "2005-03-31": "2760.90000"}, "Common Stock Net": {"2020-12-31": "", "2020-09-30": "", "2020-06-30": "", "2020-03-31": "", "2019-12-31": "", "2019-09-30": "", "2019-06-30": "", "2019-03-31": "", "2018-12-31": "", "2018-09-30": "", "2018-06-30": "", "2018-03-31": "", "2017-12-31": "", "2017-09-30": "", "2017-06-30": "427.00000", "2017-03-31": "427.00000", "2016-12-31": "", "2016-09-30": "423.00000", "2016-06-30": "428.00000", "2016-03-31": "438.00000", "2015-12-31": "437.00000", "2015-09-30": "436.00000", "2015-06-30": "436.00000", "2015-03-31": "435.00000", "2014-12-31": "434.00000", "2014-09-30": "433.00000", "2014-06-30": "435.00000", "2014-03-31": "436.00000", "2013-12-31": "438.00000", "2013-09-30": "443.00000", "2013-06-30": "443.00000", "2013-03-31": "442.00000", "2012-12-31": "441.00000", "2012-09-30": "439.00000", "2012-06-30": "439.00000", "2012-03-31": "438.00000", "2011-12-31": "437.00000", "2011-09-30": "436.00000", "2011-06-30": "436.00000", "2011-03-31": "434.00000", "2010-12-31": "432.00000", "2010-09-30": "431.00000", "2010-06-30": "431.00000", "2010-03-31": "312.00000", "2009-12-31": "312.00000", "2009-09-30": "310.00000", "2009-06-30": "309.00000", "2009-03-31": "310.00000", "2008-12-31": "309.00000", "2008-09-30": "307.90000", "2008-06-30": "308.30000", "2008-03-31": "308.00000", "2007-12-31": "316.00000", "2007-09-30": "317.90000", "2007-06-30": "319.70000", "2007-03-31": "320.30000", "2006-12-31": "319.90000", "2006-09-30": "322.60000", "2006-06-30": "329.90000", "2006-03-31": "341.20000", "2005-12-31": "341.50000", "2005-09-30": "341.80000", "2005-06-30": "339.90000", "2005-03-31": "338.70000"}, "Retained Earnings (Accumulated Deficit)": {"2020-12-31": "", "2020-09-30": "-10594.00000", "2020-06-30": "-10413.00000", "2020-03-31": "-10212.00000", "2019-12-31": "", "2019-09-30": "", "2019-06-30": "-9.00000", "2019-03-31": "", "2018-12-31": "25.00000", "2018-09-30": "-14.00000", "2018-06-30": "-27.00000", "2018-03-31": "-8.00000", "2017-12-31": "-103.00000", "2017-09-30": "-104.00000", "2017-06-30": "6129.00000", "2017-03-31": "6380.00000", "2016-12-31": "", "2016-09-30": "7072.00000", "2016-06-30": "7574.00000", "2016-03-31": "8559.00000", "2015-12-31": "9614.00000", "2015-09-30": "10720.00000", "2015-06-30": "10953.00000", "2015-03-31": "11214.00000", "2014-12-31": "11878.00000", "2014-09-30": "11289.00000", "2014-06-30": "10988.00000", "2014-03-31": "10700.00000", "2013-12-31": "10438.00000", "2013-09-30": "10257.00000", "2013-06-30": "9984.00000", "2013-03-31": "9810.00000", "2012-12-31": "9609.00000", "2012-09-30": "9461.00000", "2012-06-30": "9248.00000", "2012-03-31": "8875.00000", "2011-12-31": "8561.00000", "2011-09-30": "8313.00000", "2011-06-30": "7672.00000", "2011-03-31": "7399.00000", "2010-12-31": "7083.00000", "2010-09-30": "6814.00000", "2010-06-30": "6623.00000", "2010-03-31": "6594.00000", "2009-12-31": "6512.00000", "2009-09-30": "6474.00000", "2009-06-30": "6465.00000", "2009-03-31": "6424.00000", "2008-12-31": "6276.00000", "2008-09-30": "5894.90000", "2008-06-30": "5512.10000", "2008-03-31": "5172.80000", "2007-12-31": "4818.00000", "2007-09-30": "4459.50000", "2007-06-30": "4111.80000", "2007-03-31": "3803.80000", "2006-12-31": "3509.60000", "2006-09-30": "3224.90000", "2006-06-30": "2908.80000", "2006-03-31": "1558.00000", "2005-12-31": "1263.20000", "2005-09-30": "1049.60000", "2005-06-30": "866.80000", "2005-03-31": "687.00000"}, "Comprehensive Income": {"2020-12-31": "", "2020-09-30": "-1801.00000", "2020-06-30": "-1765.00000", "2020-03-31": "-1804.00000", "2019-12-31": "-1636.00000", "2019-09-30": "-1694.00000", "2019-06-30": "-1271.00000", "2019-03-31": "-1134.00000", "2018-12-31": "-1219.00000", "2018-09-30": "-821.00000", "2018-06-30": "-787.00000", "2018-03-31": "-585.00000", "2017-12-31": "-703.00000", "2017-09-30": "-627.00000", "2017-06-30": "-982.00000", "2017-03-31": "-1011.00000", "2016-12-31": "-1894.00000", "2016-09-30": "-939.00000", "2016-06-30": "-951.00000", "2016-03-31": "-938.00000", "2015-12-31": "-1005.00000", "2015-09-30": "-925.00000", "2015-06-30": "-839.00000", "2015-03-31": "-913.00000", "2014-12-31": "-749.00000", "2014-09-30": "-616.00000", "2014-06-30": "-509.00000", "2014-03-31": "-534.00000", "2013-12-31": "-504.00000", "2013-09-30": "-518.00000", "2013-06-30": "-576.00000", "2013-03-31": "-546.00000", "2012-12-31": "-476.00000", "2012-09-30": "-474.00000", "2012-06-30": "-537.00000", "2012-03-31": "-487.00000", "2011-12-31": "-555.00000", "2011-09-30": "-447.00000", "2011-06-30": "-337.00000", "2011-03-31": "-355.00000", "2010-12-31": "-420.00000", "2010-09-30": "-437.00000", "2010-06-30": "-513.00000", "2010-03-31": "-449.00000", "2009-12-31": "-414.00000", "2009-09-30": "-410.00000", "2009-06-30": "-447.00000", "2009-03-31": "-537.00000", "2008-12-31": "-523.00000", "2008-09-30": "-130.20000", "2008-06-30": "-33.90000", "2008-03-31": "-21.30000", "2007-12-31": "-44.00000", "2007-09-30": "-108.20000", "2007-06-30": "-146.70000", "2007-03-31": "-181.20000", "2006-12-31": "-187.20000", "2006-09-30": "-147.00000", "2006-06-30": "-159.40000", "2006-03-31": "-188.40000", "2005-12-31": "-188.00000", "2005-09-30": "-159.80000", "2005-06-30": "-164.50000", "2005-03-31": "-128.60000"}, "Other Share Holders Equity": {"2020-12-31": "", "2020-09-30": "", "2020-06-30": "", "2020-03-31": "", "2019-12-31": "", "2019-09-30": "", "2019-06-30": "", "2019-03-31": "", "2018-12-31": "", "2018-09-30": "", "2018-06-30": "", "2018-03-31": "", "2017-12-31": "", "2017-09-30": "", "2017-06-30": "", "2017-03-31": "", "2016-12-31": "16582.00000", "2016-09-30": "", "2016-06-30": "", "2016-03-31": "", "2015-12-31": "", "2015-09-30": "", "2015-06-30": "", "2015-03-31": "", "2014-12-31": "", "2014-09-30": "", "2014-06-30": "", "2014-03-31": "", "2013-12-31": "", "2013-09-30": "", "2013-06-30": "", "2013-03-31": "", "2012-12-31": "", "2012-09-30": "", "2012-06-30": "", "2012-03-31": "", "2011-12-31": "", "2011-09-30": "", "2011-06-30": "", "2011-03-31": "", "2010-12-31": "", "2010-09-30": "", "2010-06-30": "", "2010-03-31": "", "2009-12-31": "", "2009-09-30": "", "2009-06-30": "", "2009-03-31": "", "2008-12-31": "", "2008-09-30": "", "2008-06-30": "", "2008-03-31": "", "2007-12-31": "", "2007-09-30": "", "2007-06-30": "", "2007-03-31": "", "2006-12-31": "", "2006-09-30": "", "2006-06-30": "", "2006-03-31": "", "2005-12-31": "", "2005-09-30": "", "2005-06-30": "", "2005-03-31": ""}, "Share Holder Equity": {"2020-12-31": "18242.00000", "2020-09-30": "17249.00000", "2020-06-30": "17565.00000", "2020-03-31": "17985.00000", "2019-12-31": "34499.00000", "2019-09-30": "34436.00000", "2019-06-30": "34781.00000", "2019-03-31": "35086.00000", "2018-12-31": "35013.00000", "2018-09-30": "36563.00000", "2018-06-30": "36817.00000", "2018-03-31": "38095.00000", "2017-12-31": "38410.00000", "2017-09-30": "40148.00000", "2017-06-30": "12387.00000", "2017-03-31": "12551.00000", "2016-12-31": "14855.00000", "2016-09-30": "13237.00000", "2016-06-30": "13966.00000", "2016-03-31": "15402.00000", "2015-12-31": "16382.00000", "2015-09-30": "17505.00000", "2015-06-30": "17797.00000", "2015-03-31": "17913.00000", "2014-12-31": "18730.00000", "2014-09-30": "18284.00000", "2014-06-30": "18251.00000", "2014-03-31": "18001.00000", "2013-12-31": "17912.00000", "2013-09-30": "17993.00000", "2013-06-30": "17627.00000", "2013-03-31": "17418.00000", "2012-12-31": "17268.00000", "2012-09-30": "17071.00000", "2012-06-30": "16759.00000", "2012-03-31": "16382.00000", "2011-12-31": "15964.00000", "2011-09-30": "15763.00000", "2011-06-30": "15190.00000", "2011-03-31": "14823.00000", "2010-12-31": "14286.00000", "2010-09-30": "13757.00000", "2010-06-30": "13464.00000", "2010-03-31": "7347.00000", "2009-12-31": "7284.00000", "2009-09-30": "7185.00000", "2009-06-30": "7113.00000", "2009-03-31": "6966.00000", "2008-12-31": "6807.00000", "2008-09-30": "6785.90000", "2008-06-30": "6525.30000", "2008-03-31": "6163.50000", "2007-12-31": "6306.00000", "2007-09-30": "6094.50000", "2007-06-30": "5853.20000", "2007-03-31": "5560.80000", "2006-12-31": "5242.90000", "2006-09-30": "5193.40000", "2006-06-30": "5380.80000", "2006-03-31": "4953.60000", "2005-12-31": "4697.80000", "2005-09-30": "4540.40000", "2005-06-30": "4275.30000", "2005-03-31": "4087.10000"}, "Total Liabilities And Share Holders Equity": {"2020-12-31": "38030.00000", "2020-09-30": "37339.00000", "2020-06-30": "37523.00000", "2020-03-31": "37229.00000", "2019-12-31": "53369.00000", "2019-09-30": "52549.00000", "2019-06-30": "52876.00000", "2019-03-31": "53129.00000", "2018-12-31": "52439.00000", "2018-09-30": "53600.00000", "2018-06-30": "54090.00000", "2018-03-31": "55221.00000", "2017-12-31": "56500.00000", "2017-09-30": "54810.00000", "2017-06-30": "18675.00000", "2017-03-31": "18676.00000", "2016-12-31": "21721.00000", "2016-09-30": "19491.00000", "2016-06-30": "20319.00000", "2016-03-31": "22936.00000", "2015-12-31": "24080.00000", "2015-09-30": "25416.00000", "2015-06-30": "26018.00000", "2015-03-31": "26926.00000", "2014-12-31": "28827.00000", "2014-09-30": "28642.00000", "2014-06-30": "28277.00000", "2014-03-31": "27896.00000", "2013-12-31": "27934.00000", "2013-09-30": "28074.00000", "2013-06-30": "27350.00000", "2013-03-31": "27154.00000", "2012-12-31": "26689.00000", "2012-09-30": "26756.00000", "2012-06-30": "26188.00000", "2012-03-31": "25558.00000", "2011-12-31": "24847.00000", "2011-09-30": "24351.00000", "2011-06-30": "23554.00000", "2011-03-31": "23497.00000", "2010-12-31": "22986.00000", "2010-09-30": "22462.00000", "2010-06-30": "21145.00000", "2010-03-31": "11630.00000", "2009-12-31": "11439.00000", "2009-09-30": "11183.00000", "2009-06-30": "11099.00000", "2009-03-31": "11014.00000", "2008-12-31": "11861.00000", "2008-09-30": "11007.60000", "2008-06-30": "10708.00000", "2008-03-31": "10077.30000", "2007-12-31": "9857.00000", "2007-09-30": "9463.80000", "2007-06-30": "8999.30000", "2007-03-31": "8966.70000", "2006-12-31": "8705.70000", "2006-09-30": "8778.00000", "2006-06-30": "8935.60000", "2006-03-31": "8026.10000", "2005-12-31": "7807.40000", "2005-09-30": "7503.10000", "2005-06-30": "7135.70000", "2005-03-31": "6848.00000"}}, "cash flow statement": {"Net Income/Loss": {"2020-12-31": "-15761.00000", "2019-12-31": "271.00000", "2018-12-31": "283.00000", "2017-12-31": "-391.00000", "2016-12-31": "185.00000", "2015-12-31": "-631.00000", "2014-12-31": "1731.00000", "2013-12-31": "1103.00000", "2012-12-31": "1317.00000", "2011-12-31": "1743.00000", "2010-12-31": "819.00000", "2009-12-31": "421.00000", "2008-12-31": "1635.00000", "2007-12-31": "1514.00000", "2006-12-31": "2399.00000", "2005-12-31": "874.40000"}, "Total Depreciation And Amortization - Cash Flow": {"2020-12-31": "16090.00000", "2019-12-31": "1418.00000", "2018-12-31": "1486.00000", "2017-12-31": "1103.00000", "2016-12-31": "550.00000", "2015-12-31": "2610.00000", "2014-12-31": "1814.00000", "2013-12-31": "1698.00000", "2012-12-31": "1568.00000", "2011-12-31": "1321.00000", "2010-12-31": "1069.00000", "2009-12-31": "711.00000", "2008-12-31": "637.00000", "2007-12-31": "521.00000", "2006-12-31": "429.00000", "2005-12-31": "376.70000"}, "Other Non-Cash Items": {"2020-12-31": "532.00000", "2019-12-31": "1336.00000", "2018-12-31": "-308.00000", "2017-12-31": "-615.00000", "2016-12-31": "-38.00000", "2015-12-31": "-96.00000", "2014-12-31": "-106.00000", "2013-12-31": "-84.00000", "2012-12-31": "-121.00000", "2011-12-31": "-124.00000", "2010-12-31": "-181.00000", "2009-12-31": "-142.00000", "2008-12-31": "-34.00000", "2007-12-31": "-10.00000", "2006-12-31": "-1737.00000", "2005-12-31": "-107.40000"}, "Total Non-Cash Items": {"2020-12-31": "16622.00000", "2019-12-31": "2754.00000", "2018-12-31": "1178.00000", "2017-12-31": "488.00000", "2016-12-31": "512.00000", "2015-12-31": "2514.00000", "2014-12-31": "1708.00000", "2013-12-31": "1614.00000", "2012-12-31": "1447.00000", "2011-12-31": "1197.00000", "2010-12-31": "888.00000", "2009-12-31": "569.00000", "2008-12-31": "603.00000", "2007-12-31": "511.00000", "2006-12-31": "-1308.00000", "2005-12-31": "269.30000"}, "Change In Accounts Receivable": {"2020-12-31": "", "2019-12-31": "-583.00000", "2018-12-31": "-204.00000", "2017-12-31": "-1190.00000", "2016-12-31": "278.00000", "2015-12-31": "469.00000", "2014-12-31": "-524.00000", "2013-12-31": "-453.00000", "2012-12-31": "16.00000", "2011-12-31": "-1024.00000", "2010-12-31": "-702.00000", "2009-12-31": "399.00000", "2008-12-31": "-515.00000", "2007-12-31": "-309.00000", "2006-12-31": "-316.00000", "2005-12-31": "-329.40000"}, "Change In Inventories": {"2020-12-31": "", "2019-12-31": "-200.00000", "2018-12-31": "-339.00000", "2017-12-31": "418.00000", "2016-12-31": "367.00000", "2015-12-31": "442.00000", "2014-12-31": "-296.00000", "2013-12-31": "-120.00000", "2012-12-31": "-547.00000", "2011-12-31": "-641.00000", "2010-12-31": "-243.00000", "2009-12-31": "240.00000", "2008-12-31": "-371.00000", "2007-12-31": "-142.00000", "2006-12-31": "-365.00000", "2005-12-31": "-108.70000"}, "Change In Accounts Payable": {"2020-12-31": "", "2019-12-31": "249.00000", "2018-12-31": "794.00000", "2017-12-31": "303.00000", "2016-12-31": "-256.00000", "2015-12-31": "-450.00000", "2014-12-31": "291.00000", "2013-12-31": "845.00000", "2012-12-31": "-94.00000", "2011-12-31": "314.00000", "2010-12-31": "292.00000", "2009-12-31": "-89.00000", "2008-12-31": "242.00000", "2007-12-31": "26.00000", "2006-12-31": "69.00000", "2005-12-31": "122.30000"}, "Change In Assets/Liabilities": {"2020-12-31": "216.00000", "2019-12-31": "-60.00000", "2018-12-31": "129.00000", "2017-12-31": "-439.00000", "2016-12-31": "-807.00000", "2015-12-31": "-954.00000", "2014-12-31": "-47.00000", "2013-12-31": "", "2012-12-31": "", "2011-12-31": "", "2010-12-31": "", "2009-12-31": "", "2008-12-31": "-38.00000", "2007-12-31": "-4.00000", "2006-12-31": "57.00000", "2005-12-31": "41.70000"}, "Total Change In Assets/Liabilities": {"2020-12-31": "216.00000", "2019-12-31": "-594.00000", "2018-12-31": "380.00000", "2017-12-31": "-908.00000", "2016-12-31": "-418.00000", "2015-12-31": "-493.00000", "2014-12-31": "-486.00000", "2013-12-31": "241.00000", "2012-12-31": "-771.00000", "2011-12-31": "-1414.00000", "2010-12-31": "-812.00000", "2009-12-31": "251.00000", "2008-12-31": "-516.00000", "2007-12-31": "-564.00000", "2006-12-31": "-396.00000", "2005-12-31": "-126.80000"}, "Cash Flow From Operating Activities": {"2020-12-31": "1304.00000", "2019-12-31": "2126.00000", "2018-12-31": "1762.00000", "2017-12-31": "-799.00000", "2016-12-31": "262.00000", "2015-12-31": "1277.00000", "2014-12-31": "2953.00000", "2013-12-31": "3161.00000", "2012-12-31": "1835.00000", "2011-12-31": "1507.00000", "2010-12-31": "856.00000", "2009-12-31": "1239.00000", "2008-12-31": "1614.00000", "2007-12-31": "1475.00000", "2006-12-31": "590.00000", "2005-12-31": "955.40000"}, "Net Change In Property, Plant, And Equipment": {"2020-12-31": "-787.00000", "2019-12-31": "-976.00000", "2018-12-31": "-537.00000", "2017-12-31": "-493.00000", "2016-12-31": "-404.00000", "2015-12-31": "-577.00000", "2014-12-31": "-1354.00000", "2013-12-31": "-1630.00000", "2012-12-31": "-2521.00000", "2011-12-31": "-2150.00000", "2010-12-31": "-1283.00000", "2009-12-31": "-923.00000", "2008-12-31": "-1081.00000", "2007-12-31": "-948.00000", "2006-12-31": "-787.00000", "2005-12-31": "-388.20000"}, "Net Change In Intangible Assets": {"2020-12-31": "", "2019-12-31": "", "2018-12-31": "", "2017-12-31": "", "2016-12-31": "", "2015-12-31": "", "2014-12-31": "", "2013-12-31": "", "2012-12-31": "", "2011-12-31": "", "2010-12-31": "", "2009-12-31": "", "2008-12-31": "", "2007-12-31": "", "2006-12-31": "", "2005-12-31": ""}, "Net Acquisitions/Divestitures": {"2020-12-31": "", "2019-12-31": "-99.00000", "2018-12-31": "-166.00000", "2017-12-31": "-3355.00000", "2016-12-31": "-16.00000", "2015-12-31": "-86.00000", "2014-12-31": "-314.00000", "2013-12-31": "-22.00000", "2012-12-31": "", "2011-12-31": "", "2010-12-31": "-888.00000", "2009-12-31": "-58.00000", "2008-12-31": "-89.00000", "2007-12-31": "10.00000", "2006-12-31": "-20.00000", "2005-12-31": "-43.10000"}, "Net Change In Short-term Investments": {"2020-12-31": "", "2019-12-31": "", "2018-12-31": "", "2017-12-31": "", "2016-12-31": "", "2015-12-31": "", "2014-12-31": "0.00000", "2013-12-31": "0.00000", "2012-12-31": "", "2011-12-31": "250.00000", "2010-12-31": "-250.00000", "2009-12-31": "", "2008-12-31": "0.00000", "2007-12-31": "318.00000", "2006-12-31": "-277.00000", "2005-12-31": "-77.00000"}, "Net Change In Long-Term Investments": {"2020-12-31": "", "2019-12-31": "", "2018-12-31": "", "2017-12-31": "", "2016-12-31": "", "2015-12-31": "", "2014-12-31": "", "2013-12-31": "", "2012-12-31": "", "2011-12-31": "", "2010-12-31": "", "2009-12-31": "", "2008-12-31": "", "2007-12-31": "", "2006-12-31": "2400.00000", "2005-12-31": ""}, "Net Change In Investments - Total": {"2020-12-31": "", "2019-12-31": "", "2018-12-31": "", "2017-12-31": "", "2016-12-31": "", "2015-12-31": "", "2014-12-31": "", "2013-12-31": "", "2012-12-31": "", "2011-12-31": "250.00000", "2010-12-31": "-250.00000", "2009-12-31": "", "2008-12-31": "", "2007-12-31": "318.00000", "2006-12-31": "2123.00000", "2005-12-31": "-77.00000"}, "Investing Activities - Other": {"2020-12-31": "169.00000", "2019-12-31": "30.00000", "2018-12-31": "125.00000", "2017-12-31": "-275.00000", "2016-12-31": "-52.00000", "2015-12-31": "197.00000", "2014-12-31": "9.00000", "2013-12-31": "-11.00000", "2012-12-31": "", "2011-12-31": "9.00000", "2010-12-31": "45.00000", "2009-12-31": "15.00000", "2008-12-31": "", "2007-12-31": "", "2006-12-31": "60.00000", "2005-12-31": "42.90000"}, "Cash Flow From Investing Activities": {"2020-12-31": "-618.00000", "2019-12-31": "-1045.00000", "2018-12-31": "-578.00000", "2017-12-31": "-4123.00000", "2016-12-31": "-472.00000", "2015-12-31": "-466.00000", "2014-12-31": "-1659.00000", "2013-12-31": "-1663.00000", "2012-12-31": "-2521.00000", "2011-12-31": "-1891.00000", "2010-12-31": "-2376.00000", "2009-12-31": "-966.00000", "2008-12-31": "-1170.00000", "2007-12-31": "-620.00000", "2006-12-31": "1376.00000", "2005-12-31": "-465.40000"}, "Net Long-Term Debt": {"2020-12-31": "500.00000", "2019-12-31": "-45.00000", "2018-12-31": "-684.00000", "2017-12-31": "3751.00000", "2016-12-31": "", "2015-12-31": "", "2014-12-31": "", "2013-12-31": "", "2012-12-31": "", "2011-12-31": "-71.00000", "2010-12-31": "1479.00000", "2009-12-31": "-525.00000", "2008-12-31": "1235.00000", "2007-12-31": "", "2006-12-31": "", "2005-12-31": ""}, "Net Current Debt": {"2020-12-31": "491.00000", "2019-12-31": "-542.00000", "2018-12-31": "-376.00000", "2017-12-31": "-663.00000", "2016-12-31": "-156.00000", "2015-12-31": "177.00000", "2014-12-31": "-248.00000", "2013-12-31": "-571.00000", "2012-12-31": "847.00000", "2011-12-31": "125.00000", "2010-12-31": "52.00000", "2009-12-31": "-16.00000", "2008-12-31": "15.00000", "2007-12-31": "14.00000", "2006-12-31": "-9.00000", "2005-12-31": "-71.10000"}, "Debt Issuance/Retirement Net - Total": {"2020-12-31": "991.00000", "2019-12-31": "-587.00000", "2018-12-31": "-1060.00000", "2017-12-31": "3088.00000", "2016-12-31": "-156.00000", "2015-12-31": "177.00000", "2014-12-31": "-248.00000", "2013-12-31": "-571.00000", "2012-12-31": "847.00000", "2011-12-31": "54.00000", "2010-12-31": "1531.00000", "2009-12-31": "-541.00000", "2008-12-31": "1250.00000", "2007-12-31": "14.00000", "2006-12-31": "-9.00000", "2005-12-31": "-71.10000"}, "Net Common Equity Issued/Repurchased": {"2020-12-31": "", "2019-12-31": "-250.00000", "2018-12-31": "-2486.00000", "2017-12-31": "-477.00000", "2016-12-31": "", "2015-12-31": "", "2014-12-31": "-384.00000", "2013-12-31": "-249.00000", "2012-12-31": "81.00000", "2011-12-31": "183.00000", "2010-12-31": "74.00000", "2009-12-31": "51.00000", "2008-12-31": "-540.00000", "2007-12-31": "-454.00000", "2006-12-31": "-1764.00000", "2005-12-31": "129.60000"}, "Net Total Equity Issued/Repurchased": {"2020-12-31": "", "2019-12-31": "-250.00000", "2018-12-31": "-2486.00000", "2017-12-31": "-477.00000", "2016-12-31": "", "2015-12-31": "", "2014-12-31": "-384.00000", "2013-12-31": "-249.00000", "2012-12-31": "81.00000", "2011-12-31": "183.00000", "2010-12-31": "74.00000", "2009-12-31": "51.00000", "2008-12-31": "-540.00000", "2007-12-31": "-454.00000", "2006-12-31": "-1764.00000", "2005-12-31": "129.60000"}, "Total Common And Preferred Stock Dividends Paid": {"2020-12-31": "-488.00000", "2019-12-31": "-745.00000", "2018-12-31": "-810.00000", "2017-12-31": "-406.00000", "2016-12-31": "", "2015-12-31": "", "2014-12-31": "-279.00000", "2013-12-31": "-267.00000", "2012-12-31": "-263.00000", "2011-12-31": "-261.00000", "2010-12-31": "-241.00000", "2009-12-31": "-185.00000", "2008-12-31": "-173.00000", "2007-12-31": "-167.00000", "2006-12-31": "-172.00000", "2005-12-31": "-161.10000"}, "Financial Activities - Other": {"2020-12-31": "-278.00000", "2019-12-31": "48.00000", "2018-12-31": "-7.00000", "2017-12-31": "8714.00000", "2016-12-31": "54.00000", "2015-12-31": "-692.00000", "2014-12-31": "-28.00000", "2013-12-31": "-16.00000", "2012-12-31": "-19.00000", "2011-12-31": "-6.00000", "2010-12-31": "2.00000", "2009-12-31": "", "2008-12-31": "4.00000", "2007-12-31": "14.00000", "2006-12-31": "19.00000", "2005-12-31": "-5.50000"}, "Cash Flow From Financial Activities": {"2020-12-31": "225.00000", "2019-12-31": "-1534.00000", "2018-12-31": "-4363.00000", "2017-12-31": "10919.00000", "2016-12-31": "-102.00000", "2015-12-31": "-515.00000", "2014-12-31": "-939.00000", "2013-12-31": "-1103.00000", "2012-12-31": "646.00000", "2011-12-31": "-30.00000", "2010-12-31": "1366.00000", "2009-12-31": "-675.00000", "2008-12-31": "541.00000", "2007-12-31": "-593.00000", "2006-12-31": "-1926.00000", "2005-12-31": "-108.10000"}, "Net Cash Flow": {"2020-12-31": "883.00000", "2019-12-31": "-474.00000", "2018-12-31": "-3307.00000", "2017-12-31": "6049.00000", "2016-12-31": "-451.00000", "2015-12-31": "42.00000", "2014-12-31": "341.00000", "2013-12-31": "384.00000", "2012-12-31": "-35.00000", "2011-12-31": "-406.00000", "2010-12-31": "-139.00000", "2009-12-31": "-360.00000", "2008-12-31": "901.00000", "2007-12-31": "304.00000", "2006-12-31": "53.00000", "2005-12-31": "378.00000"}, "Stock-Based Compensation": {"2020-12-31": "", "2019-12-31": "", "2018-12-31": "", "2017-12-31": "", "2016-12-31": "", "2015-12-31": "", "2014-12-31": "", "2013-12-31": "115.00000", "2012-12-31": "115.00000", "2011-12-31": "108.00000", "2010-12-31": "87.00000", "2009-12-31": "88.00000", "2008-12-31": "60.00000", "2007-12-31": "51.00000", "2006-12-31": "46.00000", "2005-12-31": "9.20000"}, "Common Stock Dividends Paid": {"2020-12-31": "-488.00000", "2019-12-31": "-745.00000", "2018-12-31": "-810.00000", "2017-12-31": "-406.00000", "2016-12-31": "0.00000", "2015-12-31": "0.00000", "2014-12-31": "-279.00000", "2013-12-31": "-267.00000", "2012-12-31": "-263.00000", "2011-12-31": "-261.00000", "2010-12-31": "-241.00000", "2009-12-31": "-185.00000", "2008-12-31": "-173.00000", "2007-12-31": "-167.00000", "2006-12-31": "-172.00000", "2005-12-31": "-161.10000"}}, "cash flow statement, quarterly": {"Net Income/Loss": {"2020-12-31": 951, "2020-09-30": -259, "2020-06-30": -355, "2020-03-31": "-16098.00000", "2019-12-31": 94, "2019-09-30": 117, "2019-06-30": -11, "2019-03-31": "71.00000", "2018-12-31": 302, "2018-09-30": 38, "2018-06-30": -38, "2018-03-31": "-19.00000", "2017-12-31": -80, "2017-09-30": -357, "2017-06-30": -20, "2017-03-31": "66.00000", "2016-12-31": -2, "2016-09-30": 2080, "2016-06-30": -912, "2016-03-31": "-981.00000", "2015-12-31": 308, "2015-09-30": -156, "2015-06-30": -190, "2015-03-31": "-593.00000", "2014-12-31": 667, "2014-09-30": 369, "2014-06-30": 359, "2014-03-31": "336.00000", "2013-12-31": 250, "2013-09-30": 340, "2013-06-30": 245, "2013-03-31": "268.00000", "2012-12-31": 215, "2012-09-30": 284, "2012-06-30": 438, "2012-03-31": "380.00000", "2011-12-31": 338, "2011-09-30": 686, "2011-06-30": 335, "2011-03-31": "384.00000", "2010-12-31": 342, "2010-09-30": 255, "2010-06-30": 93, "2010-03-31": "129.00000", "2009-12-31": 84, "2009-09-30": 55, "2009-06-30": 87, "2009-03-31": "195.00000", "2008-12-31": 432, "2008-09-30": 429, "2008-06-30": 379, "2008-03-31": "395.00000", "2007-12-31": 400.6, "2007-09-30": 389.1, "2007-06-30": 349.6, "2007-03-31": "374.70000", "2006-12-31": 326.6, "2006-09-30": 358.6, "2006-06-30": 1395, "2006-03-31": "318.80000", "2005-12-31": 257.4, "2005-09-30": 220.6, "2005-06-30": 218, "2005-03-31": "178.40000"}, "Total Depreciation And Amortization - Cash Flow": {"2020-12-31": -422, "2020-09-30": 320, "2020-06-30": 339, "2020-03-31": "15853.00000", "2019-12-31": 353, "2019-09-30": 356, "2019-06-30": 359, "2019-03-31": "350.00000", "2018-12-31": 353, "2018-09-30": 353, "2018-06-30": 392, "2018-03-31": "388.00000", "2017-12-31": 387, "2017-09-30": 426, "2017-06-30": 158, "2017-03-31": "132.00000", "2016-12-31": 111, "2016-09-30": -2061, "2016-06-30": 2146, "2016-03-31": "354.00000", "2015-12-31": 1284, "2015-09-30": 432, "2015-06-30": 434, "2015-03-31": "460.00000", "2014-12-31": 468, "2014-09-30": 455, "2014-06-30": 454, "2014-03-31": "437.00000", "2013-12-31": 436, "2013-09-30": 423, "2013-06-30": 424, "2013-03-31": "415.00000", "2012-12-31": 417, "2012-09-30": 408, "2012-06-30": 380, "2012-03-31": "363.00000", "2011-12-31": 370, "2011-09-30": 305, "2011-06-30": 331, "2011-03-31": "315.00000", "2010-12-31": 326, "2010-09-30": 293, "2010-06-30": 261, "2010-03-31": "189.00000", "2009-12-31": 179, "2009-09-30": 177, "2009-06-30": 182, "2009-03-31": "173.00000", "2008-12-31": 177, "2008-09-30": 158, "2008-06-30": 155, "2008-03-31": "147.00000", "2007-12-31": 144.5, "2007-09-30": 133.1, "2007-06-30": 124.9, "2007-03-31": "118.50000", "2006-12-31": 117.1, "2006-09-30": 108.9, "2006-06-30": 104.3, "2006-03-31": "98.70000", "2005-12-31": 98, "2005-09-30": 95.9, "2005-06-30": 92.1, "2005-03-31": "90.70000"}, "Other Non-Cash Items": {"2020-12-31": -57, "2020-09-30": -634, "2020-06-30": 845, "2020-03-31": "378.00000", "2019-12-31": 1244, "2019-09-30": -330, "2019-06-30": 422, "2019-03-31": "", "2018-12-31": 4, "2018-09-30": -12, "2018-06-30": -67, "2018-03-31": "-233.00000", "2017-12-31": -586, "2017-09-30": 0, "2017-06-30": 86, "2017-03-31": "-115.00000", "2016-12-31": 83, "2016-09-30": -2335, "2016-06-30": 1692, "2016-03-31": "522.00000", "2015-12-31": -353, "2015-09-30": 58, "2015-06-30": 34, "2015-03-31": "165.00000", "2014-12-31": -4, "2014-09-30": -54, "2014-06-30": -15, "2014-03-31": "-33.00000", "2013-12-31": -31, "2013-09-30": 54, "2013-06-30": -104, "2013-03-31": "-3.00000", "2012-12-31": 98, "2012-09-30": -19, "2012-06-30": -160, "2012-03-31": "-40.00000", "2011-12-31": 85, "2011-09-30": -196, "2011-06-30": -11, "2011-03-31": "-2.00000", "2010-12-31": -32, "2010-09-30": -89, "2010-06-30": -8, "2010-03-31": "-52.00000", "2009-12-31": -59, "2009-09-30": -66, "2009-06-30": -58, "2009-03-31": "41.00000", "2008-12-31": 23, "2008-09-30": -25, "2008-06-30": 2, "2008-03-31": "-34.00000", "2007-12-31": 49.1, "2007-09-30": -44.6, "2007-06-30": 26.2, "2007-03-31": "-40.70000", "2006-12-31": -35.6, "2006-09-30": -75.6, "2006-06-30": -1613.6, "2006-03-31": "-12.20000", "2005-12-31": -46.4, "2005-09-30": -30.5, "2005-06-30": -27.4, "2005-03-31": "-3.10000"}, "Total Non-Cash Items": {"2020-12-31": -479, "2020-09-30": -314, "2020-06-30": 1184, "2020-03-31": "16231.00000", "2019-12-31": 1597, "2019-09-30": 26, "2019-06-30": 781, "2019-03-31": "350.00000", "2018-12-31": 357, "2018-09-30": 341, "2018-06-30": 325, "2018-03-31": "155.00000", "2017-12-31": -199, "2017-09-30": 426, "2017-06-30": 244, "2017-03-31": "17.00000", "2016-12-31": 194, "2016-09-30": -4396, "2016-06-30": 3838, "2016-03-31": "876.00000", "2015-12-31": 931, "2015-09-30": 490, "2015-06-30": 468, "2015-03-31": "625.00000", "2014-12-31": 464, "2014-09-30": 401, "2014-06-30": 439, "2014-03-31": "404.00000", "2013-12-31": 405, "2013-09-30": 477, "2013-06-30": 320, "2013-03-31": "412.00000", "2012-12-31": 515, "2012-09-30": 389, "2012-06-30": 220, "2012-03-31": "323.00000", "2011-12-31": 455, "2011-09-30": 109, "2011-06-30": 320, "2011-03-31": "313.00000", "2010-12-31": 294, "2010-09-30": 204, "2010-06-30": 253, "2010-03-31": "137.00000", "2009-12-31": 120, "2009-09-30": 111, "2009-06-30": 124, "2009-03-31": "214.00000", "2008-12-31": 200, "2008-09-30": 133, "2008-06-30": 157, "2008-03-31": "113.00000", "2007-12-31": 193.6, "2007-09-30": 88.5, "2007-06-30": 151.1, "2007-03-31": "77.80000", "2006-12-31": 81.5, "2006-09-30": 33.3, "2006-06-30": -1509.3, "2006-03-31": "86.50000", "2005-12-31": 51.6, "2005-09-30": 65.4, "2005-06-30": 64.7, "2005-03-31": "87.60000"}, "Change In Accounts Receivable": {"2020-12-31": -579, "2020-09-30": -19, "2020-06-30": 419, "2020-03-31": "179.00000", "2019-12-31": -208, "2019-09-30": -148, "2019-06-30": -23, "2019-03-31": "-204.00000", "2018-12-31": -168, "2018-09-30": -1, "2018-06-30": -160, "2018-03-31": "125.00000", "2017-12-31": -940, "2017-09-30": -149, "2017-06-30": -83, "2017-03-31": "-18.00000", "2016-12-31": -65, "2016-09-30": -399, "2016-06-30": 356, "2016-03-31": "386.00000", "2015-12-31": -1223, "2015-09-30": 102, "2015-06-30": 781, "2015-03-31": "809.00000", "2014-12-31": 48, "2014-09-30": -223, "2014-06-30": -188, "2014-03-31": "-161.00000", "2013-12-31": 198, "2013-09-30": -157, "2013-06-30": -116, "2013-03-31": "-378.00000", "2012-12-31": 258, "2012-09-30": -112, "2012-06-30": 1, "2012-03-31": "-131.00000", "2011-12-31": 50, "2011-09-30": -562, "2011-06-30": -114, "2011-03-31": "-398.00000", "2010-12-31": -198, "2010-09-30": -246, "2010-06-30": -104, "2010-03-31": "-154.00000", "2009-12-31": -131, "2009-09-30": 112, "2009-06-30": 189, "2009-03-31": "229.00000", "2008-12-31": -94, "2008-09-30": -138, "2008-06-30": -253, "2008-03-31": "-30.00000", "2007-12-31": -51.4, "2007-09-30": -169.8, "2007-06-30": 113.5, "2007-03-31": "-201.30000", "2006-12-31": 11.9, "2006-09-30": -166.9, "2006-06-30": -83.9, "2006-03-31": "-77.10000", "2005-12-31": -158.4, "2005-09-30": -30.1, "2005-06-30": -75.2, "2005-03-31": "-65.70000"}, "Change In Inventories": {"2020-12-31": 183, "2020-09-30": 92, "2020-06-30": -135, "2020-03-31": "-140.00000", "2019-12-31": 124, "2019-09-30": -21, "2019-06-30": -83, "2019-03-31": "-220.00000", "2018-12-31": -4, "2018-09-30": -53, "2018-06-30": -148, "2018-03-31": "-134.00000", "2017-12-31": 223, "2017-09-30": 19, "2017-06-30": 152, "2017-03-31": "24.00000", "2016-12-31": 356, "2016-09-30": -336, "2016-06-30": 198, "2016-03-31": "149.00000", "2015-12-31": -128, "2015-09-30": 257, "2015-06-30": 136, "2015-03-31": "177.00000", "2014-12-31": -16, "2014-09-30": -88, "2014-06-30": -76, "2014-03-31": "-116.00000", "2013-12-31": 71, "2013-09-30": -102, "2013-06-30": 35, "2013-03-31": "-124.00000", "2012-12-31": 114, "2012-09-30": -64, "2012-06-30": -196, "2012-03-31": "-401.00000", "2011-12-31": -176, "2011-09-30": -151, "2011-06-30": -128, "2011-03-31": "-186.00000", "2010-12-31": -82, "2010-09-30": -37, "2010-06-30": -77, "2010-03-31": "-47.00000", "2009-12-31": 136, "2009-09-30": 71, "2009-06-30": 129, "2009-03-31": "-96.00000", "2008-12-31": -93, "2008-09-30": -106, "2008-06-30": -54, "2008-03-31": "-118.00000", "2007-12-31": 18.8, "2007-09-30": -8.4, "2007-06-30": -25.8, "2007-03-31": "-126.60000", "2006-12-31": -60.6, "2006-09-30": -127.3, "2006-06-30": -97.2, "2006-03-31": "-79.90000", "2005-12-31": 16, "2005-09-30": -39.1, "2005-06-30": -49.6, "2005-03-31": "-36.00000"}, "Change In Accounts Payable": {"2020-12-31": 670, "2020-09-30": -180, "2020-06-30": -308, "2020-03-31": "-182.00000", "2019-12-31": 300, "2019-09-30": -97, "2019-06-30": 139, "2019-03-31": "-93.00000", "2018-12-31": 336, "2018-09-30": 140, "2018-06-30": 217, "2018-03-31": "101.00000", "2017-12-31": 219, "2017-09-30": 6, "2017-06-30": 94, "2017-03-31": "-16.00000", "2016-12-31": 15, "2016-09-30": 114, "2016-06-30": -122, "2016-03-31": "-263.00000", "2015-12-31": 839, "2015-09-30": -289, "2015-06-30": -373, "2015-03-31": "-627.00000", "2014-12-31": 105, "2014-09-30": 217, "2014-06-30": 54, "2014-03-31": "-85.00000", "2013-12-31": 96, "2013-09-30": 247, "2013-06-30": 190, "2013-03-31": "312.00000", "2012-12-31": -149, "2012-09-30": -5, "2012-06-30": -49, "2012-03-31": "109.00000", "2011-12-31": 135, "2011-09-30": 122, "2011-06-30": 23, "2011-03-31": "34.00000", "2010-12-31": 115, "2010-09-30": 54, "2010-06-30": 67, "2010-03-31": "56.00000", "2009-12-31": 156, "2009-09-30": -83, "2009-06-30": -17, "2009-03-31": "-145.00000", "2008-12-31": 100, "2008-09-30": 4, "2008-06-30": 159, "2008-03-31": "-21.00000", "2007-12-31": 57.6, "2007-09-30": 42.8, "2007-06-30": -58.5, "2007-03-31": "-15.90000", "2006-12-31": -13.4, "2006-09-30": 82.3, "2006-06-30": -15.8, "2006-03-31": "15.90000", "2005-12-31": 69.3, "2005-09-30": 20.7, "2005-06-30": 40.6, "2005-03-31": "-8.30000"}, "Change In Assets/Liabilities": {"2020-12-31": -313, "2020-09-30": 567, "2020-06-30": -364, "2020-03-31": "326.00000", "2019-12-31": -724, "2019-09-30": 693, "2019-06-30": -152, "2019-03-31": "123.00000", "2018-12-31": 274, "2018-09-30": -134, "2018-06-30": -27, "2018-03-31": "16.00000", "2017-12-31": 211, "2017-09-30": -267, "2017-06-30": -31, "2017-03-31": "-352.00000", "2016-12-31": -24, "2016-09-30": -783, "2016-06-30": 0, "2016-03-31": "", "2015-12-31": -954, "2015-09-30": 0, "2015-06-30": 0, "2015-03-31": "", "2014-12-31": -47, "2014-09-30": 0, "2014-06-30": 0, "2014-03-31": "", "2013-12-31": 0, "2013-09-30": 0, "2013-06-30": 0, "2013-03-31": "", "2012-12-31": 0, "2012-09-30": 0, "2012-06-30": 0, "2012-03-31": "", "2011-12-31": 0, "2011-09-30": 0, "2011-06-30": 0, "2011-03-31": "", "2010-12-31": 0, "2010-09-30": 0, "2010-06-30": 0, "2010-03-31": "", "2009-12-31": 0, "2009-09-30": 0, "2009-06-30": 0, "2009-03-31": "", "2008-12-31": -38, "2008-09-30": 0, "2008-06-30": 0, "2008-03-31": "", "2007-12-31": -4, "2007-09-30": 0, "2007-06-30": 0, "2007-03-31": "", "2006-12-31": 57, "2006-09-30": 0, "2006-06-30": 0, "2006-03-31": "", "2005-12-31": 41.7, "2005-09-30": 0, "2005-06-30": 0, "2005-03-31": ""}, "Total Change In Assets/Liabilities": {"2020-12-31": -39, "2020-09-30": 460, "2020-06-30": -388, "2020-03-31": "183.00000", "2019-12-31": -508, "2019-09-30": 427, "2019-06-30": -119, "2019-03-31": "-394.00000", "2018-12-31": 438, "2018-09-30": -48, "2018-06-30": -118, "2018-03-31": "108.00000", "2017-12-31": -287, "2017-09-30": -391, "2017-06-30": 132, "2017-03-31": "-362.00000", "2016-12-31": 282, "2016-09-30": -1404, "2016-06-30": 432, "2016-03-31": "272.00000", "2015-12-31": -1466, "2015-09-30": 70, "2015-06-30": 544, "2015-03-31": "359.00000", "2014-12-31": 47, "2014-09-30": 39, "2014-06-30": -210, "2014-03-31": "-362.00000", "2013-12-31": 334, "2013-09-30": -12, "2013-06-30": 109, "2013-03-31": "-190.00000", "2012-12-31": 77, "2012-09-30": -181, "2012-06-30": -244, "2012-03-31": "-423.00000", "2011-12-31": 54, "2011-09-30": -514, "2011-06-30": -362, "2011-03-31": "-592.00000", "2010-12-31": -353, "2010-09-30": -148, "2010-06-30": -91, "2010-03-31": "-220.00000", "2009-12-31": 169, "2009-09-30": 175, "2009-06-30": 251, "2009-03-31": "-344.00000", "2008-12-31": 84, "2008-09-30": -157, "2008-06-30": -208, "2008-03-31": "-235.00000", "2007-12-31": 97.3, "2007-09-30": -8.4, "2007-06-30": -242.1, "2007-03-31": "-410.80000", "2006-12-31": 11.7, "2006-09-30": -351.6, "2006-06-30": 236.1, "2006-03-31": "-292.20000", "2005-12-31": 74.4, "2005-09-30": -10.2, "2005-06-30": 21.1, "2005-03-31": "-212.10000"}, "Cash Flow From Operating Activities": {"2020-12-31": 377, "2020-09-30": 219, "2020-06-30": 230, "2020-03-31": "478.00000", "2019-12-31": 1357, "2019-09-30": 360, "2019-06-30": 593, "2019-03-31": "-184.00000", "2018-12-31": 1089, "2018-09-30": 240, "2018-06-30": 139, "2018-03-31": "294.00000", "2017-12-31": -214, "2017-09-30": -196, "2017-06-30": -43, "2017-03-31": "-346.00000", "2016-12-31": 457, "2016-09-30": -3673, "2016-06-30": 3577, "2016-03-31": "-99.00000", "2015-12-31": 12, "2015-09-30": 428, "2015-06-30": 581, "2015-03-31": "256.00000", "2014-12-31": 1199, "2014-09-30": 1058, "2014-06-30": 393, "2014-03-31": "303.00000", "2013-12-31": 1003, "2013-09-30": 1080, "2013-06-30": 692, "2013-03-31": "386.00000", "2012-12-31": 888, "2012-09-30": 823, "2012-06-30": 200, "2012-03-31": "-76.00000", "2011-12-31": 825, "2011-09-30": 285, "2011-06-30": 321, "2011-03-31": "76.00000", "2010-12-31": 278, "2010-09-30": 420, "2010-06-30": 153, "2010-03-31": "5.00000", "2009-12-31": 352, "2009-09-30": 381, "2009-06-30": 472, "2009-03-31": "34.00000", "2008-12-31": 649, "2008-09-30": 408, "2008-06-30": 321, "2008-03-31": "236.00000", "2007-12-31": 685.4, "2007-09-30": 473.3, "2007-06-30": 260.6, "2007-03-31": "55.70000", "2006-12-31": 291.1, "2006-09-30": 134.3, "2006-06-30": 54.9, "2006-03-31": "109.70000", "2005-12-31": 303.5, "2005-09-30": 289.4, "2005-06-30": 302.2, "2005-03-31": "60.30000"}, "Net Change In Property, Plant, And Equipment": {"2020-12-31": -127, "2020-09-30": -167, "2020-06-30": -168, "2020-03-31": "-325.00000", "2019-12-31": -304, "2019-09-30": -199, "2019-06-30": -238, "2019-03-31": "-235.00000", "2018-12-31": -214, "2018-09-30": -93, "2018-06-30": -161, "2018-03-31": "-69.00000", "2017-12-31": -152, "2017-09-30": -210, "2017-06-30": -63, "2017-03-31": "-68.00000", "2016-12-31": -95, "2016-09-30": -292, "2016-06-30": -13, "2016-03-31": "-4.00000", "2015-12-31": -95, "2015-09-30": -80, "2015-06-30": -168, "2015-03-31": "-234.00000", "2014-12-31": -361, "2014-09-30": -333, "2014-06-30": -321, "2014-03-31": "-339.00000", "2013-12-31": -354, "2013-09-30": -418, "2013-06-30": -462, "2013-03-31": "-396.00000", "2012-12-31": -625, "2012-09-30": -657, "2012-06-30": -671, "2012-03-31": "-568.00000", "2011-12-31": -741, "2011-09-30": -528, "2011-06-30": -527, "2011-03-31": "-354.00000", "2010-12-31": -430, "2010-09-30": -403, "2010-06-30": -305, "2010-03-31": "-145.00000", "2009-12-31": -263, "2009-09-30": -178, "2009-06-30": -248, "2009-03-31": "-234.00000", "2008-12-31": -383, "2008-09-30": -256, "2008-06-30": -251, "2008-03-31": "-191.00000", "2007-12-31": -283.1, "2007-09-30": -217.2, "2007-06-30": -235.4, "2007-03-31": "-212.30000", "2006-12-31": -287.6, "2006-09-30": -191.2, "2006-06-30": -177.8, "2006-03-31": "-130.40000", "2005-12-31": -137.2, "2005-09-30": -95, "2005-06-30": -91, "2005-03-31": "-65.00000"}, "Net Change In Intangible Assets": {"2020-12-31": 0, "2020-09-30": 0, "2020-06-30": 0, "2020-03-31": "", "2019-12-31": 0, "2019-09-30": 0, "2019-06-30": 0, "2019-03-31": "", "2018-12-31": 0, "2018-09-30": 0, "2018-06-30": 0, "2018-03-31": "", "2017-12-31": 0, "2017-09-30": 0, "2017-06-30": 0, "2017-03-31": "", "2016-12-31": 0, "2016-09-30": 0, "2016-06-30": 0, "2016-03-31": "", "2015-12-31": 0, "2015-09-30": 0, "2015-06-30": 0, "2015-03-31": "", "2014-12-31": 0, "2014-09-30": 0, "2014-06-30": 0, "2014-03-31": "", "2013-12-31": 0, "2013-09-30": 0, "2013-06-30": 0, "2013-03-31": "", "2012-12-31": 0, "2012-09-30": 0, "2012-06-30": 0, "2012-03-31": "", "2011-12-31": 0, "2011-09-30": 0, "2011-06-30": 0, "2011-03-31": "", "2010-12-31": 0, "2010-09-30": 0, "2010-06-30": 0, "2010-03-31": "", "2009-12-31": 0, "2009-09-30": 0, "2009-06-30": 0, "2009-03-31": "", "2008-12-31": 0, "2008-09-30": 0, "2008-06-30": 0, "2008-03-31": "", "2007-12-31": 0, "2007-09-30": 0, "2007-06-30": 0, "2007-03-31": "", "2006-12-31": 0, "2006-09-30": 0, "2006-06-30": 0, "2006-03-31": "", "2005-12-31": 0, "2005-09-30": 0, "2005-06-30": 0, "2005-03-31": ""}, "Net Acquisitions/Divestitures": {"2020-12-31": 0, "2020-09-30": 0, "2020-06-30": 0, "2020-03-31": "", "2019-12-31": -99, "2019-09-30": 0, "2019-06-30": 0, "2019-03-31": "", "2018-12-31": -146, "2018-09-30": -20, "2018-06-30": 0, "2018-03-31": "", "2017-12-31": 10, "2017-09-30": -3365, "2017-06-30": 0, "2017-03-31": "", "2016-12-31": -15, "2016-09-30": -205, "2016-06-30": 204, "2016-03-31": "", "2015-12-31": -86, "2015-09-30": 0, "2015-06-30": 0, "2015-03-31": "", "2014-12-31": -1, "2014-09-30": -313, "2014-06-30": 0, "2014-03-31": "", "2013-12-31": 0, "2013-09-30": -22, "2013-06-30": 0, "2013-03-31": "", "2012-12-31": 0, "2012-09-30": 0, "2012-06-30": 0, "2012-03-31": "", "2011-12-31": 0, "2011-09-30": 5, "2011-06-30": -5, "2011-03-31": "", "2010-12-31": -36, "2010-09-30": -18, "2010-06-30": -834, "2010-03-31": "", "2009-12-31": -10, "2009-09-30": -13, "2009-06-30": -35, "2009-03-31": "", "2008-12-31": -39, "2008-09-30": -9, "2008-06-30": -72, "2008-03-31": "31.00000", "2007-12-31": 10, "2007-09-30": 0, "2007-06-30": 0, "2007-03-31": "", "2006-12-31": -0.1, "2006-09-30": -6.4, "2006-06-30": -4.4, "2006-03-31": "-9.10000", "2005-12-31": -46.8, "2005-09-30": 3.7, "2005-06-30": 0, "2005-03-31": ""}, "Net Change In Short-term Investments": {"2020-12-31": 0, "2020-09-30": 0, "2020-06-30": 0, "2020-03-31": "", "2019-12-31": 0, "2019-09-30": 0, "2019-06-30": 0, "2019-03-31": "", "2018-12-31": 0, "2018-09-30": 0, "2018-06-30": 0, "2018-03-31": "", "2017-12-31": 0, "2017-09-30": 0, "2017-06-30": 0, "2017-03-31": "", "2016-12-31": 0, "2016-09-30": 276, "2016-06-30": -341, "2016-03-31": "65.00000", "2015-12-31": 217, "2015-09-30": -217, "2015-06-30": 0, "2015-03-31": "0.00000", "2014-12-31": 0, "2014-09-30": 0, "2014-06-30": 0, "2014-03-31": "", "2013-12-31": 0, "2013-09-30": 0, "2013-06-30": 0, "2013-03-31": "", "2012-12-31": 0, "2012-09-30": 0, "2012-06-30": 0, "2012-03-31": "", "2011-12-31": 0, "2011-09-30": 0, "2011-06-30": 250, "2011-03-31": "", "2010-12-31": 0, "2010-09-30": -250, "2010-06-30": 0, "2010-03-31": "", "2009-12-31": 0, "2009-09-30": 0, "2009-06-30": 0, "2009-03-31": "", "2008-12-31": 0, "2008-09-30": 0, "2008-06-30": 0, "2008-03-31": "", "2007-12-31": 26.5, "2007-09-30": 123, "2007-06-30": 12.2, "2007-03-31": "156.30000", "2006-12-31": -61.5001, "2006-09-30": 172.0001, "2006-06-30": -380.6, "2006-03-31": "-6.90000", "2005-12-31": -77, "2005-09-30": 0, "2005-06-30": 0, "2005-03-31": ""}, "Net Change In Long-Term Investments": {"2020-12-31": 0, "2020-09-30": 0, "2020-06-30": 0, "2020-03-31": "", "2019-12-31": 0, "2019-09-30": 0, "2019-06-30": 0, "2019-03-31": "", "2018-12-31": 0, "2018-09-30": 0, "2018-06-30": 0, "2018-03-31": "", "2017-12-31": 0, "2017-09-30": 0, "2017-06-30": 0, "2017-03-31": "", "2016-12-31": 0, "2016-09-30": 0, "2016-06-30": 0, "2016-03-31": "", "2015-12-31": 0, "2015-09-30": 0, "2015-06-30": 0, "2015-03-31": "", "2014-12-31": 0, "2014-09-30": 0, "2014-06-30": 0, "2014-03-31": "", "2013-12-31": 0, "2013-09-30": 0, "2013-06-30": 0, "2013-03-31": "", "2012-12-31": 0, "2012-09-30": 0, "2012-06-30": 0, "2012-03-31": "", "2011-12-31": 0, "2011-09-30": 0, "2011-06-30": 0, "2011-03-31": "", "2010-12-31": 0, "2010-09-30": 0, "2010-06-30": 0, "2010-03-31": "", "2009-12-31": 0, "2009-09-30": 0, "2009-06-30": 0, "2009-03-31": "", "2008-12-31": 0, "2008-09-30": 0, "2008-06-30": 0, "2008-03-31": "", "2007-12-31": 0, "2007-09-30": 0, "2007-06-30": 0, "2007-03-31": "", "2006-12-31": 0, "2006-09-30": 0, "2006-06-30": 2400, "2006-03-31": "", "2005-12-31": 0, "2005-09-30": -3.7, "2005-06-30": 3.7, "2005-03-31": ""}, "Net Change In Investments - Total": {"2020-12-31": 0, "2020-09-30": 0, "2020-06-30": 0, "2020-03-31": "", "2019-12-31": 0, "2019-09-30": 0, "2019-06-30": 0, "2019-03-31": "", "2018-12-31": 0, "2018-09-30": 0, "2018-06-30": 0, "2018-03-31": "", "2017-12-31": 0, "2017-09-30": 0, "2017-06-30": 0, "2017-03-31": "", "2016-12-31": 0, "2016-09-30": 276, "2016-06-30": -341, "2016-03-31": "65.00000", "2015-12-31": 217, "2015-09-30": -217, "2015-06-30": 0, "2015-03-31": "", "2014-12-31": 0, "2014-09-30": 0, "2014-06-30": 0, "2014-03-31": "", "2013-12-31": 0, "2013-09-30": 0, "2013-06-30": 0, "2013-03-31": "", "2012-12-31": 0, "2012-09-30": 0, "2012-06-30": 0, "2012-03-31": "", "2011-12-31": 0, "2011-09-30": 0, "2011-06-30": 250, "2011-03-31": "", "2010-12-31": 0, "2010-09-30": -250, "2010-06-30": 0, "2010-03-31": "", "2009-12-31": 0, "2009-09-30": 0, "2009-06-30": 0, "2009-03-31": "", "2008-12-31": 0, "2008-09-30": 0, "2008-06-30": 0, "2008-03-31": "", "2007-12-31": 26.5, "2007-09-30": 123, "2007-06-30": 12.2, "2007-03-31": "156.30000", "2006-12-31": -61.5, "2006-09-30": 172, "2006-06-30": 2019.4, "2006-03-31": "-6.90000", "2005-12-31": -77, "2005-09-30": -3.7, "2005-06-30": 3.7, "2005-03-31": ""}, "Investing Activities - Other": {"2020-12-31": 60, "2020-09-30": 53, "2020-06-30": 49, "2020-03-31": "7.00000", "2019-12-31": 17, "2019-09-30": 103, "2019-06-30": -69, "2019-03-31": "-21.00000", "2018-12-31": -14, "2018-09-30": 71, "2018-06-30": 133, "2018-03-31": "-65.00000", "2017-12-31": -102, "2017-09-30": -174, "2017-06-30": 0, "2017-03-31": "1.00000", "2016-12-31": -16, "2016-09-30": -36, "2016-06-30": 0, "2016-03-31": "", "2015-12-31": 211, "2015-09-30": -3, "2015-06-30": -8, "2015-03-31": "-3.00000", "2014-12-31": 9, "2014-09-30": 26, "2014-06-30": -1, "2014-03-31": "-25.00000", "2013-12-31": -5, "2013-09-30": -2, "2013-06-30": -4, "2013-03-31": "", "2012-12-31": 0, "2012-09-30": 0, "2012-06-30": 0, "2012-03-31": "", "2011-12-31": 27, "2011-09-30": -18, "2011-06-30": 2, "2011-03-31": "-2.00000", "2010-12-31": 6, "2010-09-30": 39, "2010-06-30": 0, "2010-03-31": "", "2009-12-31": 15, "2009-09-30": 0, "2009-06-30": 0, "2009-03-31": "", "2008-12-31": 0, "2008-09-30": 0, "2008-06-30": 0, "2008-03-31": "", "2007-12-31": 0, "2007-09-30": 0, "2007-06-30": 0, "2007-03-31": "", "2006-12-31": 0.4, "2006-09-30": 0, "2006-06-30": 59.6, "2006-03-31": "", "2005-12-31": 15, "2005-09-30": 27.9, "2005-06-30": 0, "2005-03-31": ""}, "Cash Flow From Investing Activities": {"2020-12-31": -67, "2020-09-30": -114, "2020-06-30": -119, "2020-03-31": "-318.00000", "2019-12-31": -386, "2019-09-30": -96, "2019-06-30": -307, "2019-03-31": "-256.00000", "2018-12-31": -374, "2018-09-30": -42, "2018-06-30": -28, "2018-03-31": "-134.00000", "2017-12-31": -244, "2017-09-30": -3749, "2017-06-30": -63, "2017-03-31": "-67.00000", "2016-12-31": -126, "2016-09-30": -257, "2016-06-30": -150, "2016-03-31": "61.00000", "2015-12-31": 247, "2015-09-30": -300, "2015-06-30": -176, "2015-03-31": "-237.00000", "2014-12-31": -353, "2014-09-30": -620, "2014-06-30": -322, "2014-03-31": "-364.00000", "2013-12-31": -359, "2013-09-30": -442, "2013-06-30": -466, "2013-03-31": "-396.00000", "2012-12-31": -625, "2012-09-30": -657, "2012-06-30": -671, "2012-03-31": "-568.00000", "2011-12-31": -714, "2011-09-30": -541, "2011-06-30": -280, "2011-03-31": "-356.00000", "2010-12-31": -460, "2010-09-30": -632, "2010-06-30": -1139, "2010-03-31": "-145.00000", "2009-12-31": -258, "2009-09-30": -191, "2009-06-30": -283, "2009-03-31": "-234.00000", "2008-12-31": -422, "2008-09-30": -265, "2008-06-30": -323, "2008-03-31": "-160.00000", "2007-12-31": -246.6, "2007-09-30": -94.2, "2007-06-30": -223.2, "2007-03-31": "-56.00000", "2006-12-31": -348.8, "2006-09-30": -25.6, "2006-06-30": 1896.8, "2006-03-31": "-146.40000", "2005-12-31": -246, "2005-09-30": -67.1, "2005-06-30": -87.3, "2005-03-31": "-65.00000"}, "Net Long-Term Debt": {"2020-12-31": 170, "2020-09-30": -21, "2020-06-30": 466, "2020-03-31": "-115.00000", "2019-12-31": 182, "2019-09-30": -161, "2019-06-30": -18, "2019-03-31": "-48.00000", "2018-12-31": -11, "2018-09-30": -25, "2018-06-30": 0, "2018-03-31": "-648.00000", "2017-12-31": 3751, "2017-09-30": 0, "2017-06-30": 0, "2017-03-31": "", "2016-12-31": 0, "2016-09-30": 1135, "2016-06-30": -1135, "2016-03-31": "", "2015-12-31": 0, "2015-09-30": 0, "2015-06-30": 0, "2015-03-31": "", "2014-12-31": 0, "2014-09-30": 0, "2014-06-30": 0, "2014-03-31": "", "2013-12-31": 0, "2013-09-30": 0, "2013-06-30": 0, "2013-03-31": "", "2012-12-31": 0, "2012-09-30": 0, "2012-06-30": 0, "2012-03-31": "", "2011-12-31": 0, "2011-09-30": 179, "2011-06-30": -250, "2011-03-31": "", "2010-12-31": 0, "2010-09-30": 1479, "2010-06-30": 0, "2010-03-31": "", "2009-12-31": 0, "2009-09-30": 0, "2009-06-30": 0, "2009-03-31": "-525.00000", "2008-12-31": 1235, "2008-09-30": 0, "2008-06-30": 0, "2008-03-31": "", "2007-12-31": 0, "2007-09-30": 0, "2007-06-30": 0, "2007-03-31": "", "2006-12-31": 0, "2006-09-30": 0, "2006-06-30": 0, "2006-03-31": "", "2005-12-31": 0, "2005-09-30": 0, "2005-06-30": 0, "2005-03-31": ""}, "Net Current Debt": {"2020-12-31": -246, "2020-09-30": 0, "2020-06-30": 737, "2020-03-31": "", "2019-12-31": -542, "2019-09-30": 0, "2019-06-30": 0, "2019-03-31": "", "2018-12-31": -57, "2018-09-30": -19, "2018-06-30": -119, "2018-03-31": "-181.00000", "2017-12-31": -338, "2017-09-30": -280, "2017-06-30": -272, "2017-03-31": "227.00000", "2016-12-31": 32, "2016-09-30": -152, "2016-06-30": -31, "2016-03-31": "-5.00000", "2015-12-31": 215, "2015-09-30": 26, "2015-06-30": -10, "2015-03-31": "-54.00000", "2014-12-31": -299, "2014-09-30": -127, "2014-06-30": 64, "2014-03-31": "114.00000", "2013-12-31": -239, "2013-09-30": -332, "2013-06-30": -176, "2013-03-31": "176.00000", "2012-12-31": -228, "2012-09-30": 113, "2012-06-30": 513, "2012-03-31": "449.00000", "2011-12-31": 166, "2011-09-30": -20, "2011-06-30": 15, "2011-03-31": "-36.00000", "2010-12-31": 43, "2010-09-30": -546, "2010-06-30": 337, "2010-03-31": "218.00000", "2009-12-31": -8, "2009-09-30": -28, "2009-06-30": 16, "2009-03-31": "4.00000", "2008-12-31": -532, "2008-09-30": 9, "2008-06-30": 72, "2008-03-31": "466.00000", "2007-12-31": 10.8, "2007-09-30": 2.1, "2007-06-30": -6.3, "2007-03-31": "7.40000", "2006-12-31": -5.2, "2006-09-30": 6.5, "2006-06-30": -7.3, "2006-03-31": "-3.00000", "2005-12-31": -11.6, "2005-09-30": 3.3, "2005-06-30": -12, "2005-03-31": "-50.80000"}, "Debt Issuance/Retirement Net - Total": {"2020-12-31": -76, "2020-09-30": -21, "2020-06-30": 1203, "2020-03-31": "-115.00000", "2019-12-31": -360, "2019-09-30": -161, "2019-06-30": -18, "2019-03-31": "-48.00000", "2018-12-31": -68, "2018-09-30": -44, "2018-06-30": -119, "2018-03-31": "-829.00000", "2017-12-31": 3413, "2017-09-30": -280, "2017-06-30": -272, "2017-03-31": "227.00000", "2016-12-31": 32, "2016-09-30": 983, "2016-06-30": -1166, "2016-03-31": "-5.00000", "2015-12-31": 215, "2015-09-30": 26, "2015-06-30": -10, "2015-03-31": "-54.00000", "2014-12-31": -299, "2014-09-30": -127, "2014-06-30": 64, "2014-03-31": "114.00000", "2013-12-31": -239, "2013-09-30": -332, "2013-06-30": -176, "2013-03-31": "176.00000", "2012-12-31": -228, "2012-09-30": 113, "2012-06-30": 513, "2012-03-31": "449.00000", "2011-12-31": 166, "2011-09-30": 159, "2011-06-30": -235, "2011-03-31": "-36.00000", "2010-12-31": 43, "2010-09-30": 933, "2010-06-30": 337, "2010-03-31": "218.00000", "2009-12-31": -8, "2009-09-30": -28, "2009-06-30": 16, "2009-03-31": "-521.00000", "2008-12-31": 703, "2008-09-30": 9, "2008-06-30": 72, "2008-03-31": "466.00000", "2007-12-31": 10.8, "2007-09-30": 2.1, "2007-06-30": -6.3, "2007-03-31": "7.40000", "2006-12-31": -5.2, "2006-09-30": 6.5, "2006-06-30": -7.3, "2006-03-31": "-3.00000", "2005-12-31": -11.6, "2005-09-30": 3.3, "2005-06-30": -12, "2005-03-31": "-50.80000"}, "Net Common Equity Issued/Repurchased": {"2020-12-31": 0, "2020-09-30": 0, "2020-06-30": 0, "2020-03-31": "", "2019-12-31": 0, "2019-09-30": -250, "2019-06-30": 0, "2019-03-31": "", "2018-12-31": -1461, "2018-09-30": 0, "2018-06-30": -835, "2018-03-31": "-190.00000", "2017-12-31": -477, "2017-09-30": 0, "2017-06-30": 0, "2017-03-31": "", "2016-12-31": 0, "2016-09-30": 500, "2016-06-30": -500, "2016-03-31": "", "2015-12-31": 0, "2015-09-30": 0, "2015-06-30": 0, "2015-03-31": "", "2014-12-31": 216, "2014-09-30": -200, "2014-06-30": -200, "2014-03-31": "-200.00000", "2013-12-31": -299, "2013-09-30": 7, "2013-06-30": 43, "2013-03-31": "", "2012-12-31": 81, "2012-09-30": 0, "2012-06-30": 0, "2012-03-31": "", "2011-12-31": 39, "2011-09-30": 29, "2011-06-30": 58, "2011-03-31": "57.00000", "2010-12-31": 45, "2010-09-30": 1, "2010-06-30": 26, "2010-03-31": "2.00000", "2009-12-31": 50, "2009-09-30": 0, "2009-06-30": 1, "2009-03-31": "", "2008-12-31": 20, "2008-09-30": -39, "2008-06-30": 10, "2008-03-31": "-531.00000", "2007-12-31": -224.8, "2007-09-30": -161.4, "2007-06-30": -71.8, "2007-03-31": "4.00000", "2006-12-31": -204.1, "2006-09-30": -531.6, "2006-06-30": -967, "2006-03-31": "-61.30000", "2005-12-31": -48.5, "2005-09-30": 75.1, "2005-06-30": 42.4, "2005-03-31": "60.60000"}, "Net Total Equity Issued/Repurchased": {"2020-12-31": 0, "2020-09-30": 0, "2020-06-30": 0, "2020-03-31": "", "2019-12-31": 0, "2019-09-30": -250, "2019-06-30": 0, "2019-03-31": "", "2018-12-31": -1461, "2018-09-30": 0, "2018-06-30": -835, "2018-03-31": "-190.00000", "2017-12-31": -477, "2017-09-30": 0, "2017-06-30": 0, "2017-03-31": "", "2016-12-31": 0, "2016-09-30": 500, "2016-06-30": -500, "2016-03-31": "", "2015-12-31": 0, "2015-09-30": 0, "2015-06-30": 0, "2015-03-31": "", "2014-12-31": 216, "2014-09-30": -200, "2014-06-30": -200, "2014-03-31": "-200.00000", "2013-12-31": -299, "2013-09-30": 7, "2013-06-30": 43, "2013-03-31": "", "2012-12-31": 81, "2012-09-30": 0, "2012-06-30": 0, "2012-03-31": "", "2011-12-31": 39, "2011-09-30": 29, "2011-06-30": 58, "2011-03-31": "57.00000", "2010-12-31": 45, "2010-09-30": 1, "2010-06-30": 26, "2010-03-31": "2.00000", "2009-12-31": 50, "2009-09-30": 0, "2009-06-30": 1, "2009-03-31": "", "2008-12-31": 20, "2008-09-30": -39, "2008-06-30": 10, "2008-03-31": "-531.00000", "2007-12-31": -224.8, "2007-09-30": -161.4, "2007-06-30": -71.8, "2007-03-31": "4.00000", "2006-12-31": -204.1, "2006-09-30": -531.6, "2006-06-30": -967, "2006-03-31": "-61.30000", "2005-12-31": -48.5, "2005-09-30": 75.1, "2005-06-30": 42.4, "2005-03-31": "60.60000"}, "Total Common And Preferred Stock Dividends Paid": {"2020-12-31": 70, "2020-09-30": -186, "2020-06-30": -186, "2020-03-31": "-186.00000", "2019-12-31": -185, "2019-09-30": -187, "2019-06-30": -186, "2019-03-31": "-187.00000", "2018-12-31": -186, "2018-09-30": -221, "2018-06-30": -200, "2018-03-31": "-203.00000", "2017-12-31": -208, "2017-09-30": -198, "2017-06-30": 0, "2017-03-31": "", "2016-12-31": 0, "2016-09-30": 148, "2016-06-30": -74, "2016-03-31": "-74.00000", "2015-12-31": 222, "2015-09-30": -74, "2015-06-30": -73, "2015-03-31": "-75.00000", "2014-12-31": -74, "2014-09-30": -74, "2014-06-30": -65, "2014-03-31": "-66.00000", "2013-12-31": -67, "2013-09-30": -68, "2013-06-30": -66, "2013-03-31": "-66.00000", "2012-12-31": -66, "2012-09-30": -66, "2012-06-30": -66, "2012-03-31": "-65.00000", "2011-12-31": -66, "2011-09-30": -65, "2011-06-30": -65, "2011-03-31": "-65.00000", "2010-12-31": -66, "2010-09-30": -64, "2010-06-30": -64, "2010-03-31": "-47.00000", "2009-12-31": -46, "2009-09-30": -47, "2009-06-30": -46, "2009-03-31": "-46.00000", "2008-12-31": -47, "2008-09-30": -45, "2008-06-30": -40, "2008-03-31": "-41.00000", "2007-12-31": -42.5, "2007-09-30": -41.4, "2007-06-30": -41.6, "2007-03-31": "-41.50000", "2006-12-31": -40.9, "2006-09-30": -42.6, "2006-06-30": -44.1, "2006-03-31": "-44.40000", "2005-12-31": -44.3, "2005-09-30": -39.1, "2005-06-30": -39, "2005-03-31": "-38.70000"}, "Financial Activities - Other": {"2020-12-31": -263, "2020-09-30": 6, "2020-06-30": 5, "2020-03-31": "-26.00000", "2019-12-31": 7, "2019-09-30": 29, "2019-06-30": 9, "2019-03-31": "3.00000", "2018-12-31": -1, "2018-09-30": -10, "2018-06-30": 335, "2018-03-31": "-331.00000", "2017-12-31": -21, "2017-09-30": 7146, "2017-06-30": 1359, "2017-03-31": "230.00000", "2016-12-31": -363, "2016-09-30": 403, "2016-06-30": 30, "2016-03-31": "-16.00000", "2015-12-31": -713, "2015-09-30": -4, "2015-06-30": 42, "2015-03-31": "-17.00000", "2014-12-31": -148, "2014-09-30": 12, "2014-06-30": 94, "2014-03-31": "14.00000", "2013-12-31": 1, "2013-09-30": -3, "2013-06-30": -4, "2013-03-31": "-10.00000", "2012-12-31": -43, "2012-09-30": 0, "2012-06-30": 37, "2012-03-31": "-13.00000", "2011-12-31": -5, "2011-09-30": 8, "2011-06-30": -13, "2011-03-31": "4.00000", "2010-12-31": 0, "2010-09-30": 1, "2010-06-30": 0, "2010-03-31": "1.00000", "2009-12-31": 0, "2009-09-30": 0, "2009-06-30": 0, "2009-03-31": "", "2008-12-31": 1, "2008-09-30": 2, "2008-06-30": 1, "2008-03-31": "", "2007-12-31": 7.9, "2007-09-30": 0.8, "2007-06-30": 5.3, "2007-03-31": "", "2006-12-31": 6.7, "2006-09-30": -0.9, "2006-06-30": 7, "2006-03-31": "6.20000", "2005-12-31": 0, "2005-09-30": 0, "2005-06-30": -5.5, "2005-03-31": ""}, "Cash Flow From Financial Activities": {"2020-12-31": -269, "2020-09-30": -201, "2020-06-30": 1022, "2020-03-31": "-327.00000", "2019-12-31": -538, "2019-09-30": -569, "2019-06-30": -195, "2019-03-31": "-232.00000", "2018-12-31": -1716, "2018-09-30": -275, "2018-06-30": -819, "2018-03-31": "-1553.00000", "2017-12-31": 2707, "2017-09-30": 6668, "2017-06-30": 1087, "2017-03-31": "457.00000", "2016-12-31": -331, "2016-09-30": 2034, "2016-06-30": -1710, "2016-03-31": "-95.00000", "2015-12-31": -276, "2015-09-30": -52, "2015-06-30": -41, "2015-03-31": "-146.00000", "2014-12-31": -305, "2014-09-30": -389, "2014-06-30": -107, "2014-03-31": "-138.00000", "2013-12-31": -604, "2013-09-30": -396, "2013-06-30": -203, "2013-03-31": "100.00000", "2012-12-31": -256, "2012-09-30": 47, "2012-06-30": 484, "2012-03-31": "371.00000", "2011-12-31": 134, "2011-09-30": 131, "2011-06-30": -255, "2011-03-31": "-40.00000", "2010-12-31": 22, "2010-09-30": 871, "2010-06-30": 299, "2010-03-31": "174.00000", "2009-12-31": -4, "2009-09-30": -75, "2009-06-30": -29, "2009-03-31": "-567.00000", "2008-12-31": 677, "2008-09-30": -73, "2008-06-30": 43, "2008-03-31": "-106.00000", "2007-12-31": -248.6, "2007-09-30": -199.9, "2007-06-30": -114.4, "2007-03-31": "-30.10000", "2006-12-31": -243.5, "2006-09-30": -568.6, "2006-06-30": -1011.4, "2006-03-31": "-102.50000", "2005-12-31": -104.4, "2005-09-30": 39.3, "2005-06-30": -14.1, "2005-03-31": "-28.90000"}, "Net Cash Flow": {"2020-12-31": 71, "2020-09-30": -71, "2020-06-30": 1122, "2020-03-31": "-239.00000", "2019-12-31": 441, "2019-09-30": -330, "2019-06-30": 65, "2019-03-31": "-650.00000", "2018-12-31": -1042, "2018-09-30": -114, "2018-06-30": -752, "2018-03-31": "-1399.00000", "2017-12-31": 2253, "2017-09-30": 2755, "2017-06-30": 995, "2017-03-31": "46.00000", "2016-12-31": -17, "2016-09-30": -2020, "2016-06-30": 1718, "2016-03-31": "-132.00000", "2015-12-31": -261, "2015-09-30": 70, "2015-06-30": 367, "2015-03-31": "-134.00000", "2014-12-31": 531, "2014-09-30": 46, "2014-06-30": -37, "2014-03-31": "-199.00000", "2013-12-31": 31, "2013-09-30": 245, "2013-06-30": 22, "2013-03-31": "86.00000", "2012-12-31": 8, "2012-09-30": 215, "2012-06-30": 12, "2012-03-31": "-270.00000", "2011-12-31": 247, "2011-09-30": -134, "2011-06-30": -207, "2011-03-31": "-312.00000", "2010-12-31": -150, "2010-09-30": 687, "2010-06-30": -695, "2010-03-31": "19.00000", "2009-12-31": 108, "2009-09-30": 125, "2009-06-30": 183, "2009-03-31": "-776.00000", "2008-12-31": 828, "2008-09-30": 56, "2008-06-30": 41, "2008-03-31": "-24.00000", "2007-12-31": 208.2, "2007-09-30": 191.2, "2007-06-30": -64.1, "2007-03-31": "-31.30000", "2006-12-31": -299.1, "2006-09-30": -459.9, "2006-06-30": 950.8, "2006-03-31": "-138.80000", "2005-12-31": -45.1, "2005-09-30": 264.8, "2005-06-30": 191.2, "2005-03-31": "-32.90000"}, "Stock-Based Compensation": {"2020-12-31": 0, "2020-09-30": 0, "2020-06-30": 0, "2020-03-31": "", "2019-12-31": 0, "2019-09-30": 0, "2019-06-30": 0, "2019-03-31": "", "2018-12-31": 0, "2018-09-30": 0, "2018-06-30": 0, "2018-03-31": "", "2017-12-31": 0, "2017-09-30": 0, "2017-06-30": 0, "2017-03-31": "", "2016-12-31": 0, "2016-09-30": 0, "2016-06-30": 0, "2016-03-31": "", "2015-12-31": 0, "2015-09-30": 0, "2015-06-30": 0, "2015-03-31": "", "2014-12-31": 0, "2014-09-30": 0, "2014-06-30": 0, "2014-03-31": "", "2013-12-31": 115, "2013-09-30": 0, "2013-06-30": 0, "2013-03-31": "", "2012-12-31": 115, "2012-09-30": 0, "2012-06-30": 0, "2012-03-31": "", "2011-12-31": 23, "2011-09-30": 32, "2011-06-30": 24, "2011-03-31": "29.00000", "2010-12-31": 21, "2010-09-30": 25, "2010-06-30": 22, "2010-03-31": "19.00000", "2009-12-31": 20, "2009-09-30": 26, "2009-06-30": 19, "2009-03-31": "23.00000", "2008-12-31": 13, "2008-09-30": 18, "2008-06-30": 14, "2008-03-31": "15.00000", "2007-12-31": 11, "2007-09-30": 15.9, "2007-06-30": 11.5, "2007-03-31": "12.60000", "2006-12-31": 10.6, "2006-09-30": 10.9, "2006-06-30": 12.7, "2006-03-31": "11.80000", "2005-12-31": 2.4, "2005-09-30": 2.6, "2005-06-30": 2.2, "2005-03-31": "2.00000"}, "Common Stock Dividends Paid": {"2020-12-31": 70, "2020-09-30": -186, "2020-06-30": -186, "2020-03-31": "-186.00000", "2019-12-31": -185, "2019-09-30": -187, "2019-06-30": -186, "2019-03-31": "-187.00000", "2018-12-31": -186, "2018-09-30": -221, "2018-06-30": -200, "2018-03-31": "-203.00000", "2017-12-31": -208, "2017-09-30": -198, "2017-06-30": 0, "2017-03-31": "", "2016-12-31": 0, "2016-09-30": 148, "2016-06-30": -74, "2016-03-31": "-74.00000", "2015-12-31": 222, "2015-09-30": -74, "2015-06-30": -73, "2015-03-31": "-75.00000", "2014-12-31": -74, "2014-09-30": -74, "2014-06-30": -65, "2014-03-31": "-66.00000", "2013-12-31": -67, "2013-09-30": -68, "2013-06-30": -66, "2013-03-31": "-66.00000", "2012-12-31": -66, "2012-09-30": -66, "2012-06-30": -66, "2012-03-31": "-65.00000", "2011-12-31": -66, "2011-09-30": -65, "2011-06-30": -65, "2011-03-31": "-65.00000", "2010-12-31": -66, "2010-09-30": -64, "2010-06-30": -64, "2010-03-31": "-47.00000", "2009-12-31": -46, "2009-09-30": -47, "2009-06-30": -46, "2009-03-31": "-46.00000", "2008-12-31": -47, "2008-09-30": -45, "2008-06-30": -40, "2008-03-31": "-41.00000", "2007-12-31": -42.5, "2007-09-30": -41.4, "2007-06-30": -41.6, "2007-03-31": "-41.50000", "2006-12-31": -40.9, "2006-09-30": -42.6, "2006-06-30": -44.1, "2006-03-31": "-44.40000", "2005-12-31": -44.3, "2005-09-30": -39.1, "2005-06-30": -39, "2005-03-31": "-38.70000"}}, "financial ratios": {"Current Ratio": {"2019-12-31": "1.52010", "2018-12-31": "1.65980", "2017-12-31": "1.99670", "2016-12-31": "1.50000", "2015-12-31": "3.33980", "2014-12-31": "2.59760", "2013-12-31": "2.46720", "2012-12-31": "2.52590", "2011-12-31": "2.79750", "2010-12-31": "2.77380", "2009-12-31": "3.85930", "2008-12-31": "2.84550", "2007-12-31": "3.37140", "2006-12-31": "3.06300", "2005-12-31": "2.82220"}, "Long-term Debt / Capital": {"2019-12-31": "0.15440", "2018-12-31": "0.15220", "2017-12-31": "0.14110", "2016-12-31": "0.00260", "2015-12-31": "0.19190", "2014-12-31": "0.17280", "2013-12-31": "0.17810", "2012-12-31": "0.18180", "2011-12-31": "0.19410", "2010-12-31": "0.19920", "2009-12-31": "0.19680", "2008-12-31": "0.20680", "2007-12-31": "0.14490", "2006-12-31": "0.17000", "2005-12-31": "0.18660"}, "Debt/Equity Ratio": {"2019-12-31": "0.19190", "2018-12-31": "0.20640", "2017-12-31": "0.21740", "2016-12-31": "0.01860", "2015-12-31": "0.24670", "2014-12-31": "0.22070", "2013-12-31": "0.24460", "2012-12-31": "0.28470", "2011-12-31": "0.25490", "2010-12-31": "0.27190", "2009-12-31": "0.24710", "2008-12-31": "0.34270", "2007-12-31": "0.17190", "2006-12-31": "0.20510", "2005-12-31": "0.23160"}, "Gross Margin": {"2019-12-31": "18.59220", "2018-12-31": "17.42360", "2017-12-31": "17.67270", "2016-12-31": "22.41250", "2015-12-31": "26.93550", "2014-12-31": "19.57150", "2013-12-31": "17.04080", "2012-12-31": "18.74910", "2011-12-31": "23.02960", "2010-12-31": "22.40880", "2009-12-31": "23.45820", "2008-12-31": "32.95680", "2007-12-31": "34.35940", "2006-12-31": "34.90640", "2005-12-31": "30.08560"}, "Operating Margin": {"2019-12-31": "4.50540", "2018-12-31": "3.06420", "2017-12-31": "-1.65320", "2016-12-31": "3.49340", "2015-12-31": "-0.82690", "2014-12-31": "11.64520", "2013-12-31": "8.71490", "2012-12-31": "10.26170", "2011-12-31": "13.11080", "2010-12-31": "9.83070", "2009-12-31": "7.57450", "2008-12-31": "20.02700", "2007-12-31": "21.84500", "2006-12-31": "21.42460", "2005-12-31": "17.16510"}, "EBIT Margin": {"2019-12-31": "4.50540", "2018-12-31": "3.06420", "2017-12-31": "-1.65320", "2016-12-31": "3.49340", "2015-12-31": "-0.82690", "2014-12-31": "11.64520", "2013-12-31": "8.71490", "2012-12-31": "10.26170", "2011-12-31": "13.11080", "2010-12-31": "9.83070", "2009-12-31": "7.57450", "2008-12-31": "20.02700", "2007-12-31": "21.84500", "2006-12-31": "21.42460", "2005-12-31": "17.16510"}, "EBITDA Margin": {"2019-12-31": "10.45390", "2018-12-31": "9.55980", "2017-12-31": "4.76740", "2016-12-31": "7.69760", "2015-12-31": "14.81300", "2014-12-31": "19.03390", "2013-12-31": "16.30750", "2012-12-31": "17.60220", "2011-12-31": "19.77210", "2010-12-31": "17.24710", "2009-12-31": "14.93170", "2008-12-31": "25.39620", "2007-12-31": "26.84120", "2006-12-31": "26.17700", "2005-12-31": "22.40760"}, "Pre-Tax Profit Margin": {"2019-12-31": "3.15880", "2018-12-31": "2.97240", "2017-12-31": "-1.95010", "2016-12-31": "2.73660", "2015-12-31": "-0.94680", "2014-12-31": "10.70020", "2013-12-31": "7.66860", "2012-12-31": "9.27860", "2011-12-31": "11.79470", "2010-12-31": "8.89410", "2009-12-31": "6.32240", "2008-12-31": "19.54650", "2007-12-31": "21.64370", "2006-12-31": "41.39800", "2005-12-31": "17.80250"}, "Net Profit Margin": {"2019-12-31": "0.53700", "2018-12-31": "0.85240", "2017-12-31": "-0.59960", "2016-12-31": "", "2015-12-31": "", "2014-12-31": "7.00180", "2013-12-31": "4.90070", "2012-12-31": "6.13740", "2011-12-31": "8.76910", "2010-12-31": "5.63340", "2009-12-31": "4.35640", "2008-12-31": "13.78120", "2007-12-31": "14.51860", "2006-12-31": "26.79740", "2005-12-31": "12.22460"}, "Asset Turnover": {"2019-12-31": "0.44670", "2018-12-31": "0.43630", "2017-12-31": "0.30410", "2016-12-31": "0.60230", "2015-12-31": "0.69300", "2014-12-31": "0.85170", "2013-12-31": "0.80060", "2012-12-31": "0.80040", "2011-12-31": "0.79810", "2010-12-31": "0.62710", "2009-12-31": "0.84480", "2008-12-31": "1.00030", "2007-12-31": "1.05790", "2006-12-31": "1.03690", "2005-12-31": "0.92030"}, "Inventory Turnover Ratio": {"2019-12-31": "4.21140", "2018-12-31": "4.08900", "2017-12-31": "3.13800", "2016-12-31": "3.14830", "2015-12-31": "4.18000", "2014-12-31": "4.84680", "2013-12-31": "4.77680", "2012-12-31": "4.59030", "2011-12-31": "4.73740", "2010-12-31": "4.31150", "2009-12-31": "4.02890", "2008-12-31": "3.93570", "2007-12-31": "3.99360", "2006-12-31": "3.84350", "2005-12-31": "4.46040"}, "Receiveable Turnover": {"2019-12-31": "3.71540", "2018-12-31": "3.83260", "2017-12-31": "2.85600", "2016-12-31": "5.10420", "2015-12-31": "5.18740", "2014-12-31": "4.53140", "2013-12-31": "4.35270", "2012-12-31": "4.43630", "2011-12-31": "4.06540", "2010-12-31": "3.65650", "2009-12-31": "4.14590", "2008-12-31": "4.30010", "2007-12-31": "4.37600", "2006-12-31": "4.39250", "2005-12-31": "4.29400"}, "Days Sales In Receivables": {"2019-12-31": "98.23980", "2018-12-31": "95.23470", "2017-12-31": "127.79990", "2016-12-31": "71.51010", "2015-12-31": "70.36220", "2014-12-31": "80.54950", "2013-12-31": "83.85660", "2012-12-31": "82.27490", "2011-12-31": "89.78220", "2010-12-31": "99.82170", "2009-12-31": "88.03960", "2008-12-31": "84.88160", "2007-12-31": "83.40960", "2006-12-31": "83.09640", "2005-12-31": "85.00330"}, "ROE - Return On Equity": {"2019-12-31": "2.18270", "2018-12-31": "1.54510", "2017-12-31": "-0.90080", "2016-12-31": "1.24540", "2015-12-31": "-3.85180", "2014-12-31": "9.24190", "2013-12-31": "6.15790", "2012-12-31": "7.62680", "2011-12-31": "10.91830", "2010-12-31": "5.73290", "2009-12-31": "5.77980", "2008-12-31": "24.01940", "2007-12-31": "24.00890", "2006-12-31": "45.75710", "2005-12-31": "18.61300"}, "Return On Tangible Equity": {"2019-12-31": "8.93450", "2018-12-31": "6.30760", "2017-12-31": "-2.85360", "2016-12-31": "3.42590", "2015-12-31": "-6.48580", "2014-12-31": "14.62360", "2013-12-31": "9.97020", "2012-12-31": "12.76530", "2011-12-31": "19.66160", "2010-12-31": "11.95970", "2009-12-31": "7.42370", "2008-12-31": "31.32180", "2007-12-31": "31.70680", "2006-12-31": "64.74160", "2005-12-31": "27.16710"}, "ROA - Return On Assets": {"2019-12-31": "1.41090", "2018-12-31": "1.03170", "2017-12-31": "-0.61240", "2016-12-31": "0.85170", "2015-12-31": "-2.62040", "2014-12-31": "6.00480", "2013-12-31": "3.94860", "2012-12-31": "4.93460", "2011-12-31": "7.01490", "2010-12-31": "3.56300", "2009-12-31": "3.68040", "2008-12-31": "13.78470", "2007-12-31": "15.35960", "2006-12-31": "27.55670", "2005-12-31": "11.19960"}, "ROI - Return On Investment": {"2019-12-31": "1.84560", "2018-12-31": "1.31000", "2017-12-31": "-0.77370", "2016-12-31": "1.24220", "2015-12-31": "-3.11270", "2014-12-31": "7.64470", "2013-12-31": "5.06100", "2012-12-31": "6.24020", "2011-12-31": "8.79900", "2010-12-31": "4.59080", "2009-12-31": "4.64220", "2008-12-31": "19.05150", "2007-12-31": "20.52880", "2006-12-31": "37.97870", "2005-12-31": "15.13900"}, "Book Value Per Share": {"2019-12-31": "33.59200", "2018-12-31": "33.82900", "2017-12-31": "34.02130", "2016-12-31": "", "2015-12-31": "37.48740", "2014-12-31": "43.15670", "2013-12-31": "40.89500", "2012-12-31": "39.15650", "2011-12-31": "36.53090", "2010-12-31": "33.06940", "2009-12-31": "23.34620", "2008-12-31": "22.02910", "2007-12-31": "19.95570", "2006-12-31": "16.38920", "2005-12-31": "13.75640"}, "Operating Cash Flow Per Share": {"2019-12-31": -0.2903, "2018-12-31": 5.9784, "2017-12-31": -1.8712, "2016-12-31": 0, "2015-12-31": -6.7267, "2014-12-31": -0.3927, "2013-12-31": 2.9584, "2012-12-31": 0.7204, "2011-12-31": 1.2735, "2010-12-31": -1.8168, "2009-12-31": -1.2394, "2008-12-31": 0.6139, "2007-12-31": 2.8376, "2006-12-31": -1.0259, "2005-12-31": 2.7977}, "Free Cash Flow Per Share": {"2019-12-31": -0.7909, "2018-12-31": 5.8813, "2017-12-31": -3.0258, "2016-12-31": 0, "2015-12-31": -3.6424, "2014-12-31": 0.1942, "2013-12-31": 5.0038, "2012-12-31": -0.0876, "2011-12-31": -0.387, "2010-12-31": -2.0971, "2009-12-31": -0.7088, "2008-12-31": 0.078, "2007-12-31": 2.2385, "2006-12-31": -2.2525, "2005-12-31": 1.6609}}, "financial ratios, quarterly": {"Current Ratio": {"2020-09-30": "1.42950", "2020-06-30": "1.46700", "2020-03-31": "1.44490", "2019-12-31": "1.52010", "2019-09-30": "1.58260", "2019-06-30": "1.60420", "2019-03-31": "1.64740", "2018-12-31": "1.65980", "2018-09-30": "1.90590", "2018-06-30": "1.90460", "2018-03-31": "2.04850", "2017-12-31": "1.99670", "2017-09-30": "1.89890", "2017-06-30": "3.68650", "2017-03-31": "4.20850", "2016-12-31": "1.50000", "2016-09-30": "4.04770", "2016-06-30": "4.02010", "2016-03-31": "3.56260", "2015-12-31": "3.33980", "2015-09-30": "3.28510", "2015-06-30": "3.19140", "2015-03-31": "2.86770", "2014-12-31": "2.59760", "2014-09-30": "2.38030", "2014-06-30": "2.51290", "2014-03-31": "2.48920", "2013-12-31": "2.46720", "2013-09-30": "2.44880", "2013-06-30": "2.42460", "2013-03-31": "2.40990", "2012-12-31": "2.52590", "2012-09-30": "2.48900", "2012-06-30": "2.46570", "2012-03-31": "2.63430", "2011-12-31": "2.79750", "2011-09-30": "3.11570", "2011-06-30": "3.11710", "2011-03-31": "2.88150", "2010-12-31": "2.77380", "2010-09-30": "2.86890", "2010-06-30": "2.26440", "2010-03-31": "3.63900", "2009-12-31": "3.85930", "2009-09-30": "4.19270", "2009-06-30": "4.18140", "2009-03-31": "4.16690", "2008-12-31": "2.84550", "2008-09-30": "2.71480", "2008-06-30": "2.65380", "2008-03-31": "2.78810", "2007-12-31": "3.37140", "2007-09-30": "3.71530", "2007-06-30": "4.06480", "2007-03-31": "3.32050", "2006-12-31": "3.06300", "2006-09-30": "3.03090", "2006-06-30": "3.21510", "2006-03-31": "2.99520", "2005-12-31": "2.82220", "2005-09-30": "2.88530", "2005-06-30": "2.86410", "2005-03-31": "2.81910"}, "Long-term Debt / Capital": {"2020-09-30": "0.28140", "2020-06-30": "0.27810", "2020-03-31": "0.25900", "2019-12-31": "0.15440", "2019-09-30": "0.15490", "2019-06-30": "0.15240", "2019-03-31": "0.15160", "2018-12-31": "0.15220", "2018-09-30": "0.14680", "2018-06-30": "0.14650", "2018-03-31": "0.14180", "2017-12-31": "0.14110", "2017-09-30": "0.07040", "2017-06-30": "0.17780", "2017-03-31": "0.18680", "2016-12-31": "0.00260", "2016-09-30": "0.17950", "2016-06-30": "0.17130", "2016-03-31": "0.20140", "2015-12-31": "0.19190", "2015-09-30": "0.18200", "2015-06-30": "0.17990", "2015-03-31": "0.17900", "2014-12-31": "0.17280", "2014-09-30": "0.17560", "2014-06-30": "0.17610", "2014-03-31": "0.17720", "2013-12-31": "0.17810", "2013-09-30": "0.17580", "2013-06-30": "0.17890", "2013-03-31": "0.18080", "2012-12-31": "0.18180", "2012-09-30": "0.18360", "2012-06-30": "0.18650", "2012-03-31": "0.19000", "2011-12-31": "0.19410", "2011-09-30": "0.19610", "2011-06-30": "0.18940", "2011-03-31": "0.19300", "2010-12-31": "0.19920", "2010-09-30": "0.20530", "2010-06-30": "0.13310", "2010-03-31": "0.19570", "2009-12-31": "0.19680", "2009-09-30": "0.19880", "2009-06-30": "0.19990", "2009-03-31": "0.20320", "2008-12-31": "0.20680", "2008-09-30": "0.13300", "2008-06-30": "0.13740", "2008-03-31": "0.14430", "2007-12-31": "0.14490", "2007-09-30": "0.14940", "2007-06-30": "0.15470", "2007-03-31": "0.16170", "2006-12-31": "0.17000", "2006-09-30": "0.17150", "2006-06-30": "0.16660", "2006-03-31": "0.17860", "2005-12-31": "0.18660", "2005-09-30": "0.19200", "2005-06-30": "0.20170", "2005-03-31": "0.20850"}, "Debt/Equity Ratio": {"2020-09-30": "0.44580", "2020-06-30": "0.43840", "2020-03-31": "0.36110", "2019-12-31": "0.19190", "2019-09-30": "0.20350", "2019-06-30": "0.20550", "2019-03-31": "0.20450", "2018-12-31": "0.20640", "2018-09-30": "0.19950", "2018-06-30": "0.20060", "2018-03-31": "0.19610", "2017-12-31": "0.21740", "2017-09-30": "0.12220", "2017-06-30": "0.24290", "2017-03-31": "0.24050", "2016-12-31": "0.01860", "2016-09-30": "0.22830", "2016-06-30": "0.21670", "2016-03-31": "0.26280", "2015-12-31": "0.24670", "2015-09-30": "0.23150", "2015-06-30": "0.22720", "2015-03-31": "0.22640", "2014-12-31": "0.22070", "2014-09-30": "0.24140", "2014-06-30": "0.24970", "2014-03-31": "0.25020", "2013-12-31": "0.24460", "2013-09-30": "0.25430", "2013-06-30": "0.27850", "2013-03-31": "0.29230", "2012-12-31": "0.28470", "2012-09-30": "0.30140", "2012-06-30": "0.30030", "2012-03-31": "0.27580", "2011-12-31": "0.25490", "2011-09-30": "0.24740", "2011-06-30": "0.23750", "2011-03-31": "0.25910", "2010-12-31": "0.27190", "2010-09-30": "0.27960", "2010-06-30": "0.21620", "2010-03-31": "0.27490", "2009-12-31": "0.24710", "2009-09-30": "0.25140", "2009-06-30": "0.25710", "2009-03-31": "0.26030", "2008-12-31": "0.34270", "2008-09-30": "0.24030", "2008-06-30": "0.24840", "2008-03-31": "0.25090", "2007-12-31": "0.17190", "2007-09-30": "0.17640", "2007-06-30": "0.18350", "2007-03-31": "0.19450", "2006-12-31": "0.20510", "2006-09-30": "0.20820", "2006-06-30": "0.20000", "2006-03-31": "0.21870", "2005-12-31": "0.23160", "2005-09-30": "0.24200", "2005-06-30": "0.25560", "2005-03-31": "0.26970"}, "Gross Margin": {"2020-09-30": "14.99310", "2020-06-30": "14.31590", "2020-03-31": "13.91710", "2019-12-31": "20.37180", "2019-09-30": "18.71810", "2019-06-30": "17.71770", "2019-03-31": "17.38200", "2018-12-31": "19.72870", "2018-09-30": "17.17560", "2018-06-30": "16.87090", "2018-03-31": "15.57700", "2017-12-31": "14.81290", "2017-09-30": "17.95890", "2017-06-30": "17.87730", "2017-03-31": "22.38900", "2016-12-31": "58.11250", "2016-09-30": "24.14020", "2016-06-30": "-29.23590", "2016-03-31": "0.44940", "2015-12-31": "79.44700", "2015-09-30": "10.85580", "2015-06-30": "9.67740", "2015-03-31": "5.48540", "2014-12-31": "22.01960", "2014-09-30": "18.28800", "2014-06-30": "20.05060", "2014-03-31": "17.64090", "2013-12-31": "16.62120", "2013-09-30": "17.91950", "2013-06-30": "16.32950", "2013-03-31": "17.28490", "2012-12-31": "16.60090", "2012-09-30": "17.90850", "2012-06-30": "20.12770", "2012-03-31": "20.35480", "2011-12-31": "23.54120", "2011-09-30": "24.11140", "2011-06-30": "21.57770", "2011-03-31": "22.71820", "2010-12-31": "22.65430", "2010-09-30": "21.79990", "2010-06-30": "21.10260", "2010-03-31": "24.69480", "2009-12-31": "22.61120", "2009-09-30": "21.10220", "2009-06-30": "23.07360", "2009-03-31": "26.53670", "2008-12-31": "32.20340", "2008-09-30": "32.62460", "2008-06-30": "33.38890", "2008-03-31": "33.74530", "2007-12-31": "34.03530", "2007-09-30": "34.05290", "2007-06-30": "34.12410", "2007-03-31": "35.29200", "2006-12-31": "22.77450", "2006-09-30": "40.65560", "2006-06-30": "39.15490", "2006-03-31": "38.35600", "2005-12-31": "28.00340", "2005-09-30": "31.64500", "2005-06-30": "31.24860", "2005-03-31": "29.66100"}, "Operating Margin": {"2020-09-30": "-0.97050", "2020-06-30": "-1.09800", "2020-03-31": "-296.01840", "2019-12-31": "5.19930", "2019-09-30": "5.04930", "2019-06-30": "4.52120", "2019-03-31": "3.13450", "2018-12-31": "6.09740", "2018-09-30": "4.97790", "2018-06-30": "1.40590", "2018-03-31": "-0.75940", "2017-12-31": "-1.91410", "2017-09-30": "-3.64080", "2017-06-30": "-2.18910", "2017-03-31": "2.80680", "2016-12-31": "28.31330", "2016-09-30": "5.82010", "2016-06-30": "-23.67110", "2016-03-31": "-20.93630", "2015-12-31": "20.29950", "2015-09-30": "-2.66770", "2015-06-30": "-3.62900", "2015-03-31": "-16.84810", "2014-12-31": "15.29770", "2014-09-30": "10.57600", "2014-06-30": "10.63190", "2014-03-31": "9.63180", "2013-12-31": "8.22530", "2013-09-30": "9.95330", "2013-06-30": "7.94610", "2013-03-31": "8.69980", "2012-12-31": "8.26290", "2012-09-30": "9.07560", "2012-06-30": "11.99780", "2012-03-31": "11.70870", "2011-12-31": "9.78000", "2011-09-30": "15.89650", "2011-06-30": "13.01410", "2011-03-31": "14.14370", "2010-12-31": "12.70630", "2010-09-30": "9.93130", "2010-06-30": "6.87610", "2010-03-31": "8.58610", "2009-12-31": "6.17790", "2009-09-30": "4.97310", "2009-06-30": "6.54970", "2009-03-31": "11.91900", "2008-12-31": "20.84120", "2008-09-30": "19.96680", "2008-06-30": "18.77920", "2008-03-31": "20.52430", "2007-12-31": "21.82770", "2007-09-30": "21.75830", "2007-06-30": "21.16650", "2007-03-31": "22.65450", "2006-12-31": "20.09950", "2006-09-30": "22.17890", "2006-06-30": "22.17130", "2006-03-31": "21.35790", "2005-12-31": "17.97530", "2005-09-30": "17.30170", "2005-06-30": "16.99840", "2005-03-31": "16.21520"}, "EBIT Margin": {"2020-09-30": "-0.97050", "2020-06-30": "-1.09800", "2020-03-31": "-296.01840", "2019-12-31": "5.19930", "2019-09-30": "5.04930", "2019-06-30": "4.52120", "2019-03-31": "3.13450", "2018-12-31": "6.09740", "2018-09-30": "4.97790", "2018-06-30": "1.40590", "2018-03-31": "-0.75940", "2017-12-31": "-1.91410", "2017-09-30": "-3.64080", "2017-06-30": "-2.18910", "2017-03-31": "2.80680", "2016-12-31": "28.31330", "2016-09-30": "5.82010", "2016-06-30": "-23.67110", "2016-03-31": "-20.93630", "2015-12-31": "20.29950", "2015-09-30": "-2.66770", "2015-06-30": "-3.62900", "2015-03-31": "-16.84810", "2014-12-31": "15.29770", "2014-09-30": "10.57600", "2014-06-30": "10.63190", "2014-03-31": "9.63180", "2013-12-31": "8.22530", "2013-09-30": "9.95330", "2013-06-30": "7.94610", "2013-03-31": "8.69980", "2012-12-31": "8.26290", "2012-09-30": "9.07560", "2012-06-30": "11.99780", "2012-03-31": "11.70870", "2011-12-31": "9.78000", "2011-09-30": "15.89650", "2011-06-30": "13.01410", "2011-03-31": "14.14370", "2010-12-31": "12.70630", "2010-09-30": "9.93130", "2010-06-30": "6.87610", "2010-03-31": "8.58610", "2009-12-31": "6.17790", "2009-09-30": "4.97310", "2009-06-30": "6.54970", "2009-03-31": "11.91900", "2008-12-31": "20.84120", "2008-09-30": "19.96680", "2008-06-30": "18.77920", "2008-03-31": "20.52430", "2007-12-31": "21.82770", "2007-09-30": "21.75830", "2007-06-30": "21.16650", "2007-03-31": "22.65450", "2006-12-31": "20.09950", "2006-09-30": "22.17890", "2006-06-30": "22.17130", "2006-03-31": "21.35790", "2005-12-31": "17.97530", "2005-09-30": "17.30170", "2005-06-30": "16.99840", "2005-03-31": "16.21520"}, "EBITDA Margin": {"2020-09-30": "", "2020-06-30": "", "2020-03-31": "", "2019-12-31": "", "2019-09-30": "", "2019-06-30": "", "2019-03-31": "", "2018-12-31": "", "2018-09-30": "", "2018-06-30": "", "2018-03-31": "", "2017-12-31": "", "2017-09-30": "", "2017-06-30": "", "2017-03-31": "", "2016-12-31": "", "2016-09-30": "", "2016-06-30": "", "2016-03-31": "", "2015-12-31": "", "2015-09-30": "", "2015-06-30": "", "2015-03-31": "", "2014-12-31": "", "2014-09-30": "", "2014-06-30": "", "2014-03-31": "", "2013-12-31": "", "2013-09-30": "", "2013-06-30": "", "2013-03-31": "", "2012-12-31": "", "2012-09-30": "", "2012-06-30": "", "2012-03-31": "", "2011-12-31": "", "2011-09-30": "", "2011-06-30": "", "2011-03-31": "", "2010-12-31": "", "2010-09-30": "", "2010-06-30": "", "2010-03-31": "", "2009-12-31": "", "2009-09-30": "", "2009-06-30": "", "2009-03-31": "", "2008-12-31": "", "2008-09-30": "", "2008-06-30": "", "2008-03-31": "", "2007-12-31": "", "2007-09-30": "", "2007-06-30": "", "2007-03-31": "", "2006-12-31": "", "2006-09-30": "", "2006-06-30": "", "2006-03-31": "", "2005-12-31": "", "2005-09-30": "", "2005-06-30": "", "2005-03-31": ""}, "Pre-Tax Profit Margin": {"2020-09-30": "-5.22880", "2020-06-30": "-7.93920", "2020-03-31": "-296.64520", "2019-12-31": "4.83690", "2019-09-30": "3.80820", "2019-06-30": "1.40140", "2019-03-31": "2.45770", "2018-12-31": "7.56580", "2018-09-30": "4.11300", "2018-06-30": "1.04540", "2018-03-31": "-1.57440", "2017-12-31": "-2.56940", "2017-09-30": "-4.33880", "2017-06-30": "-0.99500", "2017-03-31": "2.41510", "2016-12-31": "31.54620", "2016-09-30": "5.32410", "2016-06-30": "-31.56150", "2016-03-31": "-22.99630", "2015-12-31": "23.57140", "2015-09-30": "-4.12040", "2015-06-30": "-4.96470", "2015-03-31": "-18.02350", "2014-12-31": "14.43860", "2014-09-30": "9.63200", "2014-06-30": "9.63770", "2014-03-31": "8.63720", "2013-12-31": "7.18430", "2013-09-30": "8.95110", "2013-06-30": "6.85260", "2013-03-31": "7.64820", "2012-12-31": "7.19250", "2012-09-30": "8.16060", "2012-06-30": "11.05900", "2012-03-31": "10.70030", "2011-12-31": "8.74390", "2011-09-30": "13.96130", "2011-06-30": "11.87510", "2011-03-31": "12.99450", "2010-12-31": "11.75670", "2010-09-30": "8.97500", "2010-06-30": "5.98700", "2010-03-31": "7.64080", "2009-12-31": "5.02470", "2009-09-30": "3.71860", "2009-06-30": "5.22260", "2009-03-31": "10.64470", "2008-12-31": "19.11490", "2008-09-30": "19.60130", "2008-06-30": "18.37890", "2008-03-31": "21.31090", "2007-12-31": "21.66710", "2007-09-30": "21.52670", "2007-06-30": "20.95760", "2007-03-31": "22.44820", "2006-12-31": "19.97310", "2006-09-30": "22.39980", "2006-06-30": "102.14220", "2006-03-31": "23.24930", "2005-12-31": "19.16160", "2005-09-30": "18.06370", "2005-06-30": "17.26990", "2005-03-31": "16.44650"}, "Net Profit Margin": {"2020-09-30": "-3.36700", "2020-06-30": "-4.24410", "2020-03-31": "-188.20280", "2019-12-31": "0.75630", "2019-09-30": "0.96910", "2019-06-30": "-0.15020", "2019-03-31": "0.56990", "2018-12-31": "2.09100", "2018-09-30": "0.22950", "2018-06-30": "-0.34250", "2018-03-31": "1.29650", "2017-12-31": "0.53460", "2017-09-30": "-2.52780", "2017-06-30": "", "2017-03-31": "", "2016-12-31": "", "2016-09-30": "", "2016-06-30": "-37.83220", "2016-03-31": "-36.74160", "2015-12-31": "", "2015-09-30": "-4.19970", "2015-06-30": "-4.73790", "2015-03-31": "-12.82110", "2014-12-31": "9.99250", "2014-09-30": "6.00000", "2014-06-30": "5.94780", "2014-03-31": "5.72330", "2013-12-31": "4.23210", "2013-09-30": "5.89250", "2013-06-30": "4.37400", "2013-03-31": "5.10520", "2012-12-31": "4.01880", "2012-09-30": "5.21010", "2012-06-30": "8.24260", "2012-03-31": "7.07750", "2011-12-31": "5.70810", "2011-09-30": "13.94160", "2011-06-30": "7.12930", "2011-03-31": "8.41990", "2010-12-31": "7.57400", "2010-09-30": "6.25310", "2010-06-30": "2.75640", "2010-03-31": "5.08070", "2009-12-31": "3.45960", "2009-09-30": "2.46420", "2009-06-30": "3.72430", "2009-03-31": "7.30880", "2008-12-31": "13.55930", "2008-09-30": "14.25250", "2008-06-30": "12.64180", "2008-03-31": "14.79400", "2007-12-31": "14.61990", "2007-09-30": "14.53170", "2007-06-30": "13.77730", "2007-03-31": "15.15290", "2006-12-31": "13.30180", "2006-09-30": "15.52780", "2006-06-30": "63.31410", "2006-03-31": "16.45010", "2005-12-31": "12.96370", "2005-09-30": "12.43280", "2005-06-30": "12.37280", "2005-03-31": "10.94410"}, "Asset Turnover": {"2020-09-30": "0.13520", "2020-06-30": "0.12620", "2020-03-31": "0.14570", "2019-12-31": "0.11890", "2019-09-30": "0.11190", "2019-06-30": "0.11340", "2019-03-31": "0.10570", "2018-12-31": "0.11950", "2018-09-30": "0.10570", "2018-06-30": "0.10260", "2018-03-31": "0.09780", "2017-12-31": "0.10260", "2017-09-30": "0.09670", "2017-06-30": "0.16140", "2017-03-31": "0.16410", "2016-12-31": "0.22930", "2016-09-30": "0.15510", "2016-06-30": "0.11850", "2016-03-31": "0.11640", "2015-12-31": "0.18020", "2015-09-30": "0.14900", "2015-06-30": "0.15250", "2015-03-31": "0.17060", "2014-12-31": "0.23020", "2014-09-30": "0.21820", "2014-06-30": "0.20990", "2014-03-31": "0.20540", "2013-12-31": "0.20980", "2013-09-30": "0.20610", "2013-06-30": "0.20060", "2013-03-31": "0.19260", "2012-12-31": "0.19950", "2012-09-30": "0.20010", "2012-06-30": "0.20340", "2012-03-31": "0.20950", "2011-12-31": "0.22140", "2011-09-30": "0.20800", "2011-06-30": "0.20130", "2011-03-31": "0.19260", "2010-12-31": "0.19240", "2010-09-30": "0.18160", "2010-06-30": "0.15960", "2010-03-31": "0.21830", "2009-12-31": "0.21230", "2009-09-30": "0.19960", "2009-06-30": "0.21050", "2009-03-31": "0.24220", "2008-12-31": "0.26860", "2008-09-30": "0.27340", "2008-06-30": "0.28000", "2008-03-31": "0.26500", "2007-12-31": "0.27800", "2007-09-30": "0.28290", "2007-06-30": "0.28200", "2007-03-31": "0.27580", "2006-12-31": "0.28170", "2006-09-30": "0.26310", "2006-06-30": "0.24660", "2006-03-31": "0.25690", "2005-12-31": "0.25480", "2005-09-30": "0.23790", "2005-06-30": "0.24780", "2005-03-31": "0.23990"}, "Inventory Turnover Ratio": {"2020-09-30": "0.96040", "2020-06-30": "0.87910", "2020-03-31": "1.03000", "2019-12-31": "1.09680", "2019-09-30": "1.00890", "2019-06-30": "1.02600", "2019-03-31": "0.95240", "2018-12-31": "1.08850", "2018-09-30": "1.00240", "2018-06-30": "0.98650", "2018-03-31": "0.97060", "2017-12-31": "1.09610", "2017-09-30": "0.81920", "2017-06-30": "1.25300", "2017-03-31": "1.24700", "2016-12-31": "0.64700", "2016-09-30": "1.16680", "2016-06-30": "1.56220", "2016-03-31": "0.95300", "2015-12-31": "0.30580", "2015-09-30": "1.03460", "2015-06-30": "1.01390", "2015-03-31": "1.12980", "2014-12-31": "1.27000", "2014-09-30": "1.23060", "2014-06-30": "1.16440", "2014-03-31": "1.18150", "2013-12-31": "1.25800", "2013-09-30": "1.19950", "2013-06-30": "1.19620", "2013-03-31": "1.11490", "2012-12-31": "1.17460", "2012-09-30": "1.13330", "2012-06-30": "1.11620", "2012-03-31": "1.17070", "2011-12-31": "1.30540", "2011-09-30": "1.25880", "2011-06-30": "1.26510", "2011-03-31": "1.24670", "2010-12-31": "1.31880", "2010-09-30": "1.27100", "2010-06-30": "1.07820", "2010-03-31": "0.97950", "2009-12-31": "1.02340", "2009-09-30": "0.89530", "2009-06-30": "0.88780", "2009-03-31": "0.93160", "2008-12-31": "1.06880", "2008-09-30": "1.01970", "2008-06-30": "1.04740", "2008-03-31": "0.95520", "2007-12-31": "1.05460", "2007-09-30": "1.02160", "2007-06-30": "0.98400", "2007-03-31": "0.96260", "2006-12-31": "1.23870", "2006-09-30": "0.94380", "2006-06-30": "1.01770", "2006-03-31": "1.04650", "2005-12-31": "1.27170", "2005-09-30": "1.06540", "2005-06-30": "1.10270", "2005-03-31": "1.08590"}, "Receiveable Turnover": {"2020-09-30": "0.89410", "2020-06-30": "0.84030", "2020-03-31": "0.88240", "2019-12-31": "0.98920", "2019-09-30": "0.95410", "2019-06-30": "0.94990", "2019-03-31": "0.88860", "2018-12-31": "1.04960", "2018-09-30": "0.97520", "2018-06-30": "0.91880", "2018-03-31": "0.92050", "2017-12-31": "0.96410", "2017-09-30": "1.02060", "2017-06-30": "1.30690", "2017-03-31": "1.41720", "2016-12-31": "1.94300", "2016-09-30": "1.37020", "2016-06-30": "1.06450", "2016-03-31": "0.95360", "2015-12-31": "1.34910", "2015-09-30": "1.07620", "2015-06-30": "1.07710", "2015-03-31": "1.03120", "2014-12-31": "1.22460", "2014-09-30": "1.12840", "2014-06-30": "1.10710", "2014-03-31": "1.08810", "2013-12-31": "1.14050", "2013-09-30": "1.08310", "2013-06-30": "1.05580", "2013-03-31": "1.02630", "2012-12-31": "1.10590", "2012-09-30": "1.07040", "2012-06-30": "1.06840", "2012-03-31": "1.06120", "2011-12-31": "1.12770", "2011-09-30": "1.01750", "2011-06-30": "1.06920", "2011-03-31": "1.03520", "2010-12-31": "1.12200", "2010-09-30": "1.08370", "2010-06-30": "0.96260", "2010-03-31": "1.03040", "2009-12-31": "1.04160", "2009-09-30": "1.00540", "2009-06-30": "1.00990", "2009-03-31": "1.05830", "2008-12-31": "1.15480", "2008-09-30": "1.07710", "2008-06-30": "1.10590", "2008-03-31": "1.10150", "2007-12-31": "1.14990", "2007-09-30": "1.13700", "2007-06-30": "1.17560", "2007-03-31": "1.10340", "2006-12-31": "1.19330", "2006-09-30": "1.11690", "2006-06-30": "1.16520", "2006-03-31": "1.15260", "2005-12-31": "1.18880", "2005-09-30": "1.16940", "2005-06-30": "1.20140", "2005-03-31": "1.16620"}, "Days Sales In Receivables": {"2020-09-30": "100.65950", "2020-06-30": "107.10300", "2020-03-31": "101.99450", "2019-12-31": "90.97840", "2019-09-30": "94.33020", "2019-06-30": "94.74470", "2019-03-31": "101.28410", "2018-12-31": "85.74780", "2018-09-30": "92.28770", "2018-06-30": "97.94880", "2018-03-31": "97.76810", "2017-12-31": "93.35230", "2017-09-30": "88.18340", "2017-06-30": "68.86570", "2017-03-31": "63.50520", "2016-12-31": "46.31930", "2016-09-30": "65.68450", "2016-06-30": "84.54320", "2016-03-31": "94.38200", "2015-12-31": "66.71200", "2015-09-30": "83.62920", "2015-06-30": "83.55850", "2015-03-31": "87.27690", "2014-12-31": "73.49210", "2014-09-30": "79.76160", "2014-06-30": "81.29570", "2014-03-31": "82.71330", "2013-12-31": "78.91130", "2013-09-30": "83.09490", "2013-06-30": "85.24330", "2013-03-31": "87.69410", "2012-12-31": "81.38030", "2012-09-30": "84.08400", "2012-06-30": "84.23770", "2012-03-31": "84.80670", "2011-12-31": "79.80730", "2011-09-30": "88.45380", "2011-06-30": "84.17210", "2011-03-31": "86.93700", "2010-12-31": "80.21250", "2010-09-30": "83.04810", "2010-06-30": "93.49440", "2010-03-31": "87.34150", "2009-12-31": "86.40450", "2009-09-30": "89.51610", "2009-06-30": "89.11390", "2009-03-31": "85.04120", "2008-12-31": "77.93790", "2008-09-30": "83.55950", "2008-06-30": "81.38130", "2008-03-31": "81.70790", "2007-12-31": "78.27090", "2007-09-30": "79.15670", "2007-06-30": "76.55760", "2007-03-31": "81.56710", "2006-12-31": "75.42270", "2006-09-30": "80.57680", "2006-06-30": "77.23910", "2006-03-31": "78.08440", "2005-12-31": "75.70420", "2005-09-30": "76.96490", "2005-06-30": "74.91520", "2005-03-31": "77.17570"}, "ROE - Return On Equity": {"2020-09-30": "-1.56530", "2020-06-30": "-2.02110", "2020-03-31": "-89.50790", "2019-12-31": "1.66960", "2019-09-30": "0.33980", "2019-06-30": "-0.03160", "2019-03-31": "0.20240", "2018-12-31": "1.59940", "2018-09-30": "0.10390", "2018-06-30": "-0.10320", "2018-03-31": "-0.04990", "2017-12-31": "-0.09110", "2017-09-30": "-0.88920", "2017-06-30": "-0.16150", "2017-03-31": "0.52590", "2016-12-31": "13.37600", "2016-09-30": "0.68750", "2016-06-30": "-6.53010", "2016-03-31": "-6.36930", "2015-12-31": "1.88010", "2015-09-30": "-0.89120", "2015-06-30": "-1.06760", "2015-03-31": "-3.31040", "2014-12-31": "3.56110", "2014-09-30": "2.01820", "2014-06-30": "1.96700", "2014-03-31": "1.86660", "2013-12-31": "1.39570", "2013-09-30": "1.88960", "2013-06-30": "1.38990", "2013-03-31": "1.53860", "2012-12-31": "1.24510", "2012-09-30": "1.66360", "2012-06-30": "2.61350", "2012-03-31": "2.31960", "2011-12-31": "2.04210", "2011-09-30": "4.42810", "2011-06-30": "2.20540", "2011-03-31": "2.59060", "2010-12-31": "2.39400", "2010-09-30": "1.85360", "2010-06-30": "0.69070", "2010-03-31": "1.75580", "2009-12-31": "1.15320", "2009-09-30": "0.76550", "2009-06-30": "1.22310", "2009-03-31": "2.79930", "2008-12-31": "6.34640", "2008-09-30": "6.32190", "2008-06-30": "5.80820", "2008-03-31": "6.40870", "2007-12-31": "6.35270", "2007-09-30": "6.38440", "2007-06-30": "5.97280", "2007-03-31": "6.73820", "2006-12-31": "6.22940", "2006-09-30": "6.90490", "2006-06-30": "25.92550", "2006-03-31": "6.43570", "2005-12-31": "5.47920", "2005-09-30": "4.85860", "2005-06-30": "5.09910", "2005-03-31": "4.36500"}, "Return On Tangible Equity": {"2020-09-30": "-3.88550", "2020-06-30": "-4.87570", "2020-03-31": "-213.75650", "2019-12-31": "6.83440", "2019-09-30": "1.40100", "2019-06-30": "-0.12840", "2019-03-31": "0.81980", "2018-12-31": "6.52910", "2018-09-30": "0.38220", "2018-06-30": "-0.37680", "2018-03-31": "-0.16580", "2017-12-31": "-0.28870", "2017-09-30": "-2.76170", "2017-06-30": "-0.24950", "2017-03-31": "0.80810", "2016-12-31": "36.79630", "2016-09-30": "1.05640", "2016-06-30": "-9.81280", "2016-03-31": "-11.17440", "2015-12-31": "3.16580", "2015-09-30": "-1.45780", "2015-06-30": "-1.73410", "2015-03-31": "-5.36260", "2014-12-31": "5.63490", "2014-09-30": "3.25020", "2014-06-30": "3.14470", "2014-03-31": "3.01560", "2013-12-31": "2.25980", "2013-09-30": "3.06000", "2013-06-30": "2.28140", "2013-03-31": "2.55260", "2012-12-31": "2.08390", "2012-09-30": "2.71250", "2012-06-30": "4.50340", "2012-03-31": "4.07990", "2011-12-31": "3.67740", "2011-09-30": "8.38740", "2011-06-30": "4.34330", "2011-03-31": "5.23230", "2010-12-31": "4.99420", "2010-09-30": "3.90450", "2010-06-30": "1.48820", "2010-03-31": "2.24620", "2009-12-31": "1.48120", "2009-09-30": "0.98640", "2009-06-30": "1.57810", "2009-03-31": "3.62520", "2008-12-31": "8.27590", "2008-09-30": "8.23720", "2008-06-30": "7.66210", "2008-03-31": "8.51460", "2007-12-31": "8.38950", "2007-09-30": "8.53270", "2007-06-30": "8.08980", "2007-03-31": "9.30400", "2006-12-31": "8.81390", "2006-09-30": "9.79270", "2006-06-30": "36.23940", "2006-03-31": "9.30750", "2005-12-31": "7.99730", "2005-09-30": "7.18680", "2005-06-30": "7.62020", "2005-03-31": "6.68540"}, "ROA - Return On Assets": {"2020-09-30": "-0.72310", "2020-06-30": "-0.94610", "2020-03-31": "-43.24050", "2019-12-31": "1.07930", "2019-09-30": "0.22260", "2019-06-30": "-0.02080", "2019-03-31": "0.13360", "2018-12-31": "1.06790", "2018-09-30": "0.07090", "2018-06-30": "-0.07030", "2018-03-31": "-0.03440", "2017-12-31": "-0.06190", "2017-09-30": "-0.65130", "2017-06-30": "-0.10710", "2017-03-31": "0.35340", "2016-12-31": "9.14780", "2016-09-30": "0.46690", "2016-06-30": "-4.48840", "2016-03-31": "-4.27710", "2015-12-31": "1.27910", "2015-09-30": "-0.61380", "2015-06-30": "-0.73030", "2015-03-31": "-2.20230", "2014-12-31": "2.31380", "2014-09-30": "1.28830", "2014-06-30": "1.26960", "2014-03-31": "1.20450", "2013-12-31": "0.89500", "2013-09-30": "1.21110", "2013-06-30": "0.89580", "2013-03-31": "0.98700", "2012-12-31": "0.80560", "2012-09-30": "1.06140", "2012-06-30": "1.67250", "2012-03-31": "1.48680", "2011-12-31": "1.31200", "2011-09-30": "2.86640", "2011-06-30": "1.42230", "2011-03-31": "1.63430", "2010-12-31": "1.48790", "2010-09-30": "1.13530", "2010-06-30": "0.43980", "2010-03-31": "1.10920", "2009-12-31": "0.73430", "2009-09-30": "0.49180", "2009-06-30": "0.78390", "2009-03-31": "1.77050", "2008-12-31": "3.64220", "2008-09-30": "3.89730", "2008-06-30": "3.53940", "2008-03-31": "3.91970", "2007-12-31": "4.06410", "2007-09-30": "4.11150", "2007-06-30": "3.88470", "2007-03-31": "4.17880", "2006-12-31": "3.75160", "2006-09-30": "4.08520", "2006-06-30": "15.61170", "2006-03-31": "3.97200", "2005-12-31": "3.29690", "2005-09-30": "2.94010", "2005-06-30": "3.05510", "2005-03-31": "2.60510"}, "ROI - Return On Investment": {"2020-09-30": "-1.12490", "2020-06-30": "-1.45900", "2020-03-31": "-66.32880", "2019-12-31": "1.41180", "2019-09-30": "0.28710", "2019-06-30": "-0.02680", "2019-03-31": "0.17170", "2018-12-31": "1.35600", "2018-09-30": "0.08870", "2018-06-30": "-0.08810", "2018-03-31": "-0.04280", "2017-12-31": "-0.07830", "2017-09-30": "-0.82660", "2017-06-30": "-0.13280", "2017-03-31": "0.42760", "2016-12-31": "13.34180", "2016-09-30": "0.56410", "2016-06-30": "-5.41150", "2016-03-31": "-5.08630", "2015-12-31": "1.51930", "2015-09-30": "-0.72890", "2015-06-30": "-0.87550", "2015-03-31": "-2.71780", "2014-12-31": "2.94570", "2014-09-30": "1.66380", "2014-06-30": "1.62070", "2014-03-31": "1.53570", "2013-12-31": "1.14710", "2013-09-30": "1.55740", "2013-06-30": "1.14120", "2013-03-31": "1.26050", "2012-12-31": "1.01870", "2012-09-30": "1.35820", "2012-06-30": "2.12620", "2012-03-31": "1.87890", "2011-12-31": "1.64570", "2011-09-30": "3.55960", "2011-06-30": "1.78770", "2011-03-31": "2.09060", "2010-12-31": "1.91700", "2010-09-30": "1.47300", "2010-06-30": "0.59880", "2010-03-31": "1.41220", "2009-12-31": "0.92620", "2009-09-30": "0.61330", "2009-06-30": "0.97860", "2009-03-31": "2.23060", "2008-12-31": "5.03380", "2008-09-30": "5.48080", "2008-06-30": "5.00980", "2008-03-31": "5.48370", "2007-12-31": "5.43190", "2007-09-30": "5.43060", "2007-06-30": "5.04850", "2007-03-31": "5.64860", "2006-12-31": "5.17040", "2006-09-30": "5.72090", "2006-06-30": "21.60550", "2006-03-31": "5.28640", "2005-12-31": "4.45650", "2005-09-30": "3.92560", "2005-06-30": "4.07060", "2005-03-31": "3.45480"}, "Book Value Per Share": {"2020-09-30": "16.68180", "2020-06-30": "17.02040", "2020-03-31": "17.44420", "2019-12-31": "33.59200", "2019-09-30": "33.56340", "2019-06-30": "33.50770", "2019-03-31": "33.83410", "2018-12-31": "33.82900", "2018-09-30": "33.23910", "2018-06-30": "33.47000", "2018-03-31": "34.25810", "2017-12-31": "34.02130", "2017-09-30": "35.06380", "2017-06-30": "29.07750", "2017-03-31": "29.46240", "2016-12-31": "", "2016-09-30": "31.29310", "2016-06-30": "32.63840", "2016-03-31": "35.17140", "2015-12-31": "37.48740", "2015-09-30": "40.14110", "2015-06-30": "40.82990", "2015-03-31": "41.21010", "2014-12-31": "43.15670", "2014-09-30": "42.26550", "2014-06-30": "41.95230", "2014-03-31": "41.28890", "2013-12-31": "40.89500", "2013-09-30": "40.59550", "2013-06-30": "39.78620", "2013-03-31": "39.42270", "2012-12-31": "39.15650", "2012-09-30": "38.82890", "2012-06-30": "38.12690", "2012-03-31": "37.36100", "2011-12-31": "36.53090", "2011-09-30": "36.11510", "2011-06-30": "34.82360", "2011-03-31": "34.10450", "2010-12-31": "33.06940", "2010-09-30": "31.89850", "2010-06-30": "31.23250", "2010-03-31": "17.12400", "2009-12-31": "23.34620", "2009-09-30": "23.18590", "2009-06-30": "22.95430", "2009-03-31": "22.49270", "2008-12-31": "22.02910", "2008-09-30": "22.06570", "2008-06-30": "21.17000", "2008-03-31": "20.01010", "2007-12-31": "19.95570", "2007-09-30": "19.15390", "2007-06-30": "18.31660", "2007-03-31": "17.35940", "2006-12-31": "16.38920", "2006-09-30": "16.19200", "2006-06-30": "16.35730", "2006-03-31": "14.53680", "2005-12-31": "13.75640", "2005-09-30": "13.28210", "2005-06-30": "12.54950", "2005-03-31": "12.06350"}, "Operating Cash Flow Per Share": {"2020-09-30": 0.2904, "2020-06-30": 0.3489, "2020-03-31": "0.73200", "2019-12-31": 2.3955, "2019-09-30": 0.6272, "2019-06-30": 1.1508, "2019-03-31": "-0.35660", "2018-12-31": 2.4816, "2018-09-30": 0.5797, "2018-06-30": 0.3492, "2018-03-31": "0.69670", "2017-12-31": -0.5044, "2017-09-30": -0.4384, "2017-06-30": -0.9284, "2017-03-31": "", "2016-12-31": 0.4556, "2016-09-30": -8.3962, "2016-06-30": 8.1646, "2016-03-31": "-0.22400", "2015-12-31": -2.8815, "2015-09-30": 0.9705, "2015-06-30": 1.3252, "2015-03-31": "0.58580", "2014-12-31": 2.7221, "2014-09-30": 2.4228, "2014-06-30": 0.8947, "2014-03-31": "0.68710", "2013-12-31": 2.27, "2013-09-30": 2.4215, "2013-06-30": 1.5585, "2013-03-31": "0.86940", "2012-12-31": 2.0136, "2012-09-30": 1.8656, "2012-06-30": 0.4545, "2012-03-31": "-0.17270", "2011-12-31": 1.8871, "2011-09-30": 0.6471, "2011-06-30": 0.7325, "2011-03-31": "0.17390", "2010-12-31": 0.8322, "2010-09-30": 0.9389, "2010-06-30": 0.38, "2010-03-31": "0.01600", "2009-12-31": 1.1318, "2009-09-30": 1.2198, "2009-06-30": 1.5226, "2009-03-31": "0.10970", "2008-12-31": 2.0902, "2008-09-30": 1.3247, "2008-06-30": 1.0496, "2008-03-31": "0.75880", "2007-12-31": 2.1404, "2007-09-30": 1.4846, "2007-06-30": 0.8109, "2007-03-31": "0.17350", "2006-12-31": 0.8608, "2006-09-30": 0.4232, "2006-06-30": 0.1677, "2006-03-31": "0.32010", "2005-12-31": 0.8966, "2005-09-30": 0.8362, "2005-06-30": 0.8873, "2005-03-31": "0.17760"}, "Free Cash Flow Per Share": {"2020-09-30": 0.0668, "2020-06-30": 0.0939, "2020-03-31": "0.23430", "2019-12-31": 1.8853, "2019-09-30": 0.3036, "2019-06-30": 0.6877, "2019-03-31": "-0.81200", "2018-12-31": 2.0101, "2018-09-30": 0.3551, "2018-06-30": -0.0429, "2018-03-31": "0.53320", "2017-12-31": -0.8622, "2017-09-30": -0.9225, "2017-06-30": -1.2411, "2017-03-31": "", "2016-12-31": 1.1776, "2016-09-30": -9.0794, "2016-06-30": 8.1348, "2016-03-31": "-0.23300", "2015-12-31": -1.7836, "2015-09-30": 0.7904, "2015-06-30": 0.9429, "2015-03-31": "0.05030", "2014-12-31": 1.905, "2014-09-30": 1.6556, "2014-06-30": 0.1634, "2014-03-31": "-0.08160", "2013-12-31": 1.4662, "2013-09-30": 1.4865, "2013-06-30": 0.518, "2013-03-31": "-0.02250", "2012-12-31": 0.5963, "2012-09-30": 0.3822, "2012-06-30": -1.0705, "2012-03-31": "-1.46360", "2011-12-31": 0.188, "2011-09-30": -0.551, "2011-06-30": -0.4688, "2011-03-31": "-0.63620", "2010-12-31": -0.4459, "2010-09-30": 0.0967, "2010-06-30": -0.2845, "2010-03-31": "-0.44730", "2009-12-31": 0.2862, "2009-09-30": 0.6525, "2009-06-30": 0.7226, "2009-03-31": "-0.64520", "2008-12-31": 0.858, "2008-09-30": 0.4935, "2008-06-30": 0.2287, "2008-03-31": "0.14470", "2007-12-31": 1.257, "2007-09-30": 0.7989, "2007-06-30": 0.0789, "2007-03-31": "-0.48790", "2006-12-31": 0.0195, "2006-09-30": -0.1855, "2006-06-30": -0.3652, "2006-03-31": "-0.06040", "2005-12-31": 0.4918, "2005-09-30": 0.5625, "2005-06-30": 0.6204, "2005-03-31": "-0.01380"}}, "revenue": {"Baker Hughes Annual Revenue (Millions of US $)": {"2020": "$20,705", "2019": "$23,838", "2018": "$22,877", "2017": "$17,179", "2016": "$13,082", "2015": "$16,688", "2014": "$24,551", "2013": "$22,364", "2012": "$21,361", "2011": "$19,831", "2010": "$14,414", "2009": "$9,664", "2008": "$11,864", "2007": "$10,428", "2006": "$9,027", "2005": "$7,186"}, "Baker Hughes Quarterly Revenue (Millions of US $)": {"2020-12-31": "$5,495", "2020-09-30": "$5,049", "2020-06-30": "$4,736", "2020-03-31": "$5,425", "2019-12-31": "$6,347", "2019-09-30": "$5,882", "2019-06-30": "$5,994", "2019-03-31": "$5,615", "2018-12-31": "$6,265", "2018-09-30": "$5,665", "2018-06-30": "$5,548", "2018-03-31": "$5,399", "2017-12-31": "$5,799", "2017-09-30": "$5,301", "2017-06-30": "$3,015", "2017-03-31": "$3,064", "2016-12-31": "$4,980", "2016-09-30": "$3,024", "2016-06-30": "$2,408", "2016-03-31": "$2,670", "2015-12-31": "$4,340", "2015-09-30": "$3,786", "2015-06-30": "$3,968", "2015-03-31": "$4,594", "2014-12-31": "$6,635", "2014-09-30": "$6,250", "2014-06-30": "$5,935", "2014-03-31": "$5,731", "2013-12-31": "$5,860", "2013-09-30": "$5,787", "2013-06-30": "$5,487", "2013-03-31": "$5,230", "2012-12-31": "$5,325", "2012-09-30": "$5,355", "2012-06-30": "$5,326", "2012-03-31": "$5,355", "2011-12-31": "$5,501", "2011-09-30": "$5,064", "2011-06-30": "$4,741", "2011-03-31": "$4,525", "2010-12-31": "$4,423", "2010-09-30": "$4,078", "2010-06-30": "$3,374", "2010-03-31": "$2,539", "2009-12-31": "$2,428", "2009-09-30": "$2,232", "2009-06-30": "$2,336", "2009-03-31": "$2,668", "2008-12-31": "$3,186", "2008-09-30": "$3,010", "2008-06-30": "$2,998", "2008-03-31": "$2,670", "2007-12-31": "$2,740", "2007-09-30": "$2,678", "2007-06-30": "$2,538", "2007-03-31": "$2,473", "2006-12-31": "$2,452", "2006-09-30": "$2,309", "2006-06-30": "$2,203", "2006-03-31": "$2,062", "2005-12-31": "$1,989", "2005-09-30": "$1,785", "2005-06-30": "$1,768", "2005-03-31": "$1,643"}}, "gross-profit": {"Baker Hughes Annual Gross Profit (Millions of US $)": {"2020": "$3,199", "2019": "$4,432", "2018": "$3,986", "2017": "$3,036", "2016": "$2,932", "2015": "$4,495", "2014": "$4,805", "2013": "$3,811", "2012": "$4,005", "2011": "$4,567", "2010": "$3,230", "2009": "$2,267", "2008": "$3,910", "2007": "$3,583", "2006": "$3,151", "2005": "$2,162"}, "Baker Hughes Quarterly Gross Profit (Millions of US $)": {"2020-12-31": "$1,009", "2020-09-30": "$757", "2020-06-30": "$678", "2020-03-31": "$755", "2019-12-31": "$1,293", "2019-09-30": "$1,101", "2019-06-30": "$1,062", "2019-03-31": "$976", "2018-12-31": "$1,236", "2018-09-30": "$973", "2018-06-30": "$936", "2018-03-31": "$841", "2017-12-31": "$859", "2017-09-30": "$952", "2017-06-30": "$539", "2017-03-31": "$686", "2016-12-31": "$2,894", "2016-09-30": "$730", "2016-06-30": "$-704", "2016-03-31": "$12", "2015-12-31": "$3,448", "2015-09-30": "$411", "2015-06-30": "$384", "2015-03-31": "$252", "2014-12-31": "$1,461", "2014-09-30": "$1,143", "2014-06-30": "$1,190", "2014-03-31": "$1,011", "2013-12-31": "$974", "2013-09-30": "$1,037", "2013-06-30": "$896", "2013-03-31": "$904", "2012-12-31": "$884", "2012-09-30": "$959", "2012-06-30": "$1,072", "2012-03-31": "$1,090", "2011-12-31": "$1,295", "2011-09-30": "$1,221", "2011-06-30": "$1,023", "2011-03-31": "$1,028", "2010-12-31": "$1,002", "2010-09-30": "$889", "2010-06-30": "$712", "2010-03-31": "$627", "2009-12-31": "$549", "2009-09-30": "$471", "2009-06-30": "$539", "2009-03-31": "$708", "2008-12-31": "$1,026", "2008-09-30": "$982", "2008-06-30": "$1,001", "2008-03-31": "$901", "2007-12-31": "$933", "2007-09-30": "$912", "2007-06-30": "$866", "2007-03-31": "$873", "2006-12-31": "$559", "2006-09-30": "$939", "2006-06-30": "$863", "2006-03-31": "$791", "2005-12-31": "$557", "2005-09-30": "$565", "2005-06-30": "$553", "2005-03-31": "$487"}}, "operating-income": {"Baker Hughes Annual Operating Income (Millions of US $)": {"2020": "$-15,978", "2019": "$1,074", "2018": "$701", "2017": "$-284", "2016": "$457", "2015": "$-138", "2014": "$2,859", "2013": "$1,949", "2012": "$2,192", "2011": "$2,600", "2010": "$1,417", "2009": "$732", "2008": "$2,376", "2007": "$2,278", "2006": "$1,934", "2005": "$1,233"}, "Baker Hughes Quarterly Operating Income (Millions of US $)": {"2020-12-31": "$182", "2020-09-30": "$-49", "2020-06-30": "$-52", "2020-03-31": "$-16,059", "2019-12-31": "$330", "2019-09-30": "$297", "2019-06-30": "$271", "2019-03-31": "$176", "2018-12-31": "$382", "2018-09-30": "$282", "2018-06-30": "$78", "2018-03-31": "$-41", "2017-12-31": "$-111", "2017-09-30": "$-193", "2017-06-30": "$-66", "2017-03-31": "$86", "2016-12-31": "$1,410", "2016-09-30": "$176", "2016-06-30": "$-570", "2016-03-31": "$-559", "2015-12-31": "$881", "2015-09-30": "$-101", "2015-06-30": "$-144", "2015-03-31": "$-774", "2014-12-31": "$1,015", "2014-09-30": "$661", "2014-06-30": "$631", "2014-03-31": "$552", "2013-12-31": "$482", "2013-09-30": "$576", "2013-06-30": "$436", "2013-03-31": "$455", "2012-12-31": "$440", "2012-09-30": "$486", "2012-06-30": "$639", "2012-03-31": "$627", "2011-12-31": "$538", "2011-09-30": "$805", "2011-06-30": "$617", "2011-03-31": "$640", "2010-12-31": "$562", "2010-09-30": "$405", "2010-06-30": "$232", "2010-03-31": "$218", "2009-12-31": "$150", "2009-09-30": "$111", "2009-06-30": "$153", "2009-03-31": "$318", "2008-12-31": "$664", "2008-09-30": "$601", "2008-06-30": "$563", "2008-03-31": "$548", "2007-12-31": "$598", "2007-09-30": "$583", "2007-06-30": "$537", "2007-03-31": "$560", "2006-12-31": "$493", "2006-09-30": "$512", "2006-06-30": "$489", "2006-03-31": "$440", "2005-12-31": "$358", "2005-09-30": "$309", "2005-06-30": "$301", "2005-03-31": "$266"}}, "ebitda": {"Baker Hughes Annual EBITDA (Millions of US $)": {"2019": "$2,492", "2018": "$2,187", "2017": "$819", "2016": "$1,007", "2015": "$2,472", "2014": "$4,673", "2013": "$3,647", "2012": "$3,760", "2011": "$3,921", "2010": "$2,486", "2009": "$1,443", "2008": "$3,013", "2007": "$2,799", "2006": "$2,363", "2005": "$1,610"}, "Baker Hughes Quarterly EBITDA (Millions of US $)": {"2020-09-30": "$271", "2020-06-30": "$287", "2020-03-31": "$-206", "2019-12-31": "$683", "2019-09-30": "$653", "2019-06-30": "$630", "2019-03-31": "$526", "2018-12-31": "$735", "2018-09-30": "$635", "2018-06-30": "$470", "2018-03-31": "$347", "2017-12-31": "$276", "2017-09-30": "$233", "2017-06-30": "$92", "2017-03-31": "$218", "2016-12-31": "$1,521", "2016-09-30": "$-1,885", "2016-06-30": "$1,576", "2016-03-31": "$-205", "2015-12-31": "$2,165", "2015-09-30": "$331", "2015-06-30": "$290", "2015-03-31": "$-314", "2014-12-31": "$1,483", "2014-09-30": "$1,116", "2014-06-30": "$1,085", "2014-03-31": "$989", "2013-12-31": "$918", "2013-09-30": "$999", "2013-06-30": "$860", "2013-03-31": "$870", "2012-12-31": "$857", "2012-09-30": "$894", "2012-06-30": "$1,019", "2012-03-31": "$990", "2011-12-31": "$908", "2011-09-30": "$1,110", "2011-06-30": "$948", "2011-03-31": "$955", "2010-12-31": "$888", "2010-09-30": "$698", "2010-06-30": "$493", "2010-03-31": "$407", "2009-12-31": "$329", "2009-09-30": "$288", "2009-06-30": "$335", "2009-03-31": "$491", "2008-12-31": "$841", "2008-09-30": "$759", "2008-06-30": "$718", "2008-03-31": "$695", "2007-12-31": "$743", "2007-09-30": "$716", "2007-06-30": "$662", "2007-03-31": "$679", "2006-12-31": "$610", "2006-09-30": "$621", "2006-06-30": "$593", "2006-03-31": "$539", "2005-12-31": "$456", "2005-09-30": "$405", "2005-06-30": "$393", "2005-03-31": "$357"}}, "net-income": {"Baker Hughes Annual Net Income (Millions of US $)": {"2020": "$-9,940", "2019": "$128", "2018": "$195", "2017": "$-103", "2016": "$", "2015": "$", "2014": "$1,719", "2013": "$1,096", "2012": "$1,311", "2011": "$1,739", "2010": "$812", "2009": "$421", "2008": "$1,635", "2007": "$1,514", "2006": "$2,419", "2005": "$878"}, "Baker Hughes Quarterly Net Income (Millions of US $)": {"2020-12-31": "$653", "2020-09-30": "$-170", "2020-06-30": "$-201", "2020-03-31": "$-10,210", "2019-12-31": "$48", "2019-09-30": "$57", "2019-06-30": "$-9", "2019-03-31": "$32", "2018-12-31": "$131", "2018-09-30": "$13", "2018-06-30": "$-19", "2018-03-31": "$70", "2017-12-31": "$31", "2017-09-30": "$-134", "2017-06-30": "", "2017-03-31": "", "2016-12-31": "", "2016-09-30": "", "2016-06-30": "$-911", "2016-03-31": "$-981", "2015-12-31": "", "2015-09-30": "$-159", "2015-06-30": "$-188", "2015-03-31": "$-589", "2014-12-31": "$663", "2014-09-30": "$375", "2014-06-30": "$353", "2014-03-31": "$328", "2013-12-31": "$248", "2013-09-30": "$341", "2013-06-30": "$240", "2013-03-31": "$267", "2012-12-31": "$214", "2012-09-30": "$279", "2012-06-30": "$439", "2012-03-31": "$379", "2011-12-31": "$314", "2011-09-30": "$706", "2011-06-30": "$338", "2011-03-31": "$381", "2010-12-31": "$335", "2010-09-30": "$255", "2010-06-30": "$93", "2010-03-31": "$129", "2009-12-31": "$84", "2009-09-30": "$55", "2009-06-30": "$87", "2009-03-31": "$195", "2008-12-31": "$432", "2008-09-30": "$429", "2008-06-30": "$379", "2008-03-31": "$395", "2007-12-31": "$401", "2007-09-30": "$389", "2007-06-30": "$350", "2007-03-31": "$375", "2006-12-31": "$326", "2006-09-30": "$359", "2006-06-30": "$1,395", "2006-03-31": "$339", "2005-12-31": "$258", "2005-09-30": "$222", "2005-06-30": "$219", "2005-03-31": "$180"}}, "eps-earnings-per-share-diluted": {"Baker Hughes Annual EPS": {"2020": "$-14.73", "2019": "$0.23", "2018": "$0.45", "2017": "$-0.24", "2016": "$0.00", "2015": "$0.00", "2014": "$3.92", "2013": "$2.47", "2012": "$2.97", "2011": "$3.97", "2010": "$2.06", "2009": "$1.36", "2008": "$5.30", "2007": "$4.73", "2006": "$7.27", "2005": "$2.57"}, "Baker Hughes Quarterly EPS": {"2020-12-31": "$0.91", "2020-09-30": "$-0.25", "2020-06-30": "$-0.31", "2020-03-31": "$-15.64", "2019-12-31": "$0.08", "2019-09-30": "$0.11", "2019-06-30": "$-0.02", "2019-03-31": "$0.06", "2018-12-31": "$0.30", "2018-09-30": "$0.03", "2018-06-30": "$-0.05", "2018-03-31": "$0.17", "2017-12-31": "$-0.05", "2017-09-30": "$-0.31", "2017-06-30": "$0.12", "2017-03-31": "$0.00", "2016-12-31": "$0.00", "2016-09-30": "$-0.24", "2016-06-30": "$-2.08", "2016-03-31": "$-2.22", "2015-12-31": "$0.00", "2015-09-30": "$-0.36", "2015-06-30": "$-0.43", "2015-03-31": "$-1.35", "2014-12-31": "$1.52", "2014-09-30": "$0.86", "2014-06-30": "$0.80", "2014-03-31": "$0.74", "2013-12-31": "$0.56", "2013-09-30": "$0.77", "2013-06-30": "$0.54", "2013-03-31": "$0.60", "2012-12-31": "$0.48", "2012-09-30": "$0.63", "2012-06-30": "$1.00", "2012-03-31": "$0.86", "2011-12-31": "$0.72", "2011-09-30": "$1.61", "2011-06-30": "$0.77", "2011-03-31": "$0.87", "2010-12-31": "$0.83", "2010-09-30": "$0.59", "2010-06-30": "$0.23", "2010-03-31": "$0.41", "2009-12-31": "$0.27", "2009-09-30": "$0.18", "2009-06-30": "$0.28", "2009-03-31": "$0.63", "2008-12-31": "$1.41", "2008-09-30": "$1.39", "2008-06-30": "$1.23", "2008-03-31": "$1.27", "2007-12-31": "$1.25", "2007-09-30": "$1.22", "2007-06-30": "$1.09", "2007-03-31": "$1.17", "2006-12-31": "$1.05", "2006-09-30": "$1.09", "2006-06-30": "$4.14", "2006-03-31": "$0.99", "2005-12-31": "$0.75", "2005-09-30": "$0.65", "2005-06-30": "$0.64", "2005-03-31": "$0.53"}}, "shares-outstanding": {"Baker Hughes Annual Shares Outstanding (Millions of Shares)": {"2020": "675", "2019": "557", "2018": "429", "2017": "427", "2016": "", "2015": "", "2014": "439", "2013": "444", "2012": "441", "2011": "438", "2010": "395", "2009": "311", "2008": "309", "2007": "320", "2006": "333", "2005": "342"}, "Baker Hughes Quarterly Shares Outstanding (Millions of Shares)": {"2020-12-31": "717", "2020-09-30": "676", "2020-06-30": "655", "2020-03-31": "653", "2019-12-31": "557", "2019-09-30": "541", "2019-06-30": "515", "2019-03-31": "516", "2018-12-31": "429", "2018-09-30": "414", "2018-06-30": "414", "2018-03-31": "422", "2017-12-31": "427", "2017-09-30": "428", "2017-06-30": "419", "2017-03-31": "", "2016-12-31": "", "2016-09-30": "428", "2016-06-30": "438", "2016-03-31": "442", "2015-12-31": "", "2015-09-30": "439", "2015-06-30": "438", "2015-03-31": "437", "2014-12-31": "439", "2014-09-30": "438", "2014-06-30": "440", "2014-03-31": "441", "2013-12-31": "444", "2013-09-30": "445", "2013-06-30": "444", "2013-03-31": "444", "2012-12-31": "441", "2012-09-30": "441", "2012-06-30": "440", "2012-03-31": "440", "2011-12-31": "438", "2011-09-30": "439", "2011-06-30": "438", "2011-03-31": "437", "2010-12-31": "395", "2010-09-30": "433", "2010-06-30": "399", "2010-03-31": "313", "2009-12-31": "311", "2009-09-30": "311", "2009-06-30": "310", "2009-03-31": "310", "2008-12-31": "309", "2008-09-30": "308", "2008-06-30": "308", "2008-03-31": "311", "2007-12-31": "320", "2007-09-30": "320", "2007-06-30": "321", "2007-03-31": "321", "2006-12-31": "333", "2006-09-30": "328", "2006-06-30": "337", "2006-03-31": "343", "2005-12-31": "342", "2005-09-30": "343", "2005-06-30": "340", "2005-03-31": "340"}}, "total-assets": {"Baker Hughes Annual Total Assets (Millions of US $)": {"2019": "$53,369", "2018": "$52,439", "2017": "$56,500", "2016": "$21,721", "2015": "$24,080", "2014": "$28,827", "2013": "$27,934", "2012": "$26,689", "2011": "$24,847", "2010": "$22,986", "2009": "$11,439", "2008": "$11,861", "2007": "$9,857", "2006": "$8,706", "2005": "$7,807"}, "Baker Hughes Quarterly Total Assets (Millions of US $)": {"2020-09-30": "$37,339", "2020-06-30": "$37,523", "2020-03-31": "$37,229", "2019-12-31": "$53,369", "2019-09-30": "$52,549", "2019-06-30": "$52,876", "2019-03-31": "$53,129", "2018-12-31": "$52,439", "2018-09-30": "$53,600", "2018-06-30": "$54,090", "2018-03-31": "$55,221", "2017-12-31": "$56,500", "2017-09-30": "$54,810", "2017-06-30": "$18,675", "2017-03-31": "$18,676", "2016-12-31": "$21,721", "2016-09-30": "$19,491", "2016-06-30": "$20,319", "2016-03-31": "$22,936", "2015-12-31": "$24,080", "2015-09-30": "$25,416", "2015-06-30": "$26,018", "2015-03-31": "$26,926", "2014-12-31": "$28,827", "2014-09-30": "$28,642", "2014-06-30": "$28,277", "2014-03-31": "$27,896", "2013-12-31": "$27,934", "2013-09-30": "$28,074", "2013-06-30": "$27,350", "2013-03-31": "$27,154", "2012-12-31": "$26,689", "2012-09-30": "$26,756", "2012-06-30": "$26,188", "2012-03-31": "$25,558", "2011-12-31": "$24,847", "2011-09-30": "$24,351", "2011-06-30": "$23,554", "2011-03-31": "$23,497", "2010-12-31": "$22,986", "2010-09-30": "$22,462", "2010-06-30": "$21,145", "2010-03-31": "$11,630", "2009-12-31": "$11,439", "2009-09-30": "$11,183", "2009-06-30": "$11,099", "2009-03-31": "$11,014", "2008-12-31": "$11,861", "2008-09-30": "$11,008", "2008-06-30": "$10,708", "2008-03-31": "$10,077", "2007-12-31": "$9,857", "2007-09-30": "$9,464", "2007-06-30": "$8,999", "2007-03-31": "$8,967", "2006-12-31": "$8,706", "2006-09-30": "$8,778", "2006-06-30": "$8,936", "2006-03-31": "$8,026", "2005-12-31": "$7,807", "2005-09-30": "$7,503", "2005-06-30": "$7,136", "2005-03-31": "$6,848"}}, "cash-on-hand": {"Baker Hughes Annual Cash on Hand (Millions of US $)": {"2019": "$3,249", "2018": "$3,723", "2017": "$7,030", "2016": "$981", "2015": "$2,324", "2014": "$1,740", "2013": "$1,399", "2012": "$1,015", "2011": "$1,050", "2010": "$1,706", "2009": "$1,595", "2008": "$1,955", "2007": "$1,054", "2006": "$1,104", "2005": "$774"}, "Baker Hughes Quarterly Cash on Hand (Millions of US $)": {"2020-09-30": "$4,061", "2020-06-30": "$4,132", "2020-03-31": "$3,010", "2019-12-31": "$3,249", "2019-09-30": "$2,808", "2019-06-30": "$3,138", "2019-03-31": "$3,073", "2018-12-31": "$3,723", "2018-09-30": "$4,765", "2018-06-30": "$4,879", "2018-03-31": "$5,631", "2017-12-31": "$7,030", "2017-09-30": "$4,777", "2017-06-30": "$4,133", "2017-03-31": "$4,222", "2016-12-31": "$981", "2016-09-30": "$3,736", "2016-06-30": "$3,910", "2016-03-31": "$2,192", "2015-12-31": "$2,324", "2015-09-30": "$2,043", "2015-06-30": "$1,973", "2015-03-31": "$1,606", "2014-12-31": "$1,740", "2014-09-30": "$1,209", "2014-06-30": "$1,163", "2014-03-31": "$1,200", "2013-12-31": "$1,399", "2013-09-30": "$1,368", "2013-06-30": "$1,123", "2013-03-31": "$1,101", "2012-12-31": "$1,015", "2012-09-30": "$1,007", "2012-06-30": "$792", "2012-03-31": "$780", "2011-12-31": "$1,050", "2011-09-30": "$803", "2011-06-30": "$937", "2011-03-31": "$1,395", "2010-12-31": "$1,706", "2010-09-30": "$1,856", "2010-06-30": "$919", "2010-03-31": "$1,614", "2009-12-31": "$1,595", "2009-09-30": "$1,487", "2009-06-30": "$1,362", "2009-03-31": "$1,179", "2008-12-31": "$1,955", "2008-09-30": "$1,127", "2008-06-30": "$1,072", "2008-03-31": "$1,030", "2007-12-31": "$1,054", "2007-09-30": "$908", "2007-06-30": "$840", "2007-03-31": "$916", "2006-12-31": "$1,104", "2006-09-30": "$1,342", "2006-06-30": "$1,974", "2006-03-31": "$642", "2005-12-31": "$774", "2005-09-30": "$742", "2005-06-30": "$477", "2005-03-31": "$286"}}, "long-term-debt": {"Baker Hughes Annual Long Term Debt (Millions of US $)": {"2019": "$6,301", "2018": "$6,285", "2017": "$6,312", "2016": "$38", "2015": "$3,890", "2014": "$3,913", "2013": "$3,882", "2012": "$3,837", "2011": "$3,845", "2010": "$3,554", "2009": "$1,785", "2008": "$1,775", "2007": "$1,069", "2006": "$1,074", "2005": "$1,078"}, "Baker Hughes Quarterly Long Term Debt (Millions of US $)": {"2020-09-30": "$6,754", "2020-06-30": "$6,766", "2020-03-31": "$6,285", "2019-12-31": "$6,301", "2019-09-30": "$6,313", "2019-06-30": "$6,256", "2019-03-31": "$6,270", "2018-12-31": "$6,285", "2018-09-30": "$6,293", "2018-06-30": "$6,319", "2018-03-31": "$6,296", "2017-12-31": "$6,312", "2017-09-30": "$3,039", "2017-06-30": "$2,678", "2017-03-31": "$2,884", "2016-12-31": "$38", "2016-09-30": "$2,895", "2016-06-30": "$2,887", "2016-03-31": "$3,885", "2015-12-31": "$3,890", "2015-09-30": "$3,896", "2015-06-30": "$3,904", "2015-03-31": "$3,906", "2014-12-31": "$3,913", "2014-09-30": "$3,894", "2014-06-30": "$3,900", "2014-03-31": "$3,878", "2013-12-31": "$3,882", "2013-09-30": "$3,838", "2013-06-30": "$3,841", "2013-03-31": "$3,844", "2012-12-31": "$3,837", "2012-09-30": "$3,839", "2012-06-30": "$3,841", "2012-03-31": "$3,843", "2011-12-31": "$3,845", "2011-09-30": "$3,846", "2011-06-30": "$3,549", "2011-03-31": "$3,545", "2010-12-31": "$3,554", "2010-09-30": "$3,555", "2010-06-30": "$2,068", "2010-03-31": "$1,788", "2009-12-31": "$1,785", "2009-09-30": "$1,783", "2009-06-30": "$1,777", "2009-03-31": "$1,776", "2008-12-31": "$1,775", "2008-09-30": "$1,041", "2008-06-30": "$1,040", "2008-03-31": "$1,040", "2007-12-31": "$1,069", "2007-09-30": "$1,071", "2007-06-30": "$1,072", "2007-03-31": "$1,073", "2006-12-31": "$1,074", "2006-09-30": "$1,075", "2006-06-30": "$1,076", "2006-03-31": "$1,077", "2005-12-31": "$1,078", "2005-09-30": "$1,079", "2005-06-30": "$1,080", "2005-03-31": "$1,077"}}, "total-liabilities": {"Baker Hughes Annual Total Liabilities (Millions of US $)": {"2019": "$18,870", "2018": "$17,426", "2017": "$18,090", "2016": "$6,866", "2015": "$7,698", "2014": "$10,097", "2013": "$10,022", "2012": "$9,421", "2011": "$8,883", "2010": "$8,700", "2009": "$4,155", "2008": "$5,054", "2007": "$3,551", "2006": "$3,463", "2005": "$3,110"}, "Baker Hughes Quarterly Total Liabilities (Millions of US $)": {"2020-09-30": "$20,090", "2020-06-30": "$19,958", "2020-03-31": "$19,244", "2019-12-31": "$18,870", "2019-09-30": "$18,113", "2019-06-30": "$18,095", "2019-03-31": "$18,043", "2018-12-31": "$17,426", "2018-09-30": "$17,037", "2018-06-30": "$17,273", "2018-03-31": "$17,126", "2017-12-31": "$18,090", "2017-09-30": "$14,662", "2017-06-30": "$6,288", "2017-03-31": "$6,125", "2016-12-31": "$6,866", "2016-09-30": "$6,254", "2016-06-30": "$6,353", "2016-03-31": "$7,534", "2015-12-31": "$7,698", "2015-09-30": "$7,911", "2015-06-30": "$8,221", "2015-03-31": "$9,013", "2014-12-31": "$10,097", "2014-09-30": "$10,358", "2014-06-30": "$10,026", "2014-03-31": "$9,895", "2013-12-31": "$10,022", "2013-09-30": "$10,081", "2013-06-30": "$9,723", "2013-03-31": "$9,736", "2012-12-31": "$9,421", "2012-09-30": "$9,685", "2012-06-30": "$9,429", "2012-03-31": "$9,176", "2011-12-31": "$8,883", "2011-09-30": "$8,588", "2011-06-30": "$8,364", "2011-03-31": "$8,674", "2010-12-31": "$8,700", "2010-09-30": "$8,705", "2010-06-30": "$7,681", "2010-03-31": "$4,283", "2009-12-31": "$4,155", "2009-09-30": "$3,998", "2009-06-30": "$3,986", "2009-03-31": "$4,048", "2008-12-31": "$5,054", "2008-09-30": "$4,222", "2008-06-30": "$4,183", "2008-03-31": "$3,914", "2007-12-31": "$3,551", "2007-09-30": "$3,369", "2007-06-30": "$3,146", "2007-03-31": "$3,406", "2006-12-31": "$3,463", "2006-09-30": "$3,585", "2006-06-30": "$3,555", "2006-03-31": "$3,073", "2005-12-31": "$3,110", "2005-09-30": "$2,963", "2005-06-30": "$2,860", "2005-03-31": "$2,761"}}, "total-share-holder-equity": {"Baker Hughes Annual Share Holder Equity (Millions of US $)": {"2019": "$34,499", "2018": "$35,013", "2017": "$38,410", "2016": "$14,855", "2015": "$16,382", "2014": "$18,730", "2013": "$17,912", "2012": "$17,268", "2011": "$15,964", "2010": "$14,286", "2009": "$7,284", "2008": "$6,807", "2007": "$6,306", "2006": "$5,243", "2005": "$4,698"}, "Baker Hughes Quarterly Share Holder Equity (Millions of US $)": {"2020-09-30": "$17,249", "2020-06-30": "$17,565", "2020-03-31": "$17,985", "2019-12-31": "$34,499", "2019-09-30": "$34,436", "2019-06-30": "$34,781", "2019-03-31": "$35,086", "2018-12-31": "$35,013", "2018-09-30": "$36,563", "2018-06-30": "$36,817", "2018-03-31": "$38,095", "2017-12-31": "$38,410", "2017-09-30": "$40,148", "2017-06-30": "$12,387", "2017-03-31": "$12,551", "2016-12-31": "$14,855", "2016-09-30": "$13,237", "2016-06-30": "$13,966", "2016-03-31": "$15,402", "2015-12-31": "$16,382", "2015-09-30": "$17,505", "2015-06-30": "$17,797", "2015-03-31": "$17,913", "2014-12-31": "$18,730", "2014-09-30": "$18,284", "2014-06-30": "$18,251", "2014-03-31": "$18,001", "2013-12-31": "$17,912", "2013-09-30": "$17,993", "2013-06-30": "$17,627", "2013-03-31": "$17,418", "2012-12-31": "$17,268", "2012-09-30": "$17,071", "2012-06-30": "$16,759", "2012-03-31": "$16,382", "2011-12-31": "$15,964", "2011-09-30": "$15,763", "2011-06-30": "$15,190", "2011-03-31": "$14,823", "2010-12-31": "$14,286", "2010-09-30": "$13,757", "2010-06-30": "$13,464", "2010-03-31": "$7,347", "2009-12-31": "$7,284", "2009-09-30": "$7,185", "2009-06-30": "$7,113", "2009-03-31": "$6,966", "2008-12-31": "$6,807", "2008-09-30": "$6,786", "2008-06-30": "$6,525", "2008-03-31": "$6,164", "2007-12-31": "$6,306", "2007-09-30": "$6,095", "2007-06-30": "$5,853", "2007-03-31": "$5,561", "2006-12-31": "$5,243", "2006-09-30": "$5,193", "2006-06-30": "$5,381", "2006-03-31": "$4,954", "2005-12-31": "$4,698", "2005-09-30": "$4,540", "2005-06-30": "$4,275", "2005-03-31": "$4,087"}}, "profit-margins": {"current": "-47.95%"}, "gross margin": {"2020-12-31": "15.45%", "2020-09-30": "16.16%", "2020-06-30": "17.09%", "2020-03-31": "17.81%", "2019-12-31": "18.59%", "2019-09-30": "18.42%", "2019-06-30": "18.04%", "2019-03-31": "17.85%", "2018-12-31": "17.42%", "2018-09-30": "16.10%", "2018-06-30": "16.27%", "2018-03-31": "16.35%", "2017-12-31": "17.67%", "2017-09-30": "31.00%", "2017-06-30": "34.43%", "2017-03-31": "26.76%", "2016-12-31": "22.41%", "2016-09-30": "28.02%", "2016-06-30": "23.99%", "2016-03-31": "28.82%", "2015-12-31": "26.94%", "2015-09-30": "13.21%", "2015-06-30": "15.11%", "2015-03-31": "17.28%", "2014-12-31": "19.57%", "2014-09-30": "18.16%", "2014-06-30": "18.07%", "2014-03-31": "17.14%", "2013-12-31": "17.04%", "2013-09-30": "17.05%", "2013-06-30": "17.03%", "2013-03-31": "17.98%", "2012-12-31": "18.75%", "2012-09-30": "20.50%", "2012-06-30": "22.02%", "2012-03-31": "22.40%", "2011-12-31": "23.03%", "2011-09-30": "22.79%", "2011-06-30": "22.19%", "2011-03-31": "22.14%", "2010-12-31": "22.41%", "2010-09-30": "22.36%", "2010-06-30": "22.31%", "2010-03-31": "22.93%", "2009-12-31": "23.46%", "2009-09-30": "26.33%", "2009-06-30": "29.06%", "2009-03-31": "31.34%", "2008-12-31": "32.96%", "2008-09-30": "33.43%", "2008-06-30": "33.80%", "2008-03-31": "33.99%", "2007-12-31": "34.37%", "2007-09-30": "31.64%", "2007-06-30": "33.12%", "2007-03-31": "34.26%", "2006-12-31": "34.91%", "2006-09-30": "36.79%", "2006-06-30": "34.53%", "2006-03-31": "32.43%", "2005-12-31": "30.09%"}, "operating margin": {"2020-12-31": "-77.17%", "2020-09-30": "-73.43%", "2020-06-30": "-69.16%", "2020-03-31": "-64.11%", "2019-12-31": "4.51%", "2019-09-30": "4.74%", "2019-06-30": "4.72%", "2019-03-31": "3.98%", "2018-12-31": "3.06%", "2018-09-30": "0.93%", "2018-06-30": "-1.21%", "2018-03-31": "-2.11%", "2017-12-31": "-1.65%", "2017-09-30": "7.56%", "2017-06-30": "11.40%", "2017-03-31": "8.18%", "2016-12-31": "3.49%", "2016-09-30": "-0.58%", "2016-06-30": "-2.64%", "2016-03-31": "0.52%", "2015-12-31": "-0.83%", "2015-09-30": "-0.02%", "2015-06-30": "3.53%", "2015-03-31": "6.55%", "2014-12-31": "11.65%", "2014-09-30": "9.78%", "2014-06-30": "9.61%", "2014-03-31": "8.95%", "2013-12-31": "8.71%", "2013-09-30": "8.74%", "2013-06-30": "8.49%", "2013-03-31": "9.51%", "2012-12-31": "10.26%", "2012-09-30": "10.63%", "2012-06-30": "12.28%", "2012-03-31": "12.52%", "2011-12-31": "13.11%", "2011-09-30": "13.99%", "2011-06-30": "12.52%", "2011-03-31": "11.21%", "2010-12-31": "9.83%", "2010-09-30": "8.09%", "2010-06-30": "6.72%", "2010-03-31": "6.63%", "2009-12-31": "7.57%", "2009-09-30": "11.96%", "2009-06-30": "15.50%", "2009-03-31": "18.09%", "2008-12-31": "20.03%", "2008-09-30": "20.23%", "2008-06-30": "20.67%", "2008-03-31": "21.33%", "2007-12-31": "21.84%", "2007-09-30": "21.43%", "2007-06-30": "21.51%", "2007-03-31": "21.77%", "2006-12-31": "21.43%", "2006-09-30": "21.01%", "2006-06-30": "19.85%", "2006-03-31": "18.52%", "2005-12-31": "17.17%"}, "ebitda margin": {"2020-09-30": "4.80%", "2020-06-30": "6.33%", "2020-03-31": "7.44%", "2019-12-31": "10.45%", "2019-09-30": "10.71%", "2019-06-30": "10.73%", "2019-03-31": "10.25%", "2018-12-31": "9.56%", "2018-09-30": "7.71%", "2018-06-30": "6.01%", "2018-03-31": "4.86%", "2017-12-31": "4.77%", "2017-09-30": "12.62%", "2017-06-30": "-0.38%", "2017-03-31": "10.61%", "2016-12-31": "7.70%", "2016-09-30": "13.27%", "2016-06-30": "29.29%", "2016-03-31": "17.48%", "2015-12-31": "14.81%", "2015-09-30": "9.43%", "2015-06-30": "12.01%", "2015-03-31": "14.39%", "2014-12-31": "19.03%", "2014-09-30": "17.28%", "2014-06-30": "17.12%", "2014-03-31": "16.47%", "2013-12-31": "16.31%", "2013-09-30": "16.43%", "2013-06-30": "16.27%", "2013-03-31": "17.14%", "2012-12-31": "17.60%", "2012-09-30": "17.70%", "2012-06-30": "18.95%", "2012-03-31": "19.15%", "2011-12-31": "19.77%", "2011-09-30": "20.80%", "2011-06-30": "19.64%", "2011-03-31": "18.50%", "2010-12-31": "17.25%", "2010-09-30": "15.52%", "2010-06-30": "14.35%", "2010-03-31": "14.25%", "2009-12-31": "14.93%", "2009-09-30": "18.76%", "2009-06-30": "21.66%", "2009-03-31": "23.68%", "2008-12-31": "25.40%", "2008-09-30": "25.53%", "2008-06-30": "25.91%", "2008-03-31": "26.50%", "2007-12-31": "26.85%", "2007-09-30": "26.30%", "2007-06-30": "26.32%", "2007-03-31": "26.52%", "2006-12-31": "26.18%", "2006-09-30": "25.80%", "2006-06-30": "24.79%", "2006-03-31": "23.58%", "2005-12-31": "22.42%"}, "pre tax profit margin": {"2020-12-31": "-73.48%", "2020-09-30": "-76.20%", "2020-06-30": "-71.18%", "2020-03-31": "-65.45%", "2019-12-31": "3.16%", "2019-09-30": "3.87%", "2019-06-30": "3.95%", "2019-03-31": "3.91%", "2018-12-31": "2.97%", "2018-09-30": "0.25%", "2018-06-30": "-1.84%", "2018-03-31": "-2.53%", "2017-12-31": "-1.95%", "2017-09-30": "8.47%", "2017-06-30": "12.61%", "2017-03-31": "7.76%", "2016-12-31": "2.74%", "2016-09-30": "-1.53%", "2016-06-30": "-3.84%", "2016-03-31": "0.38%", "2015-12-31": "-0.95%", "2015-09-30": "-1.17%", "2015-06-30": "2.49%", "2015-03-31": "5.57%", "2014-12-31": "10.70%", "2014-09-30": "8.79%", "2014-06-30": "8.60%", "2014-03-31": "7.92%", "2013-12-31": "7.67%", "2013-09-30": "7.68%", "2013-06-30": "7.46%", "2013-03-31": "8.52%", "2012-12-31": "9.28%", "2012-09-30": "9.66%", "2012-06-30": "11.06%", "2012-03-31": "11.25%", "2011-12-31": "11.79%", "2011-09-30": "12.68%", "2011-06-30": "11.47%", "2011-03-31": "10.22%", "2010-12-31": "8.89%", "2010-09-30": "7.12%", "2010-06-30": "5.68%", "2010-03-31": "5.46%", "2009-12-31": "6.32%", "2009-09-30": "10.54%", "2009-06-30": "14.33%", "2009-03-31": "17.15%", "2008-12-31": "19.55%", "2008-09-30": "20.18%", "2008-06-30": "20.66%", "2008-03-31": "21.37%", "2007-12-31": "21.64%", "2007-09-30": "21.23%", "2007-06-30": "21.43%", "2007-03-31": "40.40%", "2006-12-31": "41.40%", "2006-09-30": "42.37%", "2006-06-30": "42.70%", "2006-03-31": "19.56%", "2005-12-31": "17.79%"}, "net profit margin": {"2020-12-31": "-47.95%", "2020-09-30": "-48.86%", "2020-06-30": "-46.03%", "2020-03-31": "-42.77%", "2019-12-31": "0.54%", "2019-09-30": "0.89%", "2019-06-30": "0.71%", "2019-03-31": "0.68%", "2018-12-31": "0.85%", "2018-09-30": "0.42%", "2018-06-30": "-0.24%", "2018-03-31": "-0.17%", "2017-12-31": "-0.60%", "2017-09-30": "-0.82%", "2017-06-30": "0.00%", "2017-03-31": "-6.76%", "2016-12-31": "-14.46%", "2016-09-30": "-15.21%", "2016-06-30": "-15.53%", "2016-03-31": "-8.99%", "2015-12-31": "-5.61%", "2015-09-30": "-1.44%", "2015-06-30": "1.22%", "2015-03-31": "3.43%", "2014-12-31": "7.00%", "2014-09-30": "5.48%", "2014-06-30": "5.45%", "2014-03-31": "5.06%", "2013-12-31": "4.90%", "2013-09-30": "4.87%", "2013-06-30": "4.67%", "2013-03-31": "5.65%", "2012-12-31": "6.14%", "2012-09-30": "6.55%", "2012-06-30": "8.65%", "2012-03-31": "8.41%", "2011-12-31": "8.77%", "2011-09-30": "9.39%", "2011-06-30": "7.37%", "2011-03-31": "6.49%", "2010-12-31": "5.63%", "2010-09-30": "4.52%", "2010-06-30": "3.41%", "2010-03-31": "3.72%", "2009-12-31": "4.36%", "2009-09-30": "7.38%", "2009-06-30": "10.21%", "2009-03-31": "12.10%", "2008-12-31": "13.78%", "2008-09-30": "14.05%", "2008-06-30": "14.11%", "2008-03-31": "14.45%", "2007-12-31": "14.53%", "2007-09-30": "14.20%", "2007-06-30": "14.43%", "2007-03-31": "26.01%", "2006-12-31": "26.80%", "2006-09-30": "27.46%", "2006-06-30": "27.54%", "2006-03-31": "13.65%", "2005-12-31": "12.23%"}, "pe ratio": {"current": "742.33", "2021-02-11": "0.00", "2020-12-31": "0.00", "2020-09-30": "0.00", "2020-06-30": "0.00", "2020-03-31": "0.00", "2019-12-31": "110.78", "2019-09-30": "50.89", "2019-06-30": "65.87", "2019-03-31": "80.46", "2018-12-31": "46.10", "2018-09-30": "386.90", "2018-06-30": "0.00", "2018-03-31": "0.00", "2017-12-31": "0.00", "2017-09-30": "0.00", "2017-06-30": "0.00", "2017-03-31": "0.00", "2016-12-31": "0.00", "2016-09-30": "0.00", "2016-06-30": "0.00", "2016-03-31": "0.00", "2015-12-31": "0.00", "2015-09-30": "0.00", "2015-06-30": "62.33", "2015-03-31": "21.06", "2014-12-31": "8.67", "2014-09-30": "13.32", "2014-06-30": "15.72", "2014-03-31": "15.10", "2013-12-31": "13.56", "2013-09-30": "12.37", "2013-06-30": "12.30", "2013-03-31": "10.25", "2012-12-31": "8.21", "2012-09-30": "8.41", "2012-06-30": "5.83", "2012-03-31": "6.28", "2011-12-31": "7.24", "2011-09-30": "6.77", "2011-06-30": "14.22", "2011-03-31": "17.51", "2010-12-31": "16.73", "2010-09-30": "16.57", "2010-06-30": "22.19", "2010-03-31": "23.82", "2009-12-31": "17.20", "2009-09-30": "9.83", "2009-06-30": "5.64", "2009-03-31": "3.50", "2008-12-31": "3.44", "2008-09-30": "6.66", "2008-06-30": "9.92", "2008-03-31": "7.99", "2007-12-31": "9.64", "2007-09-30": "11.30", "2007-06-30": "10.81", "2007-03-31": "5.00", "2006-12-31": "5.77"}, "price sales": {"2021-02-11": "0.73", "2020-12-31": "0.67", "2020-09-30": "0.38", "2020-06-30": "0.39", "2020-03-31": "0.24", "2019-12-31": "0.54", "2019-09-30": "0.46", "2019-06-30": "0.45", "2019-03-31": "0.49", "2018-12-31": "0.36", "2018-09-30": "0.58", "2018-06-30": "0.58", "2018-03-31": "0.55", "2017-12-31": "0.86", "2017-09-30": "1.67", "2017-06-30": "2.32", "2017-03-31": "2.89", "2016-12-31": "2.12", "2016-09-30": "1.64", "2016-06-30": "1.36", "2016-03-31": "1.12", "2015-12-31": "0.99", "2015-09-30": "0.73", "2015-06-30": "0.76", "2015-03-31": "0.72", "2014-12-31": "0.61", "2014-09-30": "0.73", "2014-06-30": "0.86", "2014-03-31": "0.76", "2013-12-31": "0.67", "2013-09-30": "0.60", "2013-06-30": "0.57", "2013-03-31": "0.58", "2012-12-31": "0.50", "2012-09-30": "0.55", "2012-06-30": "0.51", "2012-03-31": "0.53", "2011-12-31": "0.63", "2011-09-30": "0.62", "2011-06-30": "1.02", "2011-03-31": "1.09", "2010-12-31": "0.90", "2010-09-30": "0.74", "2010-06-30": "0.77", "2010-03-31": "0.89", "2009-12-31": "0.75", "2009-09-30": "0.73", "2009-06-30": "0.58", "2009-03-31": "0.42", "2008-12-31": "0.48", "2008-09-30": "0.94", "2008-06-30": "1.40", "2008-03-31": "1.16", "2007-12-31": "1.40", "2007-09-30": "1.62", "2007-06-30": "1.57", "2007-03-31": "1.29", "2006-12-31": "1.55"}, "price book": {"current": "1.26", "2021-02-11": "1.35", "2020-09-30": "0.78", "2020-06-30": "0.88", "2020-03-31": "0.58", "2019-12-31": "0.73", "2019-09-30": "0.65", "2019-06-30": "0.69", "2019-03-31": "0.76", "2018-12-31": "0.59", "2018-09-30": "0.93", "2018-06-30": "0.90", "2018-03-31": "0.73", "2017-12-31": "0.84", "2017-09-30": "0.93", "2017-06-30": "1.14", "2017-03-31": "1.23", "2016-12-31": "0.00", "2016-09-30": "0.98", "2016-06-30": "0.84", "2016-03-31": "0.76", "2015-12-31": "0.75", "2015-09-30": "0.79", "2015-06-30": "0.92", "2015-03-31": "0.94", "2014-12-31": "0.79", "2014-09-30": "0.93", "2014-06-30": "1.08", "2014-03-31": "0.95", "2013-12-31": "0.82", "2013-09-30": "0.73", "2013-06-30": "0.70", "2013-03-31": "0.71", "2012-12-31": "0.62", "2012-09-30": "0.69", "2012-06-30": "0.64", "2012-03-31": "0.67", "2011-12-31": "0.79", "2011-09-30": "0.75", "2011-06-30": "1.23", "2011-03-31": "1.26", "2010-12-31": "1.01", "2010-09-30": "0.78", "2010-06-30": "0.77", "2010-03-31": "1.59", "2009-12-31": "1.00", "2009-09-30": "1.06", "2009-06-30": "0.91", "2009-03-31": "0.73", "2008-12-31": "0.83", "2008-09-30": "1.55", "2008-06-30": "2.33", "2008-03-31": "1.93", "2007-12-31": "2.29", "2007-09-30": "2.65", "2007-06-30": "2.58", "2007-03-31": "2.14", "2006-12-31": "2.55", "2006-09-30": "2.35", "2006-06-30": "2.79", "2006-03-31": "2.62"}, "price fcf": {"2021-02-11": "", "2020-09-30": "$2.28", "2020-06-30": "$2.52", "2020-03-31": "$3.11", "2019-12-31": "$2.06", "2019-09-30": "$2.19", "2019-06-30": "$2.24", "2019-03-31": "$1.51", "2018-12-31": "$2.86", "2018-09-30": "$-0.02", "2018-06-30": "$-1.29", "2018-03-31": "$-2.49", "2017-12-31": "$-3.03", "2017-09-30": "$-0.99", "2017-06-30": "$-9.14", "2017-03-31": "$0.23", "2016-12-31": "$0.00", "2016-09-30": "$-2.96", "2016-06-30": "$6.91", "2016-03-31": "$-0.28", "2015-12-31": "$-0.00", "2015-09-30": "$3.69", "2015-06-30": "$4.55", "2015-03-31": "$3.77", "2014-12-31": "$3.64", "2014-09-30": "$3.20", "2014-06-30": "$3.03", "2014-03-31": "$3.39", "2013-12-31": "$3.45", "2013-09-30": "$2.58", "2013-06-30": "$1.47", "2013-03-31": "$-0.11", "2012-12-31": "$-1.56", "2012-09-30": "$-1.96", "2012-06-30": "$-2.90", "2012-03-31": "$-2.30", "2011-12-31": "$-1.47", "2011-09-30": "$-2.10", "2011-06-30": "$-1.45", "2011-03-31": "$-1.27", "2010-12-31": "$-1.08", "2010-09-30": "$-0.35", "2010-06-30": "$0.21", "2010-03-31": "$1.21", "2009-12-31": "$1.02", "2009-09-30": "$1.59", "2009-06-30": "$1.43", "2009-03-31": "$0.94", "2008-12-31": "$1.72", "2008-09-30": "$2.12", "2008-06-30": "$2.43", "2008-03-31": "$2.28", "2007-12-31": "$1.65", "2007-09-30": "$0.41", "2007-06-30": "$-0.58", "2007-03-31": "$-1.02", "2006-12-31": "$-0.59"}, "net worth": {"value": "$23.06B"}, "current ratio": {"2020-12-31": "1.61", "2020-09-30": "1.43", "2020-06-30": "1.47", "2020-03-31": "1.45", "2019-12-31": "1.52", "2019-09-30": "1.58", "2019-06-30": "1.60", "2019-03-31": "1.65", "2018-12-31": "1.66", "2018-09-30": "1.91", "2018-06-30": "1.91", "2018-03-31": "2.05", "2017-12-31": "2.00", "2017-09-30": "1.90", "2017-06-30": "3.69", "2017-03-31": "4.21", "2016-12-31": "1.50", "2016-09-30": "4.05", "2016-06-30": "4.02", "2016-03-31": "3.56", "2015-12-31": "3.34", "2015-09-30": "3.29", "2015-06-30": "3.19", "2015-03-31": "2.87", "2014-12-31": "2.60", "2014-09-30": "2.38", "2014-06-30": "2.51", "2014-03-31": "2.49", "2013-12-31": "2.47", "2013-09-30": "2.45", "2013-06-30": "2.43", "2013-03-31": "2.41", "2012-12-31": "2.53", "2012-09-30": "2.49", "2012-06-30": "2.47", "2012-03-31": "2.63", "2011-12-31": "2.80", "2011-09-30": "3.12", "2011-06-30": "3.12", "2011-03-31": "2.88", "2010-12-31": "2.77", "2010-09-30": "2.87", "2010-06-30": "2.26", "2010-03-31": "3.64", "2009-12-31": "3.86", "2009-09-30": "4.19", "2009-06-30": "4.18", "2009-03-31": "4.17", "2008-12-31": "2.85", "2008-09-30": "2.72", "2008-06-30": "2.65", "2008-03-31": "2.79", "2007-12-31": "3.37", "2007-09-30": "3.72", "2007-06-30": "4.07", "2007-03-31": "3.32", "2006-12-31": "3.06", "2006-09-30": "3.03", "2006-06-30": "3.22", "2006-03-31": "3.00", "2005-12-31": "2.82", "2005-09-30": "2.89", "2005-06-30": "2.86", "2005-03-31": "2.82"}, "quick ratio": {"2020-12-31": "1.18", "2020-09-30": "1.01", "2020-06-30": "1.03", "2020-03-31": "1.00", "2019-12-31": "1.06", "2019-09-30": "1.08", "2019-06-30": "1.09", "2019-03-31": "1.11", "2018-12-31": "1.15", "2018-09-30": "1.35", "2018-06-30": "1.36", "2018-03-31": "1.48", "2017-12-31": "1.51", "2017-09-30": "1.29", "2017-06-30": "2.89", "2017-03-31": "3.31", "2016-12-31": "0.85", "2016-09-30": "3.16", "2016-06-30": "3.17", "2016-03-31": "2.43", "2015-12-31": "2.29", "2015-09-30": "2.17", "2015-06-30": "2.06", "2015-03-31": "1.84", "2014-12-31": "1.72", "2014-09-30": "1.54", "2014-06-30": "1.63", "2014-03-31": "1.61", "2013-12-31": "1.62", "2013-09-30": "1.61", "2013-06-30": "1.57", "2013-03-31": "1.55", "2012-12-31": "1.61", "2012-09-30": "1.63", "2012-06-30": "1.57", "2012-03-31": "1.69", "2011-12-31": "1.88", "2011-09-30": "2.10", "2011-06-30": "2.08", "2011-03-31": "1.99", "2010-12-31": "1.95", "2010-09-30": "2.04", "2010-06-30": "1.53", "2010-03-31": "2.55", "2009-12-31": "2.72", "2009-09-30": "2.84", "2009-06-30": "2.80", "2009-03-31": "2.76", "2008-12-31": "2.04", "2008-09-30": "1.86", "2008-06-30": "1.82", "2008-03-31": "1.87", "2007-12-31": "2.31", "2007-09-30": "2.51", "2007-06-30": "2.68", "2007-03-31": "2.24", "2006-12-31": "2.12", "2006-09-30": "2.18", "2006-06-30": "2.43", "2006-03-31": "2.06", "2005-12-31": "1.99", "2005-09-30": "1.98", "2005-06-30": "1.91", "2005-03-31": "1.82"}, "debt equity ratio": {"current": "0.37", "2020-12-31": "1.09", "2020-09-30": "1.17", "2020-06-30": "1.14", "2020-03-31": "1.07", "2019-12-31": "0.55", "2019-09-30": "0.53", "2019-06-30": "0.52", "2019-03-31": "0.51", "2018-12-31": "0.50", "2018-09-30": "0.47", "2018-06-30": "0.47", "2018-03-31": "0.45", "2017-12-31": "0.47", "2017-09-30": "0.37", "2017-06-30": "0.51", "2017-03-31": "0.49", "2016-12-31": "0.46", "2016-09-30": "0.47", "2016-06-30": "0.46", "2016-03-31": "0.49", "2015-12-31": "0.47", "2015-09-30": "0.45", "2015-06-30": "0.46", "2015-03-31": "0.50", "2014-12-31": "0.54", "2014-09-30": "0.57", "2014-06-30": "0.55", "2014-03-31": "0.55", "2013-12-31": "0.56", "2013-09-30": "0.56", "2013-06-30": "0.55", "2013-03-31": "0.56", "2012-12-31": "0.55", "2012-09-30": "0.57", "2012-06-30": "0.56", "2012-03-31": "0.56", "2011-12-31": "0.56", "2011-09-30": "0.55", "2011-06-30": "0.55", "2011-03-31": "0.59", "2010-12-31": "0.61", "2010-09-30": "0.63", "2010-06-30": "0.57", "2010-03-31": "0.58", "2009-12-31": "0.57", "2009-09-30": "0.56", "2009-06-30": "0.56", "2009-03-31": "0.58", "2008-12-31": "0.74", "2008-09-30": "0.62", "2008-06-30": "0.64", "2008-03-31": "0.64", "2007-12-31": "0.56", "2007-09-30": "0.55", "2007-06-30": "0.54", "2007-03-31": "0.61", "2006-12-31": "0.66", "2006-09-30": "0.69", "2006-06-30": "0.66", "2006-03-31": "0.62", "2005-12-31": "0.66", "2005-09-30": "0.65", "2005-06-30": "0.67", "2005-03-31": "0.68"}, "return on equity": {"2020-12-31": "-55.90%", "2020-09-30": "-48.26%", "2020-06-30": "-39.45%", "2020-03-31": "-33.24%", "2019-12-31": "0.37%", "2019-09-30": "0.61%", "2019-06-30": "0.47%", "2019-03-31": "0.44%", "2018-12-31": "0.53%", "2018-09-30": "0.25%", "2018-06-30": "-0.14%", "2016-06-30": "-12.97%", "2016-03-31": "-7.92%", "2015-09-30": "-1.52%", "2015-06-30": "1.44%", "2015-03-31": "4.38%", "2014-12-31": "9.38%", "2014-09-30": "7.20%", "2014-06-30": "7.04%", "2014-03-31": "6.47%", "2013-12-31": "6.18%", "2013-09-30": "6.04%", "2013-06-30": "5.77%", "2013-03-31": "7.00%", "2012-12-31": "7.77%", "2012-09-30": "8.53%", "2012-06-30": "11.33%", "2012-03-31": "10.98%", "2011-12-31": "11.27%", "2011-09-30": "11.72%", "2011-06-30": "9.02%", "2011-03-31": "7.56%", "2010-12-31": "6.65%", "2010-09-30": "5.36%", "2010-06-30": "4.09%", "2010-03-31": "4.91%", "2009-12-31": "5.90%", "2009-09-30": "10.96%", "2009-06-30": "16.52%", "2009-03-31": "21.19%", "2008-12-31": "24.88%", "2008-09-30": "24.89%", "2008-06-30": "24.93%", "2008-03-31": "25.15%", "2007-12-31": "25.45%", "2007-09-30": "25.32%", "2007-06-30": "25.81%", "2007-03-31": "45.94%", "2006-12-31": "46.58%", "2006-09-30": "46.49%", "2006-06-30": "45.25%", "2006-03-31": "22.48%", "2005-12-31": "19.98%"}, "return on assets": {"2020-12-31": "-26.45%", "2020-09-30": "-25.46%", "2020-06-30": "-22.82%", "2020-03-31": "-20.64%", "2019-12-31": "0.24%", "2019-09-30": "0.40%", "2019-06-30": "0.32%", "2019-03-31": "0.29%", "2018-12-31": "0.36%", "2018-09-30": "0.17%", "2018-06-30": "-0.09%", "2016-06-30": "-8.85%", "2016-03-31": "-5.40%", "2015-09-30": "-1.02%", "2015-06-30": "0.95%", "2015-03-31": "2.85%", "2014-12-31": "6.05%", "2014-09-30": "4.63%", "2014-06-30": "4.53%", "2014-03-31": "4.16%", "2013-12-31": "3.97%", "2013-09-30": "3.89%", "2013-06-30": "3.71%", "2013-03-31": "4.49%", "2012-12-31": "4.99%", "2012-09-30": "5.46%", "2012-06-30": "7.28%", "2012-03-31": "7.07%", "2011-12-31": "7.23%", "2011-09-30": "7.46%", "2011-06-30": "5.66%", "2011-03-31": "4.72%", "2010-12-31": "4.15%", "2010-09-30": "3.37%", "2010-06-30": "2.61%", "2010-03-31": "3.13%", "2009-12-31": "3.76%", "2009-09-30": "6.81%", "2009-06-30": "10.16%", "2009-03-31": "12.87%", "2008-12-31": "14.98%", "2008-09-30": "15.40%", "2008-06-30": "15.60%", "2008-03-31": "15.99%", "2007-12-31": "16.25%", "2007-09-30": "15.94%", "2007-06-30": "15.91%", "2007-03-31": "27.75%", "2006-12-31": "28.09%", "2006-09-30": "28.03%", "2006-06-30": "27.44%", "2006-03-31": "13.63%", "2005-12-31": "12.00%"}, "return on investments": {"2020-12-31": "-65.49%", "2020-09-30": "-55.84%", "2020-06-30": "-47.59%", "2020-03-31": "-41.29%", "2019-12-31": "2.62%", "2019-09-30": "2.74%", "2019-06-30": "2.67%", "2019-03-31": "2.18%", "2018-12-31": "1.63%", "2018-09-30": "0.48%", "2018-06-30": "-0.61%", "2018-03-31": "-1.12%", "2017-12-31": "-0.96%", "2017-09-30": "5.59%", "2017-06-30": "10.44%", "2017-03-31": "6.96%", "2016-12-31": "2.72%", "2016-09-30": "-0.40%", "2016-06-30": "-1.79%", "2016-03-31": "0.37%", "2015-12-31": "-0.65%", "2015-09-30": "-0.02%", "2015-06-30": "3.43%", "2015-03-31": "6.91%", "2014-12-31": "12.87%", "2014-09-30": "10.57%", "2014-06-30": "10.23%", "2014-03-31": "9.41%", "2013-12-31": "9.03%", "2013-09-30": "8.90%", "2013-06-30": "8.58%", "2013-03-31": "9.63%", "2012-12-31": "10.58%", "2012-09-30": "11.23%", "2012-06-30": "13.01%", "2012-03-31": "13.20%", "2011-12-31": "13.59%", "2011-09-30": "14.08%", "2011-06-30": "12.31%", "2011-03-31": "10.65%", "2010-12-31": "9.48%", "2010-09-30": "7.87%", "2010-06-30": "6.66%", "2010-03-31": "7.01%", "2009-12-31": "8.21%", "2009-09-30": "14.17%", "2009-06-30": "20.40%", "2009-03-31": "26.24%", "2008-12-31": "30.48%", "2008-09-30": "30.83%", "2008-06-30": "31.28%", "2008-03-31": "31.62%", "2007-12-31": "32.43%", "2007-09-30": "32.14%", "2007-06-30": "32.16%", "2007-03-31": "32.00%", "2006-12-31": "30.85%", "2006-09-30": "29.33%", "2006-06-30": "26.73%", "2006-03-31": "24.72%", "2005-12-31": "22.52%"}, "return on tangible equity": {"2020-09-30": "-139.56%", "2020-06-30": "-130.49%", "2020-03-31": "-123.06%", "2019-12-31": "1.51%", "2019-09-30": "2.47%", "2019-06-30": "1.87%", "2019-03-31": "1.69%", "2018-12-31": "1.95%", "2018-09-30": "0.87%", "2018-06-30": "-0.45%", "2016-06-30": "-21.31%", "2016-03-31": "-13.23%", "2015-09-30": "-2.45%", "2015-06-30": "2.31%", "2015-03-31": "7.03%", "2014-12-31": "15.03%", "2014-09-30": "11.60%", "2014-06-30": "11.36%", "2014-03-31": "10.51%", "2013-12-31": "10.10%", "2013-09-30": "9.96%", "2013-06-30": "9.52%", "2013-03-31": "11.69%", "2012-12-31": "13.17%", "2012-09-30": "14.71%", "2012-06-30": "20.29%", "2012-03-31": "20.31%", "2011-12-31": "21.58%", "2011-09-30": "23.29%", "2011-06-30": "18.42%", "2011-03-31": "15.78%", "2010-12-31": "12.80%", "2010-09-30": "9.28%", "2010-06-30": "6.21%", "2010-03-31": "6.31%", "2009-12-31": "7.61%", "2009-09-30": "14.18%", "2009-06-30": "21.44%", "2009-03-31": "27.66%", "2008-12-31": "32.68%", "2008-09-30": "32.79%", "2008-06-30": "33.07%", "2008-03-31": "33.56%", "2007-12-31": "34.27%", "2007-09-30": "34.67%", "2007-06-30": "35.88%", "2007-03-31": "64.42%", "2006-12-31": "66.08%", "2006-09-30": "66.44%", "2006-06-30": "65.30%", "2006-03-31": "33.02%", "2005-12-31": "29.75%"}, "dividend yield history": {"last payout": "$0.72", "last yield": "3.23%"}}