{"ticker": "BKI", "price": {"title": "Black Knight Financial Services Historical Annual Stock Price Data", "value": 85.8, "historical": {"2020": {"Average Stock Price": "76.5792", "Year Open": "64.0300", "Year High": "95.4800", "Year Low": "52.0100", "Year Close": "88.3500", "Annual % Change": "37.02%"}, "2019": {"Average Stock Price": "57.8967", "Year Open": "44.9600", "Year High": "64.4800", "Year Low": "44.1300", "Year Close": "64.4800", "Annual % Change": "43.10%"}, "2018": {"Average Stock Price": "49.8501", "Year Open": "45.8500", "Year High": "55.8500", "Year Low": "42.9500", "Year Close": "45.0600", "Annual % Change": "2.06%"}, "2017": {"Average Stock Price": "45.1944", "Year Open": "42.0000", "Year High": "46.8500", "Year Low": "42.0000", "Year Close": "44.1500", "Annual % Change": "0.00%"}}}, "market cap": {"value": "$13.47B"}, "income statement": {"Revenue": {"2019-12-31": "1177.20000", "2018-12-31": "1114.00000", "2017-12-31": "1051.60000", "2016-12-31": "1026.00000", "2015-12-31": "930.70000", "2014-12-31": "852.10000", "2013-12-31": "15.00000"}, "Cost Of Goods Sold": {"2019-12-31": "646.00000", "2018-12-31": "625.40000", "2017-12-31": "569.50000", "2016-12-31": "582.60000", "2015-12-31": "538.20000", "2014-12-31": "514.90000", "2013-12-31": "16.90000"}, "Gross Profit": {"2019-12-31": "531.20000", "2018-12-31": "488.60000", "2017-12-31": "482.10000", "2016-12-31": "443.40000", "2015-12-31": "392.50000", "2014-12-31": "337.20000", "2013-12-31": "-1.90000"}, "Research And Development Expenses": {"2019-12-31": "", "2018-12-31": "", "2017-12-31": "", "2016-12-31": "", "2015-12-31": "", "2014-12-31": "", "2013-12-31": "0.00000"}, "SG&A Expenses": {"2019-12-31": "", "2018-12-31": "", "2017-12-31": "", "2016-12-31": "", "2015-12-31": "", "2014-12-31": "", "2013-12-31": ""}, "Other Operating Income Or Expenses": {"2019-12-31": "", "2018-12-31": "", "2017-12-31": "", "2016-12-31": "", "2015-12-31": "", "2014-12-31": "", "2013-12-31": ""}, "Operating Expenses": {"2019-12-31": "887.60000", "2018-12-31": "849.00000", "2017-12-31": "789.10000", "2016-12-31": "793.20000", "2015-12-31": "740.50000", "2014-12-31": "823.00000", "2013-12-31": "18.00000"}, "Operating Income": {"2019-12-31": "289.59990", "2018-12-31": "265.00000", "2017-12-31": "262.50000", "2016-12-31": "232.80000", "2015-12-31": "190.20000", "2014-12-31": "29.10000", "2013-12-31": "-3.00000"}, "Total Non-Operating Income/Expense": {"2019-12-31": "-64.90000", "2018-12-31": "-58.80000", "2017-12-31": "-70.10000", "2016-12-31": "-74.00000", "2015-12-31": "-94.40000", "2014-12-31": "-140.70000", "2013-12-31": ""}, "Pre-Tax Income": {"2019-12-31": "224.70000", "2018-12-31": "206.20000", "2017-12-31": "192.40000", "2016-12-31": "158.80000", "2015-12-31": "95.80000", "2014-12-31": "-111.60000", "2013-12-31": "-3.00000"}, "Income Taxes": {"2019-12-31": "41.90000", "2018-12-31": "37.70000", "2017-12-31": "-61.80000", "2016-12-31": "25.80000", "2015-12-31": "13.40000", "2014-12-31": "-5.30000", "2013-12-31": "0.00000"}, "Income After Taxes": {"2019-12-31": "182.80000", "2018-12-31": "168.50000", "2017-12-31": "254.20000", "2016-12-31": "133.00000", "2015-12-31": "82.40000", "2014-12-31": "-106.30000", "2013-12-31": "-3.00000"}, "Other Income": {"2019-12-31": "", "2018-12-31": "", "2017-12-31": "", "2016-12-31": "", "2015-12-31": "", "2014-12-31": "", "2013-12-31": "0.00000"}, "Income From Continuous Operations": {"2019-12-31": "108.80000", "2018-12-31": "168.50000", "2017-12-31": "254.20000", "2016-12-31": "133.00000", "2015-12-31": "82.40000", "2014-12-31": "-106.30000", "2013-12-31": "-3.00000"}, "Income From Discontinued Operations": {"2019-12-31": "", "2018-12-31": "", "2017-12-31": "", "2016-12-31": "", "2015-12-31": "", "2014-12-31": "-0.80000", "2013-12-31": "0.00000"}, "Net Income": {"2019-12-31": "108.80000", "2018-12-31": "168.50000", "2017-12-31": "182.30000", "2016-12-31": "45.80000", "2015-12-31": "20.00000", "2014-12-31": "", "2013-12-31": "-3.00000"}, "EBITDA": {"2019-12-31": "528.69990", "2018-12-31": "485.10000", "2017-12-31": "472.50000", "2016-12-31": "443.80000", "2015-12-31": "385.30000", "2014-12-31": "215.80000", "2013-12-31": "-1.90000"}, "EBIT": {"2019-12-31": "289.59990", "2018-12-31": "265.00000", "2017-12-31": "262.50000", "2016-12-31": "232.80000", "2015-12-31": "190.20000", "2014-12-31": "29.10000", "2013-12-31": "-3.00000"}, "Basic Shares Outstanding": {"2019-12-31": "147.70000", "2018-12-31": "147.60000", "2017-12-31": "88.70000", "2016-12-31": "65.90000", "2015-12-31": "64.40000", "2014-12-31": "", "2013-12-31": ""}, "Shares Outstanding": {"2019-12-31": "148.60000", "2018-12-31": "148.20000", "2017-12-31": "152.40000", "2016-12-31": "67.90000", "2015-12-31": "67.90000", "2014-12-31": "", "2013-12-31": ""}, "Basic EPS": {"2019-12-31": "0.74000", "2018-12-31": "1.14000", "2017-12-31": "2.06000", "2016-12-31": "0.69000", "2015-12-31": "0.31000", "2014-12-31": "", "2013-12-31": ""}, "EPS - Earnings Per Share": {"2019-12-31": "0.73000", "2018-12-31": "1.14000", "2017-12-31": "1.47000", "2016-12-31": "0.67000", "2015-12-31": "0.29000", "2014-12-31": "0.00000", "2013-12-31": "0.00000"}}, "income statement, quarterly": {"Revenue": {"2020-09-30": "312.60000", "2020-06-30": "293.10000", "2020-03-31": "290.70000", "2019-12-31": "300.09990", "2019-09-30": "299.10000", "2019-06-30": "294.90000", "2019-03-31": "283.10000", "2018-12-31": "285.40000", "2018-09-30": "281.70000", "2018-06-30": "276.60000", "2018-03-31": "270.30000", "2017-12-31": "267.50000", "2017-09-30": "263.80000", "2017-06-30": "262.20000", "2017-03-31": "258.10000", "2016-12-31": "261.50000", "2016-09-30": "267.10000", "2016-06-30": "255.50000", "2016-03-31": "241.90000", "2015-12-31": "237.80000", "2015-09-30": "233.60000", "2015-06-30": "232.10000", "2015-03-31": "227.20000", "2014-12-31": "220.30000", "2014-09-30": "215.00000", "2014-06-30": "214.30000", "2014-03-31": "202.50000", "2013-12-31": ""}, "Cost Of Goods Sold": {"2020-09-30": "167.20000", "2020-06-30": "155.50000", "2020-03-31": "162.40000", "2019-12-31": "162.70000", "2019-09-30": "163.90000", "2019-06-30": "159.40000", "2019-03-31": "160.00000", "2018-12-31": "163.20000", "2018-09-30": "157.40000", "2018-06-30": "155.40000", "2018-03-31": "149.40000", "2017-12-31": "141.30000", "2017-09-30": "140.70000", "2017-06-30": "142.00000", "2017-03-31": "145.50000", "2016-12-31": "149.20000", "2016-09-30": "152.20000", "2016-06-30": "144.40000", "2016-03-31": "136.80000", "2015-12-31": "133.30000", "2015-09-30": "131.40000", "2015-06-30": "140.30000", "2015-03-31": "133.20000", "2014-12-31": "122.40000", "2014-09-30": "124.90000", "2014-06-30": "133.80000", "2014-03-31": "133.80000", "2013-12-31": ""}, "Gross Profit": {"2020-09-30": "145.40000", "2020-06-30": "137.60000", "2020-03-31": "128.30000", "2019-12-31": "137.39990", "2019-09-30": "135.20000", "2019-06-30": "135.50000", "2019-03-31": "123.10000", "2018-12-31": "122.19990", "2018-09-30": "124.30000", "2018-06-30": "121.20000", "2018-03-31": "120.90000", "2017-12-31": "126.20000", "2017-09-30": "123.10000", "2017-06-30": "120.20000", "2017-03-31": "112.60000", "2016-12-31": "112.30010", "2016-09-30": "114.90000", "2016-06-30": "111.10000", "2016-03-31": "105.10000", "2015-12-31": "104.50000", "2015-09-30": "102.20000", "2015-06-30": "91.80000", "2015-03-31": "94.00000", "2014-12-31": "97.90000", "2014-09-30": "90.10000", "2014-06-30": "80.50000", "2014-03-31": "68.70000", "2013-12-31": ""}, "Research And Development Expenses": {"2020-09-30": "", "2020-06-30": "", "2020-03-31": "", "2019-12-31": "", "2019-09-30": "", "2019-06-30": "", "2019-03-31": "", "2018-12-31": "", "2018-09-30": "", "2018-06-30": "", "2018-03-31": "", "2017-12-31": "", "2017-09-30": "", "2017-06-30": "", "2017-03-31": "", "2016-12-31": "", "2016-09-30": "", "2016-06-30": "", "2016-03-31": "", "2015-12-31": "", "2015-09-30": "", "2015-06-30": "", "2015-03-31": "", "2014-12-31": "0.00000", "2014-09-30": "", "2014-06-30": "", "2014-03-31": "", "2013-12-31": ""}, "SG&A Expenses": {"2020-09-30": "", "2020-06-30": "", "2020-03-31": "", "2019-12-31": "", "2019-09-30": "", "2019-06-30": "", "2019-03-31": "", "2018-12-31": "", "2018-09-30": "", "2018-06-30": "", "2018-03-31": "", "2017-12-31": "", "2017-09-30": "", "2017-06-30": "", "2017-03-31": "", "2016-12-31": "", "2016-09-30": "", "2016-06-30": "", "2016-03-31": "", "2015-12-31": "", "2015-09-30": "", "2015-06-30": "", "2015-03-31": "", "2014-12-31": "8.30000", "2014-09-30": "", "2014-06-30": "", "2014-03-31": "", "2013-12-31": ""}, "Other Operating Income Or Expenses": {"2020-09-30": "", "2020-06-30": "", "2020-03-31": "", "2019-12-31": "", "2019-09-30": "", "2019-06-30": "", "2019-03-31": "", "2018-12-31": "", "2018-09-30": "", "2018-06-30": "", "2018-03-31": "", "2017-12-31": "", "2017-09-30": "", "2017-06-30": "", "2017-03-31": "", "2016-12-31": "", "2016-09-30": "", "2016-06-30": "", "2016-03-31": "", "2015-12-31": "", "2015-09-30": "", "2015-06-30": "", "2015-03-31": "", "2014-12-31": "", "2014-09-30": "", "2014-06-30": "", "2014-03-31": "", "2013-12-31": ""}, "Operating Expenses": {"2020-09-30": "253.10000", "2020-06-30": "216.60000", "2020-03-31": "222.50000", "2019-12-31": "228.00010", "2019-09-30": "223.90000", "2019-06-30": "217.90000", "2019-03-31": "217.80000", "2018-12-31": "222.00000", "2018-09-30": "214.70000", "2018-06-30": "210.20000", "2018-03-31": "202.10000", "2017-12-31": "198.20000", "2017-09-30": "196.00000", "2017-06-30": "195.40000", "2017-03-31": "199.50000", "2016-12-31": "203.40000", "2016-09-30": "210.10000", "2016-06-30": "194.70000", "2016-03-31": "185.00000", "2015-12-31": "184.80000", "2015-09-30": "180.20000", "2015-06-30": "193.80000", "2015-03-31": "181.70000", "2014-12-31": "179.00000", "2014-09-30": "179.40000", "2014-06-30": "197.90000", "2014-03-31": "266.70000", "2013-12-31": ""}, "Operating Income": {"2020-09-30": "59.50000", "2020-06-30": "76.50000", "2020-03-31": "68.20000", "2019-12-31": "72.09990", "2019-09-30": "75.20000", "2019-06-30": "77.00000", "2019-03-31": "65.30000", "2018-12-31": "63.40000", "2018-09-30": "67.00000", "2018-06-30": "66.40000", "2018-03-31": "68.20000", "2017-12-31": "69.30000", "2017-09-30": "67.80000", "2017-06-30": "66.80000", "2017-03-31": "58.60000", "2016-12-31": "58.10010", "2016-09-30": "57.00000", "2016-06-30": "60.80000", "2016-03-31": "56.90000", "2015-12-31": "53.00000", "2015-09-30": "53.40000", "2015-06-30": "38.30000", "2015-03-31": "45.50000", "2014-12-31": "41.30000", "2014-09-30": "35.60000", "2014-06-30": "16.40000", "2014-03-31": "-64.20000", "2013-12-31": ""}, "Total Non-Operating Income/Expense": {"2020-09-30": "-15.60000", "2020-06-30": "5.80000", "2020-03-31": "-15.50000", "2019-12-31": "-15.80000", "2019-09-30": "-16.60000", "2019-06-30": "-17.20000", "2019-03-31": "-15.30000", "2018-12-31": "-13.30000", "2018-09-30": "-13.20000", "2018-06-30": "-19.30000", "2018-03-31": "-13.00000", "2017-12-31": "-8.20000", "2017-09-30": "-14.70000", "2017-06-30": "-28.50000", "2017-03-31": "-18.70000", "2016-12-31": "-17.20000", "2016-09-30": "-18.30000", "2016-06-30": "-20.90000", "2016-03-31": "-17.60000", "2015-12-31": "-16.50000", "2015-09-30": "-17.00000", "2015-06-30": "-30.10000", "2015-03-31": "-30.80000", "2014-12-31": "-32.90000", "2014-09-30": "-35.60000", "2014-06-30": "-40.80000", "2014-03-31": "-31.40000", "2013-12-31": ""}, "Pre-Tax Income": {"2020-09-30": "43.90000", "2020-06-30": "82.30000", "2020-03-31": "52.70000", "2019-12-31": "56.30000", "2019-09-30": "58.60000", "2019-06-30": "59.80000", "2019-03-31": "50.00000", "2018-12-31": "50.10000", "2018-09-30": "53.80000", "2018-06-30": "47.10000", "2018-03-31": "55.20000", "2017-12-31": "61.10000", "2017-09-30": "53.10000", "2017-06-30": "38.30000", "2017-03-31": "39.90000", "2016-12-31": "40.90000", "2016-09-30": "38.70000", "2016-06-30": "39.90000", "2016-03-31": "39.30000", "2015-12-31": "36.50000", "2015-09-30": "36.40000", "2015-06-30": "8.20000", "2015-03-31": "14.70000", "2014-12-31": "8.40000", "2014-09-30": "0.00000", "2014-06-30": "-24.40000", "2014-03-31": "-95.60000", "2013-12-31": ""}, "Income Taxes": {"2020-09-30": "15.90000", "2020-06-30": "17.20000", "2020-03-31": "8.20000", "2019-12-31": "7.30000", "2019-09-30": "9.40000", "2019-06-30": "14.50000", "2019-03-31": "10.70000", "2018-12-31": "7.30000", "2018-09-30": "10.80000", "2018-06-30": "7.10000", "2018-03-31": "12.50000", "2017-12-31": "-86.10000", "2017-09-30": "9.20000", "2017-06-30": "9.10000", "2017-03-31": "6.00000", "2016-12-31": "6.60000", "2016-09-30": "6.30000", "2016-06-30": "6.70000", "2016-03-31": "6.20000", "2015-12-31": "6.40000", "2015-09-30": "6.60000", "2015-06-30": "0.30000", "2015-03-31": "0.10000", "2014-12-31": "0.20000", "2014-09-30": "0.20000", "2014-06-30": "0.20000", "2014-03-31": "-5.90000", "2013-12-31": ""}, "Income After Taxes": {"2020-09-30": "28.00000", "2020-06-30": "65.10000", "2020-03-31": "44.50000", "2019-12-31": "49.00000", "2019-09-30": "49.20000", "2019-06-30": "45.30000", "2019-03-31": "39.30000", "2018-12-31": "42.80000", "2018-09-30": "43.00000", "2018-06-30": "40.00000", "2018-03-31": "42.70000", "2017-12-31": "147.20000", "2017-09-30": "43.90000", "2017-06-30": "29.20000", "2017-03-31": "33.90000", "2016-12-31": "34.30000", "2016-09-30": "32.40000", "2016-06-30": "33.20000", "2016-03-31": "33.10000", "2015-12-31": "30.10000", "2015-09-30": "29.80000", "2015-06-30": "7.90000", "2015-03-31": "14.60000", "2014-12-31": "8.20000", "2014-09-30": "-0.20000", "2014-06-30": "-24.60000", "2014-03-31": "-89.70000", "2013-12-31": ""}, "Other Income": {"2020-09-30": "", "2020-06-30": "", "2020-03-31": "", "2019-12-31": "", "2019-09-30": "", "2019-06-30": "", "2019-03-31": "", "2018-12-31": "", "2018-09-30": "", "2018-06-30": "", "2018-03-31": "", "2017-12-31": "", "2017-09-30": "", "2017-06-30": "", "2017-03-31": "", "2016-12-31": "", "2016-09-30": "", "2016-06-30": "", "2016-03-31": "", "2015-12-31": "", "2015-09-30": "", "2015-06-30": "", "2015-03-31": "", "2014-12-31": "0.00000", "2014-09-30": "", "2014-06-30": "", "2014-03-31": "", "2013-12-31": ""}, "Income From Continuous Operations": {"2020-09-30": "114.60000", "2020-06-30": "39.10000", "2020-03-31": "50.10000", "2019-12-31": "12.90000", "2019-09-30": "37.30000", "2019-06-30": "32.60000", "2019-03-31": "26.00000", "2018-12-31": "42.80000", "2018-09-30": "43.00000", "2018-06-30": "40.00000", "2018-03-31": "42.70000", "2017-12-31": "147.20000", "2017-09-30": "43.90000", "2017-06-30": "29.20000", "2017-03-31": "33.90000", "2016-12-31": "34.30000", "2016-09-30": "32.40000", "2016-06-30": "33.20000", "2016-03-31": "33.10000", "2015-12-31": "30.10000", "2015-09-30": "29.80000", "2015-06-30": "7.90000", "2015-03-31": "14.60000", "2014-12-31": "8.20000", "2014-09-30": "-0.20000", "2014-06-30": "-24.60000", "2014-03-31": "-89.70000", "2013-12-31": ""}, "Income From Discontinued Operations": {"2020-09-30": "", "2020-06-30": "", "2020-03-31": "", "2019-12-31": "", "2019-09-30": "", "2019-06-30": "", "2019-03-31": "", "2018-12-31": "", "2018-09-30": "", "2018-06-30": "", "2018-03-31": "", "2017-12-31": "", "2017-09-30": "", "2017-06-30": "", "2017-03-31": "", "2016-12-31": "", "2016-09-30": "", "2016-06-30": "", "2016-03-31": "", "2015-12-31": "", "2015-09-30": "0.20000", "2015-06-30": "-0.10000", "2015-03-31": "-0.10000", "2014-12-31": "0.00000", "2014-09-30": "-0.80000", "2014-06-30": "0.20000", "2014-03-31": "-0.20000", "2013-12-31": ""}, "Net Income": {"2020-09-30": "127.80000", "2020-06-30": "39.10000", "2020-03-31": "50.10000", "2019-12-31": "12.90000", "2019-09-30": "37.30000", "2019-06-30": "32.60000", "2019-03-31": "26.00000", "2018-12-31": "42.80000", "2018-09-30": "43.00000", "2018-06-30": "40.00000", "2018-03-31": "42.70000", "2017-12-31": "147.20000", "2017-09-30": "14.70000", "2017-06-30": "8.20000", "2017-03-31": "12.20000", "2016-12-31": "11.80000", "2016-09-30": "11.20000", "2016-06-30": "11.40000", "2016-03-31": "11.40000", "2015-12-31": "9.80000", "2015-09-30": "9.90000", "2015-06-30": "0.30000", "2015-03-31": "", "2014-12-31": "89.89000", "2014-09-30": "", "2014-06-30": "0.00000", "2014-03-31": "-89.90000", "2013-12-31": ""}, "EBITDA": {"2020-09-30": "124.50000", "2020-06-30": "135.80000", "2020-03-31": "126.60000", "2019-12-31": "135.09980", "2019-09-30": "135.50000", "2019-06-30": "135.20000", "2019-03-31": "122.90000", "2018-12-31": "122.20000", "2018-09-30": "121.70000", "2018-06-30": "120.70000", "2018-03-31": "120.50000", "2017-12-31": "122.60000", "2017-09-30": "120.40000", "2017-06-30": "117.40000", "2017-03-31": "112.10000", "2016-12-31": "112.90010", "2016-09-30": "114.40000", "2016-06-30": "110.70000", "2016-03-31": "105.80000", "2015-12-31": "104.60000", "2015-09-30": "102.60000", "2015-06-30": "87.20000", "2015-03-31": "90.90000", "2014-12-31": "89.10000", "2014-09-30": "81.50000", "2014-06-30": "63.10000", "2014-03-31": "-17.90000", "2013-12-31": ""}, "EBIT": {"2020-09-30": "59.50000", "2020-06-30": "76.50000", "2020-03-31": "68.20000", "2019-12-31": "72.09990", "2019-09-30": "75.20000", "2019-06-30": "77.00000", "2019-03-31": "65.30000", "2018-12-31": "63.40000", "2018-09-30": "67.00000", "2018-06-30": "66.40000", "2018-03-31": "68.20000", "2017-12-31": "69.30000", "2017-09-30": "67.80000", "2017-06-30": "66.80000", "2017-03-31": "58.60000", "2016-12-31": "58.10010", "2016-09-30": "57.00000", "2016-06-30": "60.80000", "2016-03-31": "56.90000", "2015-12-31": "53.00000", "2015-09-30": "53.40000", "2015-06-30": "38.30000", "2015-03-31": "45.50000", "2014-12-31": "41.30000", "2014-09-30": "35.60000", "2014-06-30": "16.40000", "2014-03-31": "-64.20000", "2013-12-31": ""}, "Basic Shares Outstanding": {"2020-09-30": "155.40000", "2020-06-30": "149.20000", "2020-03-31": "148.00000", "2019-12-31": "147.70000", "2019-09-30": "147.70000", "2019-06-30": "147.70000", "2019-03-31": "147.50000", "2018-12-31": "147.60000", "2018-09-30": "147.20000", "2018-06-30": "147.10000", "2018-03-31": "148.80000", "2017-12-31": "88.70000", "2017-09-30": "67.90000", "2017-06-30": "67.70000", "2017-03-31": "67.60000", "2016-12-31": "65.90000", "2016-09-30": "65.90000", "2016-06-30": "65.90000", "2016-03-31": "65.80000", "2015-12-31": "64.40000", "2015-09-30": "64.40000", "2015-06-30": "64.40000", "2015-03-31": "", "2014-12-31": "", "2014-09-30": "", "2014-06-30": "", "2014-03-31": "", "2013-12-31": ""}, "Shares Outstanding": {"2020-09-30": "156.30000", "2020-06-30": "150.00000", "2020-03-31": "148.70000", "2019-12-31": "148.60000", "2019-09-30": "148.50000", "2019-06-30": "148.50000", "2019-03-31": "148.20000", "2018-12-31": "148.20000", "2018-09-30": "147.80000", "2018-06-30": "147.70000", "2018-03-31": "149.20000", "2017-12-31": "152.40000", "2017-09-30": "68.50000", "2017-06-30": "153.00000", "2017-03-31": "152.90000", "2016-12-31": "67.90000", "2016-09-30": "67.90000", "2016-06-30": "152.70000", "2016-03-31": "152.60000", "2015-12-31": "67.90000", "2015-09-30": "67.70000", "2015-06-30": "152.50000", "2015-03-31": "", "2014-12-31": "", "2014-09-30": "", "2014-06-30": "", "2014-03-31": "", "2013-12-31": ""}, "Basic EPS": {"2020-09-30": "0.82000", "2020-06-30": "0.26000", "2020-03-31": "0.34000", "2019-12-31": "0.09000", "2019-09-30": "0.25000", "2019-06-30": "0.22000", "2019-03-31": "0.18000", "2018-12-31": "0.29000", "2018-09-30": "0.29000", "2018-06-30": "0.27000", "2018-03-31": "0.29000", "2017-12-31": "1.54000", "2017-09-30": "0.22000", "2017-06-30": "0.12000", "2017-03-31": "0.18000", "2016-12-31": "0.18000", "2016-09-30": "0.17000", "2016-06-30": "0.17000", "2016-03-31": "0.17000", "2015-12-31": "0.15000", "2015-09-30": "0.15000", "2015-06-30": "0.01000", "2015-03-31": "", "2014-12-31": "", "2014-09-30": "", "2014-06-30": "", "2014-03-31": "", "2013-12-31": ""}, "EPS - Earnings Per Share": {"2020-09-30": "0.82000", "2020-06-30": "0.26000", "2020-03-31": "0.34000", "2019-12-31": "0.08000", "2019-09-30": "0.25000", "2019-06-30": "0.22000", "2019-03-31": "0.18000", "2018-12-31": "0.29000", "2018-09-30": "0.29000", "2018-06-30": "0.27000", "2018-03-31": "0.29000", "2017-12-31": "0.97000", "2017-09-30": "0.21000", "2017-06-30": "0.11000", "2017-03-31": "0.18000", "2016-12-31": "0.17000", "2016-09-30": "0.16000", "2016-06-30": "0.17000", "2016-03-31": "0.17000", "2015-12-31": "0.13800", "2015-09-30": "0.15000", "2015-06-30": "0.00200", "2015-03-31": "0.00000", "2014-12-31": "0.00000", "2014-09-30": "0.00000", "2014-06-30": "0.00000", "2014-03-31": "0.00000", "2013-12-31": "0.00000"}}, "balance sheet": {"Cash On Hand": {"2019-12-31": "15.40000", "2018-12-31": "20.30000", "2017-12-31": "16.20000", "2016-12-31": "133.90000", "2015-12-31": "186.00000", "2014-12-31": "61.90000", "2013-12-31": "7.40000"}, "Receivables": {"2019-12-31": "175.30000", "2018-12-31": "178.50000", "2017-12-31": "219.90000", "2016-12-31": "159.90000", "2015-12-31": "146.30000", "2014-12-31": "140.20000", "2013-12-31": "7.40000"}, "Inventory": {"2019-12-31": "", "2018-12-31": "", "2017-12-31": "", "2016-12-31": "", "2015-12-31": "", "2014-12-31": "", "2013-12-31": ""}, "Pre-Paid Expenses": {"2019-12-31": "64.80000", "2018-12-31": "67.30000", "2017-12-31": "44.60000", "2016-12-31": "45.40000", "2015-12-31": "28.20000", "2014-12-31": "28.60000", "2013-12-31": "2.40000"}, "Other Current Assets": {"2019-12-31": "", "2018-12-31": "", "2017-12-31": "", "2016-12-31": "", "2015-12-31": "", "2014-12-31": "", "2013-12-31": ""}, "Total Current Assets": {"2019-12-31": "255.50000", "2018-12-31": "266.10000", "2017-12-31": "280.70000", "2016-12-31": "339.20000", "2015-12-31": "360.50000", "2014-12-31": "230.70000", "2013-12-31": "17.20000"}, "Property, Plant, And Equipment": {"2019-12-31": "176.90000", "2018-12-31": "177.10000", "2017-12-31": "179.90000", "2016-12-31": "173.00000", "2015-12-31": "152.00000", "2014-12-31": "142.40000", "2013-12-31": "0.50000"}, "Long-Term Investments": {"2019-12-31": "294.90000", "2018-12-31": "3.80000", "2017-12-31": "", "2016-12-31": "", "2015-12-31": "", "2014-12-31": "", "2013-12-31": ""}, "Goodwill And Intangible Assets": {"2019-12-31": "2511.40000", "2018-12-31": "2517.70000", "2017-12-31": "2538.40000", "2016-12-31": "2603.30000", "2015-12-31": "2550.30000", "2014-12-31": "2640.50000", "2013-12-31": "53.80000"}, "Other Long-Term Assets": {"2019-12-31": "158.80000", "2018-12-31": "121.80000", "2017-12-31": "240.10000", "2016-12-31": "196.50000", "2015-12-31": "174.40000", "2014-12-31": "96.70000", "2013-12-31": "0.60000"}, "Total Long-Term Assets": {"2019-12-31": "3707.30000", "2018-12-31": "3387.30000", "2017-12-31": "3375.20000", "2016-12-31": "3422.80000", "2015-12-31": "3343.20000", "2014-12-31": "3367.60000", "2013-12-31": "70.90000"}, "Total Assets": {"2019-12-31": "3962.80000", "2018-12-31": "3653.40000", "2017-12-31": "3655.90000", "2016-12-31": "3762.00000", "2015-12-31": "3703.70000", "2014-12-31": "3598.30000", "2013-12-31": "88.10000"}, "Total Current Liabilities": {"2019-12-31": "260.80000", "2018-12-31": "239.00000", "2017-12-31": "231.60000", "2016-12-31": "227.10000", "2015-12-31": "178.20000", "2014-12-31": "202.80000", "2013-12-31": "20.20000"}, "Long Term Debt": {"2019-12-31": "1465.10000", "2018-12-31": "1284.20000", "2017-12-31": "1379.00000", "2016-12-31": "1506.80000", "2015-12-31": "1618.00000", "2014-12-31": "2070.70000", "2013-12-31": ""}, "Other Non-Current Liabilities": {"2019-12-31": "55.10000", "2018-12-31": "16.00000", "2017-12-31": "11.20000", "2016-12-31": "3.50000", "2015-12-31": "1.60000", "2014-12-31": "1.20000", "2013-12-31": ""}, "Total Long Term Liabilities": {"2019-12-31": "1803.50000", "2018-12-31": "1627.90000", "2017-12-31": "1715.50000", "2016-12-31": "1595.50000", "2015-12-31": "1680.50000", "2014-12-31": "2478.50000", "2013-12-31": "0.10000"}, "Total Liabilities": {"2019-12-31": "2064.30000", "2018-12-31": "1866.90000", "2017-12-31": "1947.10000", "2016-12-31": "1822.60000", "2015-12-31": "1858.70000", "2014-12-31": "2681.30000", "2013-12-31": "20.30000"}, "Common Stock Net": {"2019-12-31": "", "2018-12-31": "", "2017-12-31": "", "2016-12-31": "", "2015-12-31": "", "2014-12-31": "1063.80000", "2013-12-31": "118.40000"}, "Retained Earnings (Accumulated Deficit)": {"2019-12-31": "490.60000", "2018-12-31": "381.10000", "2017-12-31": "201.40000", "2016-12-31": "65.70000", "2015-12-31": "19.90000", "2014-12-31": "-146.70000", "2013-12-31": "-50.60000"}, "Comprehensive Income": {"2019-12-31": "-20.20000", "2018-12-31": "0.30000", "2017-12-31": "3.90000", "2016-12-31": "-0.80000", "2015-12-31": "-0.10000", "2014-12-31": "-0.10000", "2013-12-31": ""}, "Other Share Holders Equity": {"2019-12-31": "", "2018-12-31": "", "2017-12-31": "", "2016-12-31": "", "2015-12-31": "", "2014-12-31": "", "2013-12-31": ""}, "Share Holder Equity": {"2019-12-31": "1898.50000", "2018-12-31": "1786.50000", "2017-12-31": "1708.80000", "2016-12-31": "1939.40000", "2015-12-31": "1845.00000", "2014-12-31": "917.00000", "2013-12-31": "67.80000"}, "Total Liabilities And Share Holders Equity": {"2019-12-31": "3962.80000", "2018-12-31": "3653.40000", "2017-12-31": "3655.90000", "2016-12-31": "3762.00000", "2015-12-31": "3703.70000", "2014-12-31": "3598.30000", "2013-12-31": "88.10000"}}, "balance sheet, quarterly": {"Cash On Hand": {"2020-09-30": "31.20000", "2020-06-30": "228.20000", "2020-03-31": "66.50000", "2019-12-31": "15.40000", "2019-09-30": "9.80000", "2019-06-30": "9.30000", "2019-03-31": "12.00000", "2018-12-31": "20.30000", "2018-09-30": "16.90000", "2018-06-30": "11.40000", "2018-03-31": "9.90000", "2017-12-31": "16.20000", "2017-09-30": "146.20000", "2017-06-30": "99.30000", "2017-03-31": "107.50000", "2016-12-31": "133.90000", "2016-09-30": "58.90000", "2016-06-30": "28.20000", "2016-03-31": "118.30000", "2015-12-31": "186.00000", "2015-09-30": "129.00000", "2015-06-30": "69.60000", "2015-03-31": "39.60000", "2014-12-31": "61.90000", "2014-09-30": "", "2014-06-30": "", "2014-03-31": "", "2013-12-31": "7.40000"}, "Receivables": {"2020-09-30": "192.80000", "2020-06-30": "173.00000", "2020-03-31": "181.20000", "2019-12-31": "175.30000", "2019-09-30": "186.80000", "2019-06-30": "181.00000", "2019-03-31": "176.80000", "2018-12-31": "178.50000", "2018-09-30": "182.20000", "2018-06-30": "177.50000", "2018-03-31": "186.70000", "2017-12-31": "219.90000", "2017-09-30": "187.70000", "2017-06-30": "174.60000", "2017-03-31": "161.60000", "2016-12-31": "159.90000", "2016-09-30": "172.90000", "2016-06-30": "154.10000", "2016-03-31": "148.10000", "2015-12-31": "146.30000", "2015-09-30": "174.50000", "2015-06-30": "165.40000", "2015-03-31": "161.30000", "2014-12-31": "140.20000", "2014-09-30": "", "2014-06-30": "", "2014-03-31": "", "2013-12-31": "7.40000"}, "Inventory": {"2020-09-30": "", "2020-06-30": "", "2020-03-31": "", "2019-12-31": "", "2019-09-30": "", "2019-06-30": "", "2019-03-31": "", "2018-12-31": "", "2018-09-30": "", "2018-06-30": "", "2018-03-31": "", "2017-12-31": "", "2017-09-30": "", "2017-06-30": "", "2017-03-31": "", "2016-12-31": "", "2016-09-30": "", "2016-06-30": "", "2016-03-31": "", "2015-12-31": "", "2015-09-30": "", "2015-06-30": "", "2015-03-31": "", "2014-12-31": "", "2014-09-30": "", "2014-06-30": "", "2014-03-31": "", "2013-12-31": ""}, "Pre-Paid Expenses": {"2020-09-30": "81.20000", "2020-06-30": "79.50000", "2020-03-31": "73.20000", "2019-12-31": "64.80000", "2019-09-30": "75.10000", "2019-06-30": "81.10000", "2019-03-31": "73.20000", "2018-12-31": "67.30000", "2018-09-30": "61.20000", "2018-06-30": "67.40000", "2018-03-31": "55.40000", "2017-12-31": "44.60000", "2017-09-30": "42.50000", "2017-06-30": "58.70000", "2017-03-31": "53.20000", "2016-12-31": "45.40000", "2016-09-30": "36.70000", "2016-06-30": "42.00000", "2016-03-31": "37.90000", "2015-12-31": "28.20000", "2015-09-30": "37.30000", "2015-06-30": "36.30000", "2015-03-31": "36.30000", "2014-12-31": "28.60000", "2014-09-30": "", "2014-06-30": "", "2014-03-31": "", "2013-12-31": ""}, "Other Current Assets": {"2020-09-30": "", "2020-06-30": "", "2020-03-31": "", "2019-12-31": "", "2019-09-30": "", "2019-06-30": "", "2019-03-31": "", "2018-12-31": "", "2018-09-30": "", "2018-06-30": "", "2018-03-31": "", "2017-12-31": "", "2017-09-30": "", "2017-06-30": "", "2017-03-31": "", "2016-12-31": "", "2016-09-30": "", "2016-06-30": "", "2016-03-31": "", "2015-12-31": "", "2015-09-30": "", "2015-06-30": "", "2015-03-31": "", "2014-12-31": "", "2014-09-30": "", "2014-06-30": "", "2014-03-31": "", "2013-12-31": "2.40000"}, "Total Current Assets": {"2020-09-30": "305.20000", "2020-06-30": "480.70000", "2020-03-31": "320.90000", "2019-12-31": "255.50000", "2019-09-30": "271.70000", "2019-06-30": "271.40000", "2019-03-31": "262.00000", "2018-12-31": "266.10000", "2018-09-30": "260.30000", "2018-06-30": "256.30000", "2018-03-31": "252.00000", "2017-12-31": "280.70000", "2017-09-30": "376.40000", "2017-06-30": "332.60000", "2017-03-31": "322.30000", "2016-12-31": "339.20000", "2016-09-30": "268.50000", "2016-06-30": "224.30000", "2016-03-31": "304.30000", "2015-12-31": "360.50000", "2015-09-30": "348.20000", "2015-06-30": "288.50000", "2015-03-31": "237.20000", "2014-12-31": "230.70000", "2014-09-30": "", "2014-06-30": "", "2014-03-31": "", "2013-12-31": "17.20000"}, "Property, Plant, And Equipment": {"2020-09-30": "168.90000", "2020-06-30": "169.50000", "2020-03-31": "170.50000", "2019-12-31": "176.90000", "2019-09-30": "161.80000", "2019-06-30": "164.10000", "2019-03-31": "172.10000", "2018-12-31": "177.10000", "2018-09-30": "176.10000", "2018-06-30": "179.10000", "2018-03-31": "182.60000", "2017-12-31": "179.90000", "2017-09-30": "165.00000", "2017-06-30": "170.70000", "2017-03-31": "177.80000", "2016-12-31": "173.00000", "2016-09-30": "164.20000", "2016-06-30": "166.40000", "2016-03-31": "151.90000", "2015-12-31": "152.00000", "2015-09-30": "148.60000", "2015-06-30": "147.70000", "2015-03-31": "140.30000", "2014-12-31": "142.40000", "2014-09-30": "", "2014-06-30": "", "2014-03-31": "", "2013-12-31": "2.60000"}, "Long-Term Investments": {"2020-09-30": "481.60000", "2020-06-30": "259.90000", "2020-03-31": "302.70000", "2019-12-31": "294.90000", "2019-09-30": "338.80000", "2019-06-30": "360.40000", "2019-03-31": "378.70000", "2018-12-31": "3.80000", "2018-09-30": "", "2018-06-30": "", "2018-03-31": "", "2017-12-31": "", "2017-09-30": "", "2017-06-30": "", "2017-03-31": "", "2016-12-31": "", "2016-09-30": "", "2016-06-30": "", "2016-03-31": "", "2015-12-31": "", "2015-09-30": "", "2015-06-30": "", "2015-03-31": "", "2014-12-31": "", "2014-09-30": "", "2014-06-30": "", "2014-03-31": "", "2013-12-31": ""}, "Goodwill And Intangible Assets": {"2020-09-30": "4351.40000", "2020-06-30": "2527.30000", "2020-03-31": "2541.80000", "2019-12-31": "2511.40000", "2019-09-30": "2527.00000", "2019-06-30": "2488.60000", "2019-03-31": "2503.20000", "2018-12-31": "2517.70000", "2018-09-30": "2500.00000", "2018-06-30": "2514.30000", "2018-03-31": "2524.20000", "2017-12-31": "2538.40000", "2017-09-30": "2555.30000", "2017-06-30": "2572.10000", "2017-03-31": "2589.20000", "2016-12-31": "2603.30000", "2016-09-30": "2627.30000", "2016-06-30": "2646.90000", "2016-03-31": "2536.20000", "2015-12-31": "2550.30000", "2015-09-30": "2576.00000", "2015-06-30": "2597.80000", "2015-03-31": "2619.70000", "2014-12-31": "2640.50000", "2014-09-30": "0.00000", "2014-06-30": "0.00000", "2014-03-31": "0.00000", "2013-12-31": "53.80000"}, "Other Long-Term Assets": {"2020-09-30": "174.40000", "2020-06-30": "162.80000", "2020-03-31": "151.40000", "2019-12-31": "158.80000", "2019-09-30": "145.30000", "2019-06-30": "139.90000", "2019-03-31": "140.20000", "2018-12-31": "121.80000", "2018-09-30": "299.80000", "2018-06-30": "296.90000", "2018-03-31": "265.00000", "2017-12-31": "240.10000", "2017-09-30": "231.20000", "2017-06-30": "211.10000", "2017-03-31": "203.20000", "2016-12-31": "196.50000", "2016-09-30": "193.10000", "2016-06-30": "194.30000", "2016-03-31": "183.10000", "2015-12-31": "174.40000", "2015-09-30": "142.20000", "2015-06-30": "128.70000", "2015-03-31": "115.40000", "2014-12-31": "96.70000", "2014-09-30": "", "2014-06-30": "", "2014-03-31": "", "2013-12-31": "0.60000"}, "Total Long-Term Assets": {"2020-09-30": "5849.10000", "2020-06-30": "3711.50000", "2020-03-31": "3759.90000", "2019-12-31": "3707.30000", "2019-09-30": "3731.80000", "2019-06-30": "3713.90000", "2019-03-31": "3754.40000", "2018-12-31": "3387.30000", "2018-09-30": "3382.90000", "2018-06-30": "3404.50000", "2018-03-31": "3382.90000", "2017-12-31": "3375.20000", "2017-09-30": "3373.60000", "2017-06-30": "3386.60000", "2017-03-31": "3409.60000", "2016-12-31": "3422.80000", "2016-09-30": "3445.00000", "2016-06-30": "3479.50000", "2016-03-31": "3329.20000", "2015-12-31": "3343.20000", "2015-09-30": "3341.00000", "2015-06-30": "3354.60000", "2015-03-31": "3359.30000", "2014-12-31": "3367.60000", "2014-09-30": "", "2014-06-30": "", "2014-03-31": "", "2013-12-31": "57.00000"}, "Total Assets": {"2020-09-30": "6154.30000", "2020-06-30": "4192.20000", "2020-03-31": "4080.80000", "2019-12-31": "3962.80000", "2019-09-30": "4003.50000", "2019-06-30": "3985.30000", "2019-03-31": "4016.40000", "2018-12-31": "3653.40000", "2018-09-30": "3643.20000", "2018-06-30": "3660.80000", "2018-03-31": "3634.90000", "2017-12-31": "3655.90000", "2017-09-30": "3750.00000", "2017-06-30": "3719.20000", "2017-03-31": "3731.90000", "2016-12-31": "3762.00000", "2016-09-30": "3713.50000", "2016-06-30": "3703.80000", "2016-03-31": "3633.50000", "2015-12-31": "3703.70000", "2015-09-30": "3689.20000", "2015-06-30": "3643.10000", "2015-03-31": "3596.50000", "2014-12-31": "3598.30000", "2014-09-30": "0.00000", "2014-06-30": "0.00000", "2014-03-31": "0.00000", "2013-12-31": "88.10000"}, "Total Current Liabilities": {"2020-09-30": "267.20000", "2020-06-30": "262.20000", "2020-03-31": "241.70000", "2019-12-31": "260.80000", "2019-09-30": "201.30000", "2019-06-30": "208.70000", "2019-03-31": "211.80000", "2018-12-31": "239.00000", "2018-09-30": "191.90000", "2018-06-30": "195.10000", "2018-03-31": "198.10000", "2017-12-31": "231.60000", "2017-09-30": "200.60000", "2017-06-30": "187.10000", "2017-03-31": "215.10000", "2016-12-31": "227.10000", "2016-09-30": "204.00000", "2016-06-30": "185.40000", "2016-03-31": "176.30000", "2015-12-31": "178.20000", "2015-09-30": "184.40000", "2015-06-30": "154.30000", "2015-03-31": "198.10000", "2014-12-31": "202.80000", "2014-09-30": "", "2014-06-30": "", "2014-03-31": "", "2013-12-31": "20.20000"}, "Long Term Debt": {"2020-09-30": "2226.70000", "2020-06-30": "1115.80000", "2020-03-31": "1551.50000", "2019-12-31": "1465.10000", "2019-09-30": "1570.50000", "2019-06-30": "1572.60000", "2019-03-31": "1615.80000", "2018-12-31": "1284.20000", "2018-09-30": "1351.00000", "2018-06-30": "1422.80000", "2018-03-31": "1447.50000", "2017-12-31": "1379.00000", "2017-09-30": "1486.90000", "2017-06-30": "1499.70000", "2017-03-31": "1486.90000", "2016-12-31": "1506.80000", "2016-09-30": "1527.10000", "2016-06-30": "1577.30000", "2016-03-31": "1557.70000", "2015-12-31": "1618.00000", "2015-09-30": "1628.30000", "2015-06-30": "1639.00000", "2015-03-31": "2046.00000", "2014-12-31": "2070.70000", "2014-09-30": "", "2014-06-30": "", "2014-03-31": "", "2013-12-31": ""}, "Other Non-Current Liabilities": {"2020-09-30": "92.70000", "2020-06-30": "88.00000", "2020-03-31": "80.90000", "2019-12-31": "55.10000", "2019-09-30": "63.30000", "2019-06-30": "50.50000", "2019-03-31": "38.30000", "2018-12-31": "16.00000", "2018-09-30": "12.80000", "2018-06-30": "12.20000", "2018-03-31": "11.70000", "2017-12-31": "11.20000", "2017-09-30": "12.50000", "2017-06-30": "2.90000", "2017-03-31": "5.60000", "2016-12-31": "3.50000", "2016-09-30": "3.60000", "2016-06-30": "5.70000", "2016-03-31": "3.70000", "2015-12-31": "1.60000", "2015-09-30": "1.30000", "2015-06-30": "1.20000", "2015-03-31": "1.00000", "2014-12-31": "1.20000", "2014-09-30": "", "2014-06-30": "", "2014-03-31": "", "2013-12-31": ""}, "Total Long Term Liabilities": {"2020-09-30": "3304.80000", "2020-06-30": "1476.80000", "2020-03-31": "1919.50000", "2019-12-31": "1803.50000", "2019-09-30": "1934.40000", "2019-06-30": "1936.80000", "2019-03-31": "1983.30000", "2018-12-31": "1627.90000", "2018-09-30": "1711.70000", "2018-06-30": "1784.50000", "2018-03-31": "1810.20000", "2017-12-31": "1715.50000", "2017-09-30": "1899.30000", "2017-06-30": "1606.20000", "2017-03-31": "1582.30000", "2016-12-31": "1595.50000", "2016-09-30": "1606.90000", "2016-06-30": "1652.80000", "2016-03-31": "1626.30000", "2015-12-31": "1680.50000", "2015-09-30": "1690.60000", "2015-06-30": "1705.00000", "2015-03-31": "2473.80000", "2014-12-31": "2478.50000", "2014-09-30": "", "2014-06-30": "", "2014-03-31": "", "2013-12-31": "0.10000"}, "Total Liabilities": {"2020-09-30": "3572.00000", "2020-06-30": "1739.00000", "2020-03-31": "2161.20000", "2019-12-31": "2064.30000", "2019-09-30": "2135.70000", "2019-06-30": "2145.50000", "2019-03-31": "2195.10000", "2018-12-31": "1866.90000", "2018-09-30": "1903.60000", "2018-06-30": "1979.60000", "2018-03-31": "2008.30000", "2017-12-31": "1947.10000", "2017-09-30": "2099.90000", "2017-06-30": "1793.30000", "2017-03-31": "1797.40000", "2016-12-31": "1822.60000", "2016-09-30": "1810.90000", "2016-06-30": "1838.20000", "2016-03-31": "1802.60000", "2015-12-31": "1858.70000", "2015-09-30": "1875.00000", "2015-06-30": "1859.30000", "2015-03-31": "2671.90000", "2014-12-31": "2681.30000", "2014-09-30": "0.00000", "2014-06-30": "0.00000", "2014-03-31": "0.00000", "2013-12-31": "20.30000"}, "Common Stock Net": {"2020-09-30": "", "2020-06-30": "", "2020-03-31": "", "2019-12-31": "", "2019-09-30": "", "2019-06-30": "", "2019-03-31": "", "2018-12-31": "", "2018-09-30": "", "2018-06-30": "", "2018-03-31": "", "2017-12-31": "", "2017-09-30": "", "2017-06-30": "", "2017-03-31": "", "2016-12-31": "", "2016-09-30": "", "2016-06-30": "", "2016-03-31": "", "2015-12-31": "", "2015-09-30": "0.00000", "2015-06-30": "", "2015-03-31": "1057.00000", "2014-12-31": "1063.80000", "2014-09-30": "0.00000", "2014-06-30": "0.00000", "2014-03-31": "0.00000", "2013-12-31": "118.40000"}, "Retained Earnings (Accumulated Deficit)": {"2020-09-30": "709.70000", "2020-06-30": "582.30000", "2020-03-31": "540.00000", "2019-12-31": "490.60000", "2019-09-30": "477.10000", "2019-06-30": "451.30000", "2019-03-31": "419.40000", "2018-12-31": "381.10000", "2018-09-30": "338.30000", "2018-06-30": "295.30000", "2018-03-31": "255.30000", "2017-12-31": "201.40000", "2017-09-30": "54.20000", "2017-06-30": "86.10000", "2017-03-31": "77.90000", "2016-12-31": "65.70000", "2016-09-30": "54.00000", "2016-06-30": "42.80000", "2016-03-31": "31.30000", "2015-12-31": "19.90000", "2015-09-30": "10.20000", "2015-06-30": "0.30000", "2015-03-31": "-132.20000", "2014-12-31": "-146.70000", "2014-09-30": "", "2014-06-30": "", "2014-03-31": "", "2013-12-31": "-50.60000"}, "Comprehensive Income": {"2020-09-30": "-33.10000", "2020-06-30": "-41.90000", "2020-03-31": "-41.00000", "2019-12-31": "-20.20000", "2019-09-30": "-26.40000", "2019-06-30": "-17.90000", "2019-03-31": "-5.60000", "2018-12-31": "0.30000", "2018-09-30": "13.70000", "2018-06-30": "10.90000", "2018-03-31": "8.30000", "2017-12-31": "3.90000", "2017-09-30": "1.00000", "2017-06-30": "0.10000", "2017-03-31": "-1.40000", "2016-12-31": "-0.80000", "2016-09-30": "-0.70000", "2016-06-30": "-1.20000", "2016-03-31": "-1.80000", "2015-12-31": "-0.10000", "2015-09-30": "-0.10000", "2015-06-30": "", "2015-03-31": "-0.20000", "2014-12-31": "-0.10000", "2014-09-30": "", "2014-06-30": "", "2014-03-31": "", "2013-12-31": ""}, "Other Share Holders Equity": {"2020-09-30": "", "2020-06-30": "", "2020-03-31": "", "2019-12-31": "", "2019-09-30": "", "2019-06-30": "", "2019-03-31": "", "2018-12-31": "", "2018-09-30": "", "2018-06-30": "", "2018-03-31": "", "2017-12-31": "", "2017-09-30": "", "2017-06-30": "", "2017-03-31": "", "2016-12-31": "", "2016-09-30": "", "2016-06-30": "", "2016-03-31": "", "2015-12-31": "", "2015-09-30": "", "2015-06-30": "", "2015-03-31": "", "2014-12-31": "", "2014-09-30": "0.00000", "2014-06-30": "0.00000", "2014-03-31": "0.00000", "2013-12-31": "0.00000"}, "Share Holder Equity": {"2020-09-30": "2582.30000", "2020-06-30": "2453.20000", "2020-03-31": "1919.60000", "2019-12-31": "1898.50000", "2019-09-30": "1867.80000", "2019-06-30": "1839.80000", "2019-03-31": "1821.30000", "2018-12-31": "1786.50000", "2018-09-30": "1739.60000", "2018-06-30": "1681.20000", "2018-03-31": "1626.60000", "2017-12-31": "1708.80000", "2017-09-30": "1650.10000", "2017-06-30": "1925.90000", "2017-03-31": "1934.50000", "2016-12-31": "1939.40000", "2016-09-30": "1902.60000", "2016-06-30": "1865.60000", "2016-03-31": "1830.90000", "2015-12-31": "1845.00000", "2015-09-30": "1814.20000", "2015-06-30": "1783.80000", "2015-03-31": "924.60000", "2014-12-31": "917.00000", "2014-09-30": "0.00000", "2014-06-30": "0.00000", "2014-03-31": "0.00000", "2013-12-31": "67.80000"}, "Total Liabilities And Share Holders Equity": {"2020-09-30": "6154.30000", "2020-06-30": "4192.20000", "2020-03-31": "4080.80000", "2019-12-31": "3962.80000", "2019-09-30": "4003.50000", "2019-06-30": "3985.30000", "2019-03-31": "4016.40000", "2018-12-31": "3653.40000", "2018-09-30": "3643.20000", "2018-06-30": "3660.80000", "2018-03-31": "3634.90000", "2017-12-31": "3655.90000", "2017-09-30": "3750.00000", "2017-06-30": "3719.20000", "2017-03-31": "3731.90000", "2016-12-31": "3762.00000", "2016-09-30": "3713.50000", "2016-06-30": "3703.80000", "2016-03-31": "3633.50000", "2015-12-31": "3703.70000", "2015-09-30": "3689.20000", "2015-06-30": "3643.10000", "2015-03-31": "3596.50000", "2014-12-31": "3598.30000", "2014-09-30": "0.00000", "2014-06-30": "0.00000", "2014-03-31": "0.00000", "2013-12-31": "88.10000"}}, "cash flow statement": {"Net Income/Loss": {"2019-12-31": "108.80000", "2018-12-31": "168.50000", "2017-12-31": "254.20000", "2016-12-31": "133.00000", "2015-12-31": "82.40000", "2014-12-31": "-107.10000", "2013-12-31": "-3.00000"}, "Total Depreciation And Amortization - Cash Flow": {"2019-12-31": "239.10000", "2018-12-31": "220.10000", "2017-12-31": "210.00000", "2016-12-31": "211.00000", "2015-12-31": "195.10000", "2014-12-31": "186.70000", "2013-12-31": "1.10000"}, "Other Non-Cash Items": {"2019-12-31": "121.10000", "2018-12-31": "49.20000", "2017-12-31": "-46.90000", "2016-12-31": "15.60000", "2015-12-31": "28.00000", "2014-12-31": "6.50000", "2013-12-31": ""}, "Total Non-Cash Items": {"2019-12-31": "360.20000", "2018-12-31": "269.30000", "2017-12-31": "163.10000", "2016-12-31": "226.60000", "2015-12-31": "223.10000", "2014-12-31": "193.20000", "2013-12-31": "1.10000"}, "Change In Accounts Receivable": {"2019-12-31": "7.40000", "2018-12-31": "44.50000", "2017-12-31": "-52.50000", "2016-12-31": "-6.40000", "2015-12-31": "-20.90000", "2014-12-31": "0.20000", "2013-12-31": ""}, "Change In Inventories": {"2019-12-31": "", "2018-12-31": "", "2017-12-31": "", "2016-12-31": "", "2015-12-31": "", "2014-12-31": "", "2013-12-31": ""}, "Change In Accounts Payable": {"2019-12-31": "", "2018-12-31": "", "2017-12-31": "", "2016-12-31": "", "2015-12-31": "", "2014-12-31": "", "2013-12-31": ""}, "Change In Assets/Liabilities": {"2019-12-31": "-57.40000", "2018-12-31": "-92.70000", "2017-12-31": "-11.20000", "2016-12-31": "-36.90000", "2015-12-31": "-28.70000", "2014-12-31": "-24.20000", "2013-12-31": ""}, "Total Change In Assets/Liabilities": {"2019-12-31": "-90.70000", "2018-12-31": "-2.30000", "2017-12-31": "-66.20000", "2016-12-31": "-33.90000", "2015-12-31": "-57.30000", "2014-12-31": "-66.70000", "2013-12-31": "0.00000"}, "Cash Flow From Operating Activities": {"2019-12-31": "378.30000", "2018-12-31": "435.50000", "2017-12-31": "351.10000", "2016-12-31": "325.70000", "2015-12-31": "248.20000", "2014-12-31": "19.40000", "2013-12-31": "-1.90000"}, "Net Change In Property, Plant, And Equipment": {"2019-12-31": "-22.40000", "2018-12-31": "-30.00000", "2017-12-31": "-27.40000", "2016-12-31": "-38.10000", "2015-12-31": "-45.60000", "2014-12-31": "-21.40000", "2013-12-31": "-0.20000"}, "Net Change In Intangible Assets": {"2019-12-31": "-81.50000", "2018-12-31": "-73.10000", "2017-12-31": "-53.30000", "2016-12-31": "-41.90000", "2015-12-31": "-50.10000", "2014-12-31": "-45.50000", "2013-12-31": ""}, "Net Acquisitions/Divestitures": {"2019-12-31": "-52.80000", "2018-12-31": "-43.40000", "2017-12-31": "", "2016-12-31": "-150.20000", "2015-12-31": "", "2014-12-31": "1.50000", "2013-12-31": "0.00000"}, "Net Change In Short-term Investments": {"2019-12-31": "", "2018-12-31": "", "2017-12-31": "", "2016-12-31": "", "2015-12-31": "", "2014-12-31": "", "2013-12-31": ""}, "Net Change In Long-Term Investments": {"2019-12-31": "-392.60000", "2018-12-31": "", "2017-12-31": "-4.00000", "2016-12-31": "", "2015-12-31": "", "2014-12-31": "", "2013-12-31": ""}, "Net Change In Investments - Total": {"2019-12-31": "-392.60000", "2018-12-31": "", "2017-12-31": "-4.00000", "2016-12-31": "", "2015-12-31": "", "2014-12-31": "", "2013-12-31": "0.00000"}, "Investing Activities - Other": {"2019-12-31": "-1.70000", "2018-12-31": "2.40000", "2017-12-31": "", "2016-12-31": "", "2015-12-31": "-6.80000", "2014-12-31": "", "2013-12-31": ""}, "Cash Flow From Investing Activities": {"2019-12-31": "-551.00000", "2018-12-31": "-144.10000", "2017-12-31": "-84.70000", "2016-12-31": "-230.20000", "2015-12-31": "-102.50000", "2014-12-31": "-65.40000", "2013-12-31": "-0.20000"}, "Net Long-Term Debt": {"2019-12-31": "196.20000", "2018-12-31": "-132.40000", "2017-12-31": "-138.60000", "2016-12-31": "-99.00000", "2015-12-31": "-458.70010", "2014-12-31": "-344.20000", "2013-12-31": ""}, "Net Current Debt": {"2019-12-31": "", "2018-12-31": "", "2017-12-31": "", "2016-12-31": "", "2015-12-31": "", "2014-12-31": "", "2013-12-31": "0.00000"}, "Debt Issuance/Retirement Net - Total": {"2019-12-31": "196.20000", "2018-12-31": "-132.40000", "2017-12-31": "-138.60000", "2016-12-31": "-99.00000", "2015-12-31": "-458.70010", "2014-12-31": "-344.20000", "2013-12-31": "0.00000"}, "Net Common Equity Issued/Repurchased": {"2019-12-31": "-11.90000", "2018-12-31": "-141.50000", "2017-12-31": "-136.70000", "2016-12-31": "", "2015-12-31": "479.30000", "2014-12-31": "", "2013-12-31": ""}, "Net Total Equity Issued/Repurchased": {"2019-12-31": "-11.90000", "2018-12-31": "-141.50000", "2017-12-31": "-136.70000", "2016-12-31": "", "2015-12-31": "479.30000", "2014-12-31": "", "2013-12-31": "0.00000"}, "Total Common And Preferred Stock Dividends Paid": {"2019-12-31": "", "2018-12-31": "", "2017-12-31": "-75.30000", "2016-12-31": "-48.60000", "2015-12-31": "-17.40000", "2014-12-31": "-16.90000", "2013-12-31": "0.00000"}, "Financial Activities - Other": {"2019-12-31": "-16.50000", "2018-12-31": "-13.40000", "2017-12-31": "-33.50000", "2016-12-31": "", "2015-12-31": "-24.80000", "2014-12-31": "469.00000", "2013-12-31": ""}, "Cash Flow From Financial Activities": {"2019-12-31": "167.80000", "2018-12-31": "-287.30000", "2017-12-31": "-384.10000", "2016-12-31": "-147.60000", "2015-12-31": "-21.60000", "2014-12-31": "107.90000", "2013-12-31": "0.00000"}, "Net Cash Flow": {"2019-12-31": "-4.90000", "2018-12-31": "4.10000", "2017-12-31": "-117.70000", "2016-12-31": "-52.10000", "2015-12-31": "124.10000", "2014-12-31": "61.90000", "2013-12-31": "-2.10000"}, "Stock-Based Compensation": {"2019-12-31": "50.80000", "2018-12-31": "50.90000", "2017-12-31": "18.90000", "2016-12-31": "12.40000", "2015-12-31": "11.40000", "2014-12-31": "6.40000", "2013-12-31": ""}, "Common Stock Dividends Paid": {"2019-12-31": "", "2018-12-31": "", "2017-12-31": "-75.30000", "2016-12-31": "-48.60000", "2015-12-31": "-17.40000", "2014-12-31": "-16.90000", "2013-12-31": ""}}, "cash flow statement, quarterly": {"Net Income/Loss": {"2020-09-30": 114.6, "2020-06-30": 39.1, "2020-03-31": "50.10000", "2019-12-31": 12.9, "2019-09-30": 37.3, "2019-06-30": 32.6, "2019-03-31": "26.00000", "2018-12-31": 42.8, "2018-09-30": 43, "2018-06-30": 40, "2018-03-31": "42.70000", "2017-12-31": 147.2, "2017-09-30": 43.9, "2017-06-30": 29.2, "2017-03-31": "33.90000", "2016-12-31": 34.3, "2016-09-30": 32.4, "2016-06-30": 33.2, "2016-03-31": "33.10000", "2015-12-31": 30.1, "2015-09-30": 30, "2015-06-30": 7.8, "2015-03-31": "14.50000", "2014-12-31": 8.2, "2014-09-30": -1, "2014-06-30": -24.4, "2014-03-31": "-89.90000", "2013-12-31": -3}, "Total Depreciation And Amortization - Cash Flow": {"2020-09-30": 65, "2020-06-30": 59.3, "2020-03-31": "58.40000", "2019-12-31": 63, "2019-09-30": 60.3, "2019-06-30": 58.2, "2019-03-31": "57.60000", "2018-12-31": 58.8, "2018-09-30": 54.7, "2018-06-30": 54.3, "2018-03-31": "52.30000", "2017-12-31": 53.3, "2017-09-30": 52.6, "2017-06-30": 50.6, "2017-03-31": "53.50000", "2016-12-31": 54.8, "2016-09-30": 57.4, "2016-06-30": 49.9, "2016-03-31": "48.90000", "2015-12-31": 51.6, "2015-09-30": 49.2, "2015-06-30": 48.9, "2015-03-31": "45.40000", "2014-12-31": 47.8, "2014-09-30": 45.9, "2014-06-30": 46.7, "2014-03-31": "46.30000", "2013-12-31": 1.1}, "Other Non-Cash Items": {"2020-09-30": -79.2, "2020-06-30": 35.3, "2020-03-31": "6.20000", "2019-12-31": 37.5, "2019-09-30": 31.2, "2019-06-30": 22.8, "2019-03-31": "29.60000", "2018-12-31": 8.4, "2018-09-30": 11.5, "2018-06-30": 16.6, "2018-03-31": "12.70000", "2017-12-31": -78.5, "2017-09-30": 4.4, "2017-06-30": 21.6, "2017-03-31": "5.60000", "2016-12-31": 2.4, "2016-09-30": 5.2, "2016-06-30": 5.5, "2016-03-31": "2.50000", "2015-12-31": 7.1, "2015-09-30": 6.4, "2015-06-30": 12.7, "2015-03-31": "1.80000", "2014-12-31": 0.9, "2014-09-30": 2.2, "2014-06-30": 1.6, "2014-03-31": "1.80000", "2013-12-31": 0}, "Total Non-Cash Items": {"2020-09-30": -14.2, "2020-06-30": 94.6, "2020-03-31": "64.60000", "2019-12-31": 100.5, "2019-09-30": 91.5, "2019-06-30": 81, "2019-03-31": "87.20000", "2018-12-31": 67.2, "2018-09-30": 66.2, "2018-06-30": 70.9, "2018-03-31": "65.00000", "2017-12-31": -25.2, "2017-09-30": 57, "2017-06-30": 72.2, "2017-03-31": "59.10000", "2016-12-31": 57.2, "2016-09-30": 62.6, "2016-06-30": 55.4, "2016-03-31": "51.40000", "2015-12-31": 58.7, "2015-09-30": 55.6, "2015-06-30": 61.6, "2015-03-31": "47.20000", "2014-12-31": 42.2, "2014-09-30": 48.1, "2014-06-30": 48.3, "2014-03-31": "48.10000", "2013-12-31": 1.1}, "Change In Accounts Receivable": {"2020-09-30": -14.5, "2020-06-30": 8, "2020-03-31": "-1.40000", "2019-12-31": 15.3, "2019-09-30": -8.6, "2019-06-30": -2.4, "2019-03-31": "3.10000", "2018-12-31": 5.8, "2018-09-30": -5.6, "2018-06-30": 11.6, "2018-03-31": "32.70000", "2017-12-31": -32.6, "2017-09-30": -3.6, "2017-06-30": -12.4, "2017-03-31": "-3.90000", "2016-12-31": 16.7, "2016-09-30": -17.2, "2016-06-30": -1.9, "2016-03-31": "-4.00000", "2015-12-31": 12.3, "2015-09-30": -8.6, "2015-06-30": -3.7, "2015-03-31": "-20.90000", "2014-12-31": -3.5, "2014-09-30": -5.5, "2014-06-30": 14.4, "2014-03-31": "-5.20000", "2013-12-31": 0}, "Change In Inventories": {"2020-09-30": 0, "2020-06-30": 0, "2020-03-31": "", "2019-12-31": 0, "2019-09-30": 0, "2019-06-30": 0, "2019-03-31": "", "2018-12-31": 0, "2018-09-30": 0, "2018-06-30": 0, "2018-03-31": "", "2017-12-31": 0, "2017-09-30": 0, "2017-06-30": 0, "2017-03-31": "", "2016-12-31": 0, "2016-09-30": 0, "2016-06-30": 0, "2016-03-31": "", "2015-12-31": 0, "2015-09-30": 0, "2015-06-30": 0, "2015-03-31": "", "2014-12-31": 0, "2014-09-30": 0, "2014-06-30": 0, "2014-03-31": "", "2013-12-31": 0}, "Change In Accounts Payable": {"2020-09-30": 0, "2020-06-30": 0, "2020-03-31": "", "2019-12-31": 0, "2019-09-30": 0, "2019-06-30": 0, "2019-03-31": "", "2018-12-31": 0, "2018-09-30": 0, "2018-06-30": 0, "2018-03-31": "", "2017-12-31": 0, "2017-09-30": 0, "2017-06-30": 0, "2017-03-31": "", "2016-12-31": 0, "2016-09-30": 0, "2016-06-30": 0, "2016-03-31": "", "2015-12-31": 0, "2015-09-30": 0, "2015-06-30": 0, "2015-03-31": "", "2014-12-31": 0, "2014-09-30": 0, "2014-06-30": 0, "2014-03-31": "", "2013-12-31": 0}, "Change In Assets/Liabilities": {"2020-09-30": -11.6, "2020-06-30": -31.7, "2020-03-31": "-18.50000", "2019-12-31": -14.4, "2019-09-30": -0.3, "2019-06-30": -33.8, "2019-03-31": "-8.90000", "2018-12-31": -20.9, "2018-09-30": -1.9, "2018-06-30": -52.8, "2018-03-31": "-17.10000", "2017-12-31": -6.3, "2017-09-30": 22.1, "2017-06-30": -13.7, "2017-03-31": "-13.30000", "2016-12-31": -4.6, "2016-09-30": 9.8, "2016-06-30": -20.4, "2016-03-31": "-21.70000", "2015-12-31": -5.1, "2015-09-30": -5, "2015-06-30": -11.5, "2015-03-31": "-7.10000", "2014-12-31": 0.7, "2014-09-30": -10.3, "2014-06-30": -4.5, "2014-03-31": "-10.10000", "2013-12-31": 0}, "Total Change In Assets/Liabilities": {"2020-09-30": -29.8, "2020-06-30": 1.1, "2020-03-31": "-54.20000", "2019-12-31": 43.5, "2019-09-30": -35.5, "2019-06-30": -49.6, "2019-03-31": "-49.10000", "2018-12-31": 20.1, "2018-09-30": -13.8, "2018-06-30": 0.2, "2018-03-31": "-8.80000", "2017-12-31": -10.7, "2017-09-30": 15.5, "2017-06-30": -26.9, "2017-03-31": "-44.10000", "2016-12-31": 23.7, "2016-09-30": -6.9, "2016-06-30": -24.1, "2016-03-31": "-26.60000", "2015-12-31": 0.5, "2015-09-30": 7.7, "2015-06-30": -29.7, "2015-03-31": "-35.80000", "2014-12-31": -13.3, "2014-09-30": -17.7, "2014-06-30": 5.8, "2014-03-31": "-41.50000", "2013-12-31": 0}, "Cash Flow From Operating Activities": {"2020-09-30": 70.6, "2020-06-30": 134.8, "2020-03-31": "60.50000", "2019-12-31": 156.9, "2019-09-30": 93.3, "2019-06-30": 64, "2019-03-31": "64.10000", "2018-12-31": 130.1, "2018-09-30": 95.4, "2018-06-30": 111.1, "2018-03-31": "98.90000", "2017-12-31": 111.3, "2017-09-30": 116.4, "2017-06-30": 74.5, "2017-03-31": "48.90000", "2016-12-31": 115.2, "2016-09-30": 88.1, "2016-06-30": 64.5, "2016-03-31": "57.90000", "2015-12-31": 89.3, "2015-09-30": 93.3, "2015-06-30": 39.7, "2015-03-31": "25.90000", "2014-12-31": 43.6, "2014-09-30": 29.4, "2014-06-30": 29.7, "2014-03-31": "-83.30000", "2013-12-31": -1.9}, "Net Change In Property, Plant, And Equipment": {"2020-09-30": -6.9, "2020-06-30": -9.1, "2020-03-31": "-3.50000", "2019-12-31": -11.1, "2019-09-30": -6.5, "2019-06-30": -1, "2019-03-31": "-3.80000", "2018-12-31": -9.9, "2018-09-30": -5.6, "2018-06-30": -4.4, "2018-03-31": "-10.10000", "2017-12-31": -22.1, "2017-09-30": -1.3, "2017-06-30": -0.3, "2017-03-31": "-3.70000", "2016-12-31": -14.1, "2016-09-30": -6.6, "2016-06-30": -10.6, "2016-03-31": "-6.80000", "2015-12-31": -10.3, "2015-09-30": -8.5, "2015-06-30": -14.6, "2015-03-31": "-12.20000", "2014-12-31": -10.5, "2014-09-30": -5, "2014-06-30": -3.8, "2014-03-31": "-2.10000", "2013-12-31": -0.2}, "Net Change In Intangible Assets": {"2020-09-30": -25, "2020-06-30": -20, "2020-03-31": "-18.20000", "2019-12-31": -24.3, "2019-09-30": -16.6, "2019-06-30": -21.7, "2019-03-31": "-18.90000", "2018-12-31": -19.5, "2018-09-30": -16.1, "2018-06-30": -22.9, "2018-03-31": "-14.60000", "2017-12-31": -16.2, "2017-09-30": -10.6, "2017-06-30": -14, "2017-03-31": "-12.50000", "2016-12-31": -10, "2016-09-30": -9.8, "2016-06-30": -12.3, "2016-03-31": "-9.80000", "2015-12-31": -10.9, "2015-09-30": -12.1, "2015-06-30": -14, "2015-03-31": "-13.10000", "2014-12-31": -12.3, "2014-09-30": -12.7, "2014-06-30": -10, "2014-03-31": "-10.50000", "2013-12-31": 0}, "Net Acquisitions/Divestitures": {"2020-09-30": -1818.8, "2020-06-30": 8.4, "2020-03-31": "-65.40000", "2019-12-31": 0, "2019-09-30": -52.8, "2019-06-30": 0, "2019-03-31": "", "2018-12-31": -37.4, "2018-09-30": 0, "2018-06-30": -6, "2018-03-31": "", "2017-12-31": 0, "2017-09-30": 0, "2017-06-30": 0, "2017-03-31": "", "2016-12-31": 0, "2016-09-30": 0, "2016-06-30": -150.2, "2016-03-31": "", "2015-12-31": 0, "2015-09-30": 0, "2015-06-30": 0, "2015-03-31": "", "2014-12-31": 0, "2014-09-30": 0, "2014-06-30": 1.5, "2014-03-31": "", "2013-12-31": 0}, "Net Change In Short-term Investments": {"2020-09-30": 0, "2020-06-30": 0, "2020-03-31": "", "2019-12-31": 0, "2019-09-30": 0, "2019-06-30": 0, "2019-03-31": "", "2018-12-31": 0, "2018-09-30": 0, "2018-06-30": 0, "2018-03-31": "", "2017-12-31": 0, "2017-09-30": 0, "2017-06-30": 0, "2017-03-31": "", "2016-12-31": 0, "2016-09-30": 0, "2016-06-30": 0, "2016-03-31": "", "2015-12-31": 0, "2015-09-30": 0, "2015-06-30": 0, "2015-03-31": "", "2014-12-31": 0, "2014-09-30": 0, "2014-06-30": 0, "2014-03-31": "", "2013-12-31": 0}, "Net Change In Long-Term Investments": {"2020-09-30": -100, "2020-06-30": 0, "2020-03-31": "", "2019-12-31": 0, "2019-09-30": -17.6, "2019-06-30": 0, "2019-03-31": "-375.00000", "2018-12-31": 0, "2018-09-30": 0, "2018-06-30": 0, "2018-03-31": "", "2017-12-31": -4, "2017-09-30": 0, "2017-06-30": 0, "2017-03-31": "", "2016-12-31": 0, "2016-09-30": 0, "2016-06-30": 0, "2016-03-31": "", "2015-12-31": 0, "2015-09-30": 0, "2015-06-30": 0, "2015-03-31": "", "2014-12-31": 0, "2014-09-30": 0, "2014-06-30": 0, "2014-03-31": "", "2013-12-31": 0}, "Net Change In Investments - Total": {"2020-09-30": -100, "2020-06-30": 0, "2020-03-31": "", "2019-12-31": 0, "2019-09-30": -17.6, "2019-06-30": 0, "2019-03-31": "-375.00000", "2018-12-31": 0, "2018-09-30": 0, "2018-06-30": 0, "2018-03-31": "", "2017-12-31": -4, "2017-09-30": 0, "2017-06-30": 0, "2017-03-31": "", "2016-12-31": 0, "2016-09-30": 0, "2016-06-30": 0, "2016-03-31": "", "2015-12-31": 0, "2015-09-30": 0, "2015-06-30": 0, "2015-03-31": "", "2014-12-31": 0, "2014-09-30": 0, "2014-06-30": 0, "2014-03-31": "", "2013-12-31": 0}, "Investing Activities - Other": {"2020-09-30": 0, "2020-06-30": 0, "2020-03-31": "", "2019-12-31": -1.7, "2019-09-30": 0, "2019-06-30": 0, "2019-03-31": "", "2018-12-31": 2.4, "2018-09-30": 0, "2018-06-30": 0, "2018-03-31": "", "2017-12-31": 4, "2017-09-30": -4, "2017-06-30": 0, "2017-03-31": "", "2016-12-31": 0, "2016-09-30": 0, "2016-06-30": 0, "2016-03-31": "", "2015-12-31": 0, "2015-09-30": 0, "2015-06-30": 0, "2015-03-31": "-6.80000", "2014-12-31": -45.5, "2014-09-30": 0, "2014-06-30": 0, "2014-03-31": "", "2013-12-31": 0}, "Cash Flow From Investing Activities": {"2020-09-30": -1950.7, "2020-06-30": -20.7, "2020-03-31": "-87.10000", "2019-12-31": -37.1, "2019-09-30": -93.5, "2019-06-30": -22.7, "2019-03-31": "-397.70000", "2018-12-31": -64.4, "2018-09-30": -21.7, "2018-06-30": -33.3, "2018-03-31": "-24.70000", "2017-12-31": -38.3, "2017-09-30": -15.9, "2017-06-30": -14.3, "2017-03-31": "-16.20000", "2016-12-31": -24.1, "2016-09-30": -16.4, "2016-06-30": -173.1, "2016-03-31": "-16.60000", "2015-12-31": -21.2, "2015-09-30": -20.6, "2015-06-30": -28.6, "2015-03-31": "-32.10000", "2014-12-31": -22.8, "2014-09-30": -17.7, "2014-06-30": -12.3, "2014-03-31": "-12.60000", "2013-12-31": -0.2}, "Net Long-Term Debt": {"2020-09-30": 1108.7, "2020-06-30": -435.1, "2020-03-31": "95.90000", "2019-12-31": -114.2, "2019-09-30": 5, "2019-06-30": -30.8, "2019-03-31": "336.20000", "2018-12-31": -62.3, "2018-09-30": -67.3, "2018-06-30": -84.3, "2018-03-31": "81.50000", "2017-12-31": -111.1, "2017-09-30": -16.5, "2017-06-30": 4.3, "2017-03-31": "-15.30000", "2016-12-31": -16, "2016-09-30": -41, "2016-06-30": 19, "2016-03-31": "-61.00000", "2015-12-31": -11, "2015-09-30": -11, "2015-06-30": -420.6001, "2015-03-31": "-16.10000", "2014-12-31": -19.5, "2014-09-30": -19.4, "2014-06-30": -19.4, "2014-03-31": "-285.90000", "2013-12-31": 0}, "Net Current Debt": {"2020-09-30": 0, "2020-06-30": 0, "2020-03-31": "", "2019-12-31": 0, "2019-09-30": 0, "2019-06-30": 0, "2019-03-31": "", "2018-12-31": 0, "2018-09-30": 0, "2018-06-30": 0, "2018-03-31": "", "2017-12-31": 0, "2017-09-30": 0, "2017-06-30": 0, "2017-03-31": "", "2016-12-31": 0, "2016-09-30": 0, "2016-06-30": 0, "2016-03-31": "", "2015-12-31": 0, "2015-09-30": 0, "2015-06-30": 0, "2015-03-31": "", "2014-12-31": 0, "2014-09-30": 0, "2014-06-30": 0, "2014-03-31": "", "2013-12-31": 0}, "Debt Issuance/Retirement Net - Total": {"2020-09-30": 1108.7, "2020-06-30": -435.1, "2020-03-31": "95.90000", "2019-12-31": -114.2, "2019-09-30": 5, "2019-06-30": -30.8, "2019-03-31": "336.20000", "2018-12-31": -62.3, "2018-09-30": -67.3, "2018-06-30": -84.3, "2018-03-31": "81.50000", "2017-12-31": -111.1, "2017-09-30": -16.5, "2017-06-30": 4.3, "2017-03-31": "-15.30000", "2016-12-31": -16, "2016-09-30": -41, "2016-06-30": 19, "2016-03-31": "-61.00000", "2015-12-31": -11, "2015-09-30": -11, "2015-06-30": -420.6001, "2015-03-31": "-16.10000", "2014-12-31": -19.5, "2014-09-30": -19.4, "2014-06-30": -19.4, "2014-03-31": "-285.90000", "2013-12-31": 0}, "Net Common Equity Issued/Repurchased": {"2020-09-30": 0, "2020-06-30": 484.6, "2020-03-31": "", "2019-12-31": 0, "2019-09-30": 0, "2019-06-30": -11.9, "2019-03-31": "", "2018-12-31": 0, "2018-09-30": 0, "2018-06-30": 0, "2018-03-31": "-141.50000", "2017-12-31": -90.1, "2017-09-30": 0, "2017-06-30": -46.6, "2017-03-31": "", "2016-12-31": 0, "2016-09-30": 0, "2016-06-30": 0, "2016-03-31": "", "2015-12-31": 0, "2015-09-30": 0, "2015-06-30": 479.3, "2015-03-31": "", "2014-12-31": 0, "2014-09-30": 0, "2014-06-30": 0, "2014-03-31": "", "2013-12-31": 0}, "Net Total Equity Issued/Repurchased": {"2020-09-30": 0, "2020-06-30": 484.6, "2020-03-31": "", "2019-12-31": 0, "2019-09-30": 0, "2019-06-30": -11.9, "2019-03-31": "", "2018-12-31": 0, "2018-09-30": 0, "2018-06-30": 0, "2018-03-31": "-141.50000", "2017-12-31": -90.1, "2017-09-30": 0, "2017-06-30": -46.6, "2017-03-31": "", "2016-12-31": 0, "2016-09-30": 0, "2016-06-30": 0, "2016-03-31": "", "2015-12-31": 0, "2015-09-30": 0, "2015-06-30": 479.3, "2015-03-31": "", "2014-12-31": 0, "2014-09-30": 0, "2014-06-30": 0, "2014-03-31": "", "2013-12-31": 0}, "Total Common And Preferred Stock Dividends Paid": {"2020-09-30": 0, "2020-06-30": 0, "2020-03-31": "", "2019-12-31": 0, "2019-09-30": 0, "2019-06-30": 0, "2019-03-31": "", "2018-12-31": 0, "2018-09-30": 0, "2018-06-30": 0, "2018-03-31": "", "2017-12-31": 0, "2017-09-30": -37, "2017-06-30": -0.3, "2017-03-31": "-38.00000", "2016-12-31": -0.1, "2016-09-30": 0, "2016-06-30": -0.5, "2016-03-31": "-48.00000", "2015-12-31": -0.1, "2015-09-30": 0, "2015-06-30": -17.3, "2015-03-31": "", "2014-12-31": 8.2, "2014-09-30": -8.2, "2014-06-30": 0, "2014-03-31": "-16.90000", "2013-12-31": 0}, "Financial Activities - Other": {"2020-09-30": 574.3999, "2020-06-30": -1.9, "2020-03-31": "-18.20000", "2019-12-31": 0, "2019-09-30": -4.3, "2019-06-30": -1.3, "2019-03-31": "-10.90000", "2018-12-31": 0, "2018-09-30": -0.9, "2018-06-30": 8, "2018-03-31": "-20.50000", "2017-12-31": -1.8, "2017-09-30": -0.1, "2017-06-30": -25.8, "2017-03-31": "-5.80000", "2016-12-31": 0, "2016-09-30": 0, "2016-06-30": 0, "2016-03-31": "", "2015-12-31": 0, "2015-09-30": -2.3, "2015-06-30": -22.5, "2015-03-31": "", "2014-12-31": 0, "2014-09-30": 0, "2014-06-30": 0, "2014-03-31": "469.00000", "2013-12-31": 0}, "Cash Flow From Financial Activities": {"2020-09-30": 1683.1, "2020-06-30": 47.6, "2020-03-31": "77.70000", "2019-12-31": -114.2, "2019-09-30": 0.7, "2019-06-30": -44, "2019-03-31": "325.30000", "2018-12-31": -62.3, "2018-09-30": -68.2, "2018-06-30": -76.3, "2018-03-31": "-80.50000", "2017-12-31": -203, "2017-09-30": -53.6, "2017-06-30": -68.4, "2017-03-31": "-59.10000", "2016-12-31": -16.1, "2016-09-30": -41, "2016-06-30": 18.5, "2016-03-31": "-109.00000", "2015-12-31": -11.1, "2015-09-30": -13.3, "2015-06-30": 18.9, "2015-03-31": "-16.10000", "2014-12-31": -11.3, "2014-09-30": -27.6, "2014-06-30": -19.4, "2014-03-31": "166.20000", "2013-12-31": 0}, "Net Cash Flow": {"2020-09-30": -197, "2020-06-30": 161.7, "2020-03-31": "51.10000", "2019-12-31": 5.6, "2019-09-30": 0.5, "2019-06-30": -2.7, "2019-03-31": "-8.30000", "2018-12-31": 3.4, "2018-09-30": 5.5, "2018-06-30": 1.5, "2018-03-31": "-6.30000", "2017-12-31": -130, "2017-09-30": 46.9, "2017-06-30": -8.2, "2017-03-31": "-26.40000", "2016-12-31": 75, "2016-09-30": 30.7, "2016-06-30": -90.1, "2016-03-31": "-67.70000", "2015-12-31": 57, "2015-09-30": 59.4, "2015-06-30": 30, "2015-03-31": "-22.30000", "2014-12-31": 9.5, "2014-09-30": -15.9, "2014-06-30": -2, "2014-03-31": "70.30000", "2013-12-31": -2.1}, "Stock-Based Compensation": {"2020-09-30": 9.2, "2020-06-30": 9.5, "2020-03-31": "10.70000", "2019-12-31": 11, "2019-09-30": 14.4, "2019-06-30": 12.1, "2019-03-31": "13.30000", "2018-12-31": 17.5, "2018-09-30": 13.5, "2018-06-30": 12.2, "2018-03-31": "7.70000", "2017-12-31": 4.7, "2017-09-30": 4.1, "2017-06-30": 4.9, "2017-03-31": "5.20000", "2016-12-31": 2.9, "2016-09-30": 3.4, "2016-06-30": 3.4, "2016-03-31": "2.70000", "2015-12-31": 1, "2015-09-30": 0.9, "2015-06-30": 7.7, "2015-03-31": "1.80000", "2014-12-31": 1.1, "2014-09-30": 2.2, "2014-06-30": 3.1, "2014-03-31": "", "2013-12-31": 0}, "Common Stock Dividends Paid": {"2020-09-30": 0, "2020-06-30": 0, "2020-03-31": "", "2019-12-31": 0, "2019-09-30": 0, "2019-06-30": 0, "2019-03-31": "", "2018-12-31": 0, "2018-09-30": 0, "2018-06-30": 0, "2018-03-31": "", "2017-12-31": 0, "2017-09-30": -37, "2017-06-30": -0.3, "2017-03-31": "-38.00000", "2016-12-31": -0.1, "2016-09-30": 0, "2016-06-30": -0.5, "2016-03-31": "-48.00000", "2015-12-31": -0.1, "2015-09-30": 0, "2015-06-30": -17.3, "2015-03-31": "", "2014-12-31": 8.2, "2014-09-30": -8.2, "2014-06-30": 0, "2014-03-31": "-16.90000", "2013-12-31": 0}}, "financial ratios": {"Current Ratio": {"2019-12-31": "0.97970", "2018-12-31": "1.11340", "2017-12-31": "1.21200", "2016-12-31": "1.49360", "2015-12-31": "2.02300", "2014-12-31": "1.13760", "2013-12-31": "0.85150"}, "Long-term Debt / Capital": {"2019-12-31": "0.43560", "2018-12-31": "0.41820", "2017-12-31": "0.44660", "2016-12-31": "0.43720", "2015-12-31": "0.46720", "2014-12-31": "0.69310", "2013-12-31": ""}, "Debt/Equity Ratio": {"2019-12-31": "0.81340", "2018-12-31": "0.74820", "2017-12-31": "0.83920", "2016-12-31": "0.80960", "2015-12-31": "0.90050", "2014-12-31": "2.32840", "2013-12-31": ""}, "Gross Margin": {"2019-12-31": "45.12400", "2018-12-31": "43.86000", "2017-12-31": "45.84440", "2016-12-31": "43.21640", "2015-12-31": "42.17260", "2014-12-31": "39.57280", "2013-12-31": "-12.66670"}, "Operating Margin": {"2019-12-31": "24.60070", "2018-12-31": "23.78820", "2017-12-31": "24.96200", "2016-12-31": "22.69010", "2015-12-31": "20.43620", "2014-12-31": "3.41510", "2013-12-31": "-20.00000"}, "EBIT Margin": {"2019-12-31": "24.60070", "2018-12-31": "23.78820", "2017-12-31": "24.96200", "2016-12-31": "22.69010", "2015-12-31": "20.43620", "2014-12-31": "3.41510", "2013-12-31": "-20.00000"}, "EBITDA Margin": {"2019-12-31": "44.91170", "2018-12-31": "43.54580", "2017-12-31": "44.93150", "2016-12-31": "43.25540", "2015-12-31": "41.39900", "2014-12-31": "25.32570", "2013-12-31": "-12.66670"}, "Pre-Tax Profit Margin": {"2019-12-31": "19.08770", "2018-12-31": "18.50990", "2017-12-31": "18.29590", "2016-12-31": "15.47760", "2015-12-31": "10.29330", "2014-12-31": "-13.09710", "2013-12-31": "-20.00000"}, "Net Profit Margin": {"2019-12-31": "9.24230", "2018-12-31": "15.12570", "2017-12-31": "17.33550", "2016-12-31": "4.46390", "2015-12-31": "2.14890", "2014-12-31": "", "2013-12-31": "-20.00000"}, "Asset Turnover": {"2019-12-31": "0.29710", "2018-12-31": "0.30490", "2017-12-31": "0.28760", "2016-12-31": "0.27270", "2015-12-31": "0.25130", "2014-12-31": "0.23680", "2013-12-31": "0.17030"}, "Inventory Turnover Ratio": {"2019-12-31": "", "2018-12-31": "", "2017-12-31": "", "2016-12-31": "", "2015-12-31": "", "2014-12-31": "", "2013-12-31": ""}, "Receiveable Turnover": {"2019-12-31": "6.71530", "2018-12-31": "6.24090", "2017-12-31": "4.78220", "2016-12-31": "6.41650", "2015-12-31": "6.36160", "2014-12-31": "6.07770", "2013-12-31": "2.02700"}, "Days Sales In Receivables": {"2019-12-31": "54.35310", "2018-12-31": "58.48520", "2017-12-31": "76.32510", "2016-12-31": "56.88450", "2015-12-31": "57.37560", "2014-12-31": "60.05520", "2013-12-31": "180.06670"}, "ROE - Return On Equity": {"2019-12-31": "5.73080", "2018-12-31": "9.43180", "2017-12-31": "14.87590", "2016-12-31": "6.85780", "2015-12-31": "4.46610", "2014-12-31": "-11.59220", "2013-12-31": "-4.42480"}, "Return On Tangible Equity": {"2019-12-31": "-17.75170", "2018-12-31": "-23.04430", "2017-12-31": "-30.64130", "2016-12-31": "-20.03310", "2015-12-31": "-11.68300", "2014-12-31": "6.16770", "2013-12-31": "-21.42860"}, "ROA - Return On Assets": {"2019-12-31": "2.74550", "2018-12-31": "4.61210", "2017-12-31": "6.95310", "2016-12-31": "3.53540", "2015-12-31": "2.22480", "2014-12-31": "-2.95420", "2013-12-31": "-3.40520"}, "ROI - Return On Investment": {"2019-12-31": "3.23460", "2018-12-31": "5.48730", "2017-12-31": "8.23240", "2016-12-31": "3.85930", "2015-12-31": "2.37940", "2014-12-31": "-3.55790", "2013-12-31": "-4.42480"}, "Book Value Per Share": {"2019-12-31": "12.68220", "2018-12-31": "11.96110", "2017-12-31": "11.28440", "2016-12-31": "12.60030", "2015-12-31": "12.04860", "2014-12-31": "", "2013-12-31": ""}, "Operating Cash Flow Per Share": {"2019-12-31": -0.3928, "2018-12-31": 0.6348, "2017-12-31": -2.493, "2016-12-31": 1.1414, "2015-12-31": 3.6554, "2014-12-31": 0, "2013-12-31": 0}, "Free Cash Flow Per Share": {"2019-12-31": -0.3412, "2018-12-31": 0.6122, "2017-12-31": -2.1116, "2016-12-31": 1.2518, "2015-12-31": 2.9838, "2014-12-31": 0, "2013-12-31": 0}}, "financial ratios, quarterly": {"Current Ratio": {"2020-09-30": "1.14220", "2020-06-30": "1.83330", "2020-03-31": "1.32770", "2019-12-31": "0.97970", "2019-09-30": "1.34970", "2019-06-30": "1.30040", "2019-03-31": "1.23700", "2018-12-31": "1.11340", "2018-09-30": "1.35640", "2018-06-30": "1.31370", "2018-03-31": "1.27210", "2017-12-31": "1.21200", "2017-09-30": "1.87640", "2017-06-30": "1.77770", "2017-03-31": "1.49840", "2016-12-31": "1.49360", "2016-09-30": "1.31620", "2016-06-30": "1.20980", "2016-03-31": "1.72600", "2015-12-31": "2.02300", "2015-09-30": "1.88830", "2015-06-30": "1.86970", "2015-03-31": "1.19740", "2014-12-31": "1.13760", "2014-09-30": "", "2014-06-30": "", "2014-03-31": "", "2013-12-31": ""}, "Long-term Debt / Capital": {"2020-09-30": "0.46300", "2020-06-30": "0.31260", "2020-03-31": "0.44700", "2019-12-31": "0.43560", "2019-09-30": "0.45680", "2019-06-30": "0.46080", "2019-03-31": "0.47010", "2018-12-31": "0.41820", "2018-09-30": "0.43710", "2018-06-30": "0.45840", "2018-03-31": "0.47090", "2017-12-31": "0.44660", "2017-09-30": "0.47400", "2017-06-30": "0.43780", "2017-03-31": "0.43460", "2016-12-31": "0.43720", "2016-09-30": "0.44530", "2016-06-30": "0.45810", "2016-03-31": "0.45970", "2015-12-31": "0.46720", "2015-09-30": "0.47300", "2015-06-30": "0.47880", "2015-03-31": "0.68870", "2014-12-31": "0.69310", "2014-09-30": "", "2014-06-30": "", "2014-03-31": "", "2013-12-31": ""}, "Debt/Equity Ratio": {"2020-09-30": "0.89190", "2020-06-30": "0.48740", "2020-03-31": "0.85210", "2019-12-31": "0.81340", "2019-09-30": "0.87450", "2019-06-30": "0.88760", "2019-03-31": "0.91600", "2018-12-31": "0.74820", "2018-09-30": "0.80360", "2018-06-30": "0.87100", "2018-03-31": "0.92380", "2017-12-31": "0.83920", "2017-09-30": "0.93450", "2017-06-30": "0.80730", "2017-03-31": "0.80660", "2016-12-31": "0.80960", "2016-09-30": "0.83070", "2016-06-30": "0.86880", "2016-03-31": "0.87450", "2015-12-31": "0.90050", "2015-09-30": "0.92150", "2015-06-30": "0.94320", "2015-03-31": "2.29130", "2014-12-31": "2.32840", "2014-09-30": "", "2014-06-30": "", "2014-03-31": "", "2013-12-31": ""}, "Gross Margin": {"2020-09-30": "46.51310", "2020-06-30": "46.94640", "2020-03-31": "44.13490", "2019-12-31": "45.78470", "2019-09-30": "45.20230", "2019-06-30": "45.94780", "2019-03-31": "43.48290", "2018-12-31": "42.81710", "2018-09-30": "44.12500", "2018-06-30": "43.81780", "2018-03-31": "44.72810", "2017-12-31": "47.17760", "2017-09-30": "46.66410", "2017-06-30": "45.84290", "2017-03-31": "43.62650", "2016-12-31": "42.94460", "2016-09-30": "43.01760", "2016-06-30": "43.48340", "2016-03-31": "43.44770", "2015-12-31": "43.94450", "2015-09-30": "43.75000", "2015-06-30": "39.55190", "2015-03-31": "41.37320", "2014-12-31": "44.43940", "2014-09-30": "41.90700", "2014-06-30": "37.56420", "2014-03-31": "33.92590", "2013-12-31": ""}, "Operating Margin": {"2020-09-30": "19.03390", "2020-06-30": "26.10030", "2020-03-31": "23.46060", "2019-12-31": "24.02530", "2019-09-30": "25.14210", "2019-06-30": "26.11060", "2019-03-31": "23.06610", "2018-12-31": "22.21440", "2018-09-30": "23.78420", "2018-06-30": "24.00580", "2018-03-31": "25.23120", "2017-12-31": "25.90660", "2017-09-30": "25.70130", "2017-06-30": "25.47670", "2017-03-31": "22.70440", "2016-12-31": "22.21800", "2016-09-30": "21.34030", "2016-06-30": "23.79650", "2016-03-31": "23.52210", "2015-12-31": "22.28760", "2015-09-30": "22.85960", "2015-06-30": "16.50150", "2015-03-31": "20.02640", "2014-12-31": "18.74720", "2014-09-30": "16.55810", "2014-06-30": "7.65280", "2014-03-31": "-31.70370", "2013-12-31": ""}, "EBIT Margin": {"2020-09-30": "19.03390", "2020-06-30": "26.10030", "2020-03-31": "23.46060", "2019-12-31": "24.02530", "2019-09-30": "25.14210", "2019-06-30": "26.11060", "2019-03-31": "23.06610", "2018-12-31": "22.21440", "2018-09-30": "23.78420", "2018-06-30": "24.00580", "2018-03-31": "25.23120", "2017-12-31": "25.90660", "2017-09-30": "25.70130", "2017-06-30": "25.47670", "2017-03-31": "22.70440", "2016-12-31": "22.21800", "2016-09-30": "21.34030", "2016-06-30": "23.79650", "2016-03-31": "23.52210", "2015-12-31": "22.28770", "2015-09-30": "22.85960", "2015-06-30": "16.50150", "2015-03-31": "20.02640", "2014-12-31": "18.74720", "2014-09-30": "16.55810", "2014-06-30": "7.65280", "2014-03-31": "-31.70370", "2013-12-31": ""}, "EBITDA Margin": {"2020-09-30": "", "2020-06-30": "", "2020-03-31": "", "2019-12-31": "", "2019-09-30": "", "2019-06-30": "", "2019-03-31": "", "2018-12-31": "", "2018-09-30": "", "2018-06-30": "", "2018-03-31": "", "2017-12-31": "", "2017-09-30": "", "2017-06-30": "", "2017-03-31": "", "2016-12-31": "", "2016-09-30": "", "2016-06-30": "", "2016-03-31": "", "2015-12-31": "", "2015-09-30": "", "2015-06-30": "", "2015-03-31": "", "2014-12-31": "", "2014-09-30": "", "2014-06-30": "", "2014-03-31": "", "2013-12-31": ""}, "Pre-Tax Profit Margin": {"2020-09-30": "14.04350", "2020-06-30": "28.07920", "2020-03-31": "18.12870", "2019-12-31": "18.76040", "2019-09-30": "19.59210", "2019-06-30": "20.27810", "2019-03-31": "17.66160", "2018-12-31": "17.55430", "2018-09-30": "19.09830", "2018-06-30": "17.02820", "2018-03-31": "20.42180", "2017-12-31": "22.84110", "2017-09-30": "20.12890", "2017-06-30": "14.60720", "2017-03-31": "15.45910", "2016-12-31": "15.64050", "2016-09-30": "14.48900", "2016-06-30": "15.61640", "2016-03-31": "16.24640", "2015-12-31": "15.34900", "2015-09-30": "15.58220", "2015-06-30": "3.53300", "2015-03-31": "6.47010", "2014-12-31": "3.81300", "2014-09-30": "0.00000", "2014-06-30": "-11.38590", "2014-03-31": "-47.20990", "2013-12-31": ""}, "Net Profit Margin": {"2020-09-30": "40.88290", "2020-06-30": "13.34020", "2020-03-31": "17.23430", "2019-12-31": "4.29860", "2019-09-30": "12.47080", "2019-06-30": "11.05460", "2019-03-31": "9.18400", "2018-12-31": "14.99650", "2018-09-30": "15.26450", "2018-06-30": "14.46130", "2018-03-31": "15.79730", "2017-12-31": "55.02810", "2017-09-30": "5.57240", "2017-06-30": "3.12740", "2017-03-31": "4.72690", "2016-12-31": "4.51240", "2016-09-30": "4.19320", "2016-06-30": "4.46180", "2016-03-31": "4.71270", "2015-12-31": "4.12110", "2015-09-30": "4.23800", "2015-06-30": "0.12930", "2015-03-31": "", "2014-12-31": "40.80350", "2014-09-30": "", "2014-06-30": "", "2014-03-31": "-44.39510", "2013-12-31": ""}, "Asset Turnover": {"2020-09-30": "0.05080", "2020-06-30": "0.06990", "2020-03-31": "0.07120", "2019-12-31": "0.07570", "2019-09-30": "0.07470", "2019-06-30": "0.07400", "2019-03-31": "0.07050", "2018-12-31": "0.07810", "2018-09-30": "0.07730", "2018-06-30": "0.07560", "2018-03-31": "0.07440", "2017-12-31": "0.07320", "2017-09-30": "0.07030", "2017-06-30": "0.07050", "2017-03-31": "0.06920", "2016-12-31": "0.06950", "2016-09-30": "0.07190", "2016-06-30": "0.06900", "2016-03-31": "0.06660", "2015-12-31": "0.06420", "2015-09-30": "0.06330", "2015-06-30": "0.06370", "2015-03-31": "0.06320", "2014-12-31": "0.06120", "2014-09-30": "", "2014-06-30": "", "2014-03-31": "", "2013-12-31": ""}, "Inventory Turnover Ratio": {"2020-09-30": "", "2020-06-30": "", "2020-03-31": "", "2019-12-31": "", "2019-09-30": "", "2019-06-30": "", "2019-03-31": "", "2018-12-31": "", "2018-09-30": "", "2018-06-30": "", "2018-03-31": "", "2017-12-31": "", "2017-09-30": "", "2017-06-30": "", "2017-03-31": "", "2016-12-31": "", "2016-09-30": "", "2016-06-30": "", "2016-03-31": "", "2015-12-31": "", "2015-09-30": "", "2015-06-30": "", "2015-03-31": "", "2014-12-31": "", "2014-09-30": "", "2014-06-30": "", "2014-03-31": "", "2013-12-31": ""}, "Receiveable Turnover": {"2020-09-30": "1.62140", "2020-06-30": "1.69420", "2020-03-31": "1.60430", "2019-12-31": "1.71190", "2019-09-30": "1.60120", "2019-06-30": "1.62930", "2019-03-31": "1.60120", "2018-12-31": "1.59890", "2018-09-30": "1.54610", "2018-06-30": "1.55830", "2018-03-31": "1.44780", "2017-12-31": "1.21650", "2017-09-30": "1.40540", "2017-06-30": "1.50170", "2017-03-31": "1.59720", "2016-12-31": "1.63540", "2016-09-30": "1.54480", "2016-06-30": "1.65800", "2016-03-31": "1.63340", "2015-12-31": "1.62540", "2015-09-30": "1.33870", "2015-06-30": "1.40330", "2015-03-31": "1.40860", "2014-12-31": "1.57130", "2014-09-30": "", "2014-06-30": "", "2014-03-31": "", "2013-12-31": ""}, "Days Sales In Receivables": {"2020-09-30": "55.50860", "2020-06-30": "53.12180", "2020-03-31": "56.09910", "2019-12-31": "52.57250", "2019-09-30": "56.20860", "2019-06-30": "55.23910", "2019-03-31": "56.20630", "2018-12-31": "56.28940", "2018-09-30": "58.21090", "2018-06-30": "57.75490", "2018-03-31": "62.16430", "2017-12-31": "73.98510", "2017-09-30": "64.03720", "2017-06-30": "59.93140", "2017-03-31": "56.35030", "2016-12-31": "55.03250", "2016-09-30": "58.25910", "2016-06-30": "54.28180", "2016-03-31": "55.10130", "2015-12-31": "55.37010", "2015-09-30": "67.23030", "2015-06-30": "64.13620", "2015-03-31": "63.89530", "2014-12-31": "57.27640", "2014-09-30": "", "2014-06-30": "", "2014-03-31": "", "2013-12-31": ""}, "ROE - Return On Equity": {"2020-09-30": "4.43790", "2020-06-30": "1.59380", "2020-03-31": "2.60990", "2019-12-31": "0.67950", "2019-09-30": "1.99700", "2019-06-30": "1.77190", "2019-03-31": "1.42760", "2018-12-31": "2.39570", "2018-09-30": "2.47180", "2018-06-30": "2.37930", "2018-03-31": "2.62510", "2017-12-31": "8.61420", "2017-09-30": "2.66040", "2017-06-30": "1.51620", "2017-03-31": "1.75240", "2016-12-31": "1.76860", "2016-09-30": "1.70290", "2016-06-30": "1.77960", "2016-03-31": "1.80790", "2015-12-31": "1.63140", "2015-09-30": "1.64260", "2015-06-30": "0.44290", "2015-03-31": "1.57910", "2014-12-31": "0.89420", "2014-09-30": "", "2014-06-30": "", "2014-03-31": "", "2013-12-31": ""}, "Return On Tangible Equity": {"2020-09-30": "-6.47790", "2020-06-30": "-52.76660", "2020-03-31": "-8.05210", "2019-12-31": "-2.10480", "2019-09-30": "-5.65840", "2019-06-30": "-5.02470", "2019-03-31": "-3.81290", "2018-12-31": "-5.85340", "2018-09-30": "-5.65490", "2018-06-30": "-4.80130", "2018-03-31": "-4.75710", "2017-12-31": "-17.74350", "2017-09-30": "-4.84980", "2017-06-30": "-4.51870", "2017-03-31": "-5.17790", "2016-12-31": "-5.16640", "2016-09-30": "-4.47080", "2016-06-30": "-4.24930", "2016-03-31": "-4.69300", "2015-12-31": "-4.26770", "2015-09-30": "-3.91180", "2015-06-30": "-0.97050", "2015-03-31": "-0.86130", "2014-12-31": "-0.47580", "2014-09-30": "", "2014-06-30": "", "2014-03-31": "", "2013-12-31": ""}, "ROA - Return On Assets": {"2020-09-30": "1.86210", "2020-06-30": "0.93270", "2020-03-31": "1.22770", "2019-12-31": "0.32550", "2019-09-30": "0.93170", "2019-06-30": "0.81800", "2019-03-31": "0.64730", "2018-12-31": "1.17150", "2018-09-30": "1.18030", "2018-06-30": "1.09270", "2018-03-31": "1.17470", "2017-12-31": "4.02640", "2017-09-30": "1.17070", "2017-06-30": "0.78510", "2017-03-31": "0.90840", "2016-12-31": "0.91170", "2016-09-30": "0.87250", "2016-06-30": "0.89640", "2016-03-31": "0.91100", "2015-12-31": "0.81270", "2015-09-30": "0.80780", "2015-06-30": "0.21680", "2015-03-31": "0.40600", "2014-12-31": "0.22790", "2014-09-30": "", "2014-06-30": "", "2014-03-31": "", "2013-12-31": ""}, "ROI - Return On Investment": {"2020-09-30": "2.38300", "2020-06-30": "1.09550", "2020-03-31": "1.44330", "2019-12-31": "0.38350", "2019-09-30": "1.08480", "2019-06-30": "0.95530", "2019-03-31": "0.75650", "2018-12-31": "1.39380", "2018-09-30": "1.39130", "2018-06-30": "1.28870", "2018-03-31": "1.38900", "2017-12-31": "4.76710", "2017-09-30": "1.39940", "2017-06-30": "0.85240", "2017-03-31": "0.99080", "2016-12-31": "0.99530", "2016-09-30": "0.94470", "2016-06-30": "0.96430", "2016-03-31": "0.97680", "2015-12-31": "0.86920", "2015-09-30": "0.86560", "2015-06-30": "0.23080", "2015-03-31": "0.49150", "2014-12-31": "0.27450", "2014-09-30": "", "2014-06-30": "", "2014-03-31": "", "2013-12-31": ""}, "Book Value Per Share": {"2020-09-30": "16.44450", "2020-06-30": "15.62080", "2020-03-31": "12.80240", "2019-12-31": "12.68220", "2019-09-30": "12.48760", "2019-06-30": "12.29200", "2019-03-31": "12.14700", "2018-12-31": "11.96110", "2018-09-30": "11.64390", "2018-06-30": "11.25290", "2018-03-31": "10.91300", "2017-12-31": "11.28440", "2017-09-30": "10.75170", "2017-06-30": "12.54820", "2017-03-31": "12.50670", "2016-12-31": "12.60030", "2016-09-30": "12.36120", "2016-06-30": "12.11800", "2016-03-31": "11.89450", "2015-12-31": "12.04860", "2015-09-30": "11.87210", "2015-06-30": "11.67320", "2015-03-31": "", "2014-12-31": "", "2014-09-30": "", "2014-06-30": "", "2014-03-31": "", "2013-12-31": ""}, "Operating Cash Flow Per Share": {"2020-09-30": 0.3992, "2020-06-30": 0.8951, "2020-03-31": "0.40690", "2019-12-31": 1.0549, "2019-09-30": 0.6283, "2019-06-30": 0.4301, "2019-03-31": "0.43250", "2018-12-31": 0.8723, "2018-09-30": 0.6445, "2018-06-30": 0.7589, "2018-03-31": "0.66290", "2017-12-31": -1.1969, "2017-09-30": 2.6942, "2017-06-30": 0.4867, "2017-03-31": "0.31980", "2016-12-31": 1.6967, "2016-09-30": 2.2985, "2016-06-30": 0.4222, "2016-03-31": "0.37940", "2015-12-31": 1.3083, "2015-09-30": 1.9169, "2015-06-30": 0.4302, "2015-03-31": "", "2014-12-31": 0, "2014-09-30": 0, "2014-06-30": 0, "2014-03-31": "", "2013-12-31": 0}, "Free Cash Flow Per Share": {"2020-09-30": 0.3585, "2020-06-30": 0.8347, "2020-03-31": "0.38330", "2019-12-31": 0.9802, "2019-09-30": 0.5845, "2019-06-30": 0.4234, "2019-03-31": "0.40690", "2018-12-31": 0.8059, "2018-09-30": 0.6067, "2018-06-30": 0.7284, "2018-03-31": "0.59520", "2017-12-31": -1.2994, "2017-09-30": 2.643, "2017-06-30": 0.4848, "2017-03-31": "0.29560", "2016-12-31": 1.4889, "2016-09-30": 2.0591, "2016-06-30": 0.3527, "2016-03-31": "0.33490", "2015-12-31": 1.1581, "2015-09-30": 1.5713, "2015-06-30": 0.2544, "2015-03-31": "", "2014-12-31": 0, "2014-09-30": 0, "2014-06-30": 0, "2014-03-31": "", "2013-12-31": 0}}, "revenue": {"Black Knight Financial Services Annual Revenue (Millions of US $)": {"2019": "$1,177", "2018": "$1,114", "2017": "$1,052", "2016": "$1,026", "2015": "$931", "2014": "$852", "2013": "$15"}, "Black Knight Financial Services Quarterly Revenue (Millions of US $)": {"2020-09-30": "$313", "2020-06-30": "$293", "2020-03-31": "$291", "2019-12-31": "$300", "2019-09-30": "$299", "2019-06-30": "$295", "2019-03-31": "$283", "2018-12-31": "$285", "2018-09-30": "$282", "2018-06-30": "$277", "2018-03-31": "$270", "2017-12-31": "$268", "2017-09-30": "$264", "2017-06-30": "$262", "2017-03-31": "$258", "2016-12-31": "$262", "2016-09-30": "$267", "2016-06-30": "$256", "2016-03-31": "$242", "2015-12-31": "$238", "2015-09-30": "$234", "2015-06-30": "$232", "2015-03-31": "$227", "2014-12-31": "$220", "2014-09-30": "$215", "2014-06-30": "$214", "2014-03-31": "$203", "2013-12-31": ""}}, "gross-profit": {"Black Knight Financial Services Annual Gross Profit (Millions of US $)": {"2019": "$531", "2018": "$489", "2017": "$482", "2016": "$443", "2015": "$393", "2014": "$337", "2013": "$-2"}, "Black Knight Financial Services Quarterly Gross Profit (Millions of US $)": {"2020-09-30": "$145", "2020-06-30": "$138", "2020-03-31": "$128", "2019-12-31": "$137", "2019-09-30": "$135", "2019-06-30": "$136", "2019-03-31": "$123", "2018-12-31": "$122", "2018-09-30": "$124", "2018-06-30": "$121", "2018-03-31": "$121", "2017-12-31": "$126", "2017-09-30": "$123", "2017-06-30": "$120", "2017-03-31": "$113", "2016-12-31": "$112", "2016-09-30": "$115", "2016-06-30": "$111", "2016-03-31": "$105", "2015-12-31": "$105", "2015-09-30": "$102", "2015-06-30": "$92", "2015-03-31": "$94", "2014-12-31": "$98", "2014-09-30": "$90", "2014-06-30": "$81", "2014-03-31": "$69", "2013-12-31": ""}}, "operating-income": {"Black Knight Financial Services Annual Operating Income (Millions of US $)": {"2019": "$290", "2018": "$265", "2017": "$263", "2016": "$233", "2015": "$190", "2014": "$29", "2013": "$-3"}, "Black Knight Financial Services Quarterly Operating Income (Millions of US $)": {"2020-09-30": "$60", "2020-06-30": "$77", "2020-03-31": "$68", "2019-12-31": "$72", "2019-09-30": "$75", "2019-06-30": "$77", "2019-03-31": "$65", "2018-12-31": "$63", "2018-09-30": "$67", "2018-06-30": "$66", "2018-03-31": "$68", "2017-12-31": "$69", "2017-09-30": "$68", "2017-06-30": "$67", "2017-03-31": "$59", "2016-12-31": "$58", "2016-09-30": "$57", "2016-06-30": "$61", "2016-03-31": "$57", "2015-12-31": "$53", "2015-09-30": "$53", "2015-06-30": "$38", "2015-03-31": "$46", "2014-12-31": "$41", "2014-09-30": "$36", "2014-06-30": "$16", "2014-03-31": "$-64", "2013-12-31": ""}}, "ebitda": {"Black Knight Financial Services Annual EBITDA (Millions of US $)": {"2019": "$529", "2018": "$485", "2017": "$473", "2016": "$444", "2015": "$385", "2014": "$216", "2013": "$-2"}, "Black Knight Financial Services Quarterly EBITDA (Millions of US $)": {"2020-09-30": "$125", "2020-06-30": "$136", "2020-03-31": "$127", "2019-12-31": "$135", "2019-09-30": "$136", "2019-06-30": "$135", "2019-03-31": "$123", "2018-12-31": "$122", "2018-09-30": "$122", "2018-06-30": "$121", "2018-03-31": "$121", "2017-12-31": "$123", "2017-09-30": "$120", "2017-06-30": "$117", "2017-03-31": "$112", "2016-12-31": "$113", "2016-09-30": "$114", "2016-06-30": "$111", "2016-03-31": "$106", "2015-12-31": "$105", "2015-09-30": "$103", "2015-06-30": "$87", "2015-03-31": "$91", "2014-12-31": "$89", "2014-09-30": "$82", "2014-06-30": "$63", "2014-03-31": "$-18", "2013-12-31": ""}}, "net-income": {"Black Knight Financial Services Annual Net Income (Millions of US $)": {"2019": "$109", "2018": "$169", "2017": "$182", "2016": "$46", "2015": "$20", "2014": "$", "2013": "$-3"}, "Black Knight Financial Services Quarterly Net Income (Millions of US $)": {"2020-09-30": "$128", "2020-06-30": "$39", "2020-03-31": "$50", "2019-12-31": "$13", "2019-09-30": "$37", "2019-06-30": "$33", "2019-03-31": "$26", "2018-12-31": "$43", "2018-09-30": "$43", "2018-06-30": "$40", "2018-03-31": "$43", "2017-12-31": "$147", "2017-09-30": "$15", "2017-06-30": "$8", "2017-03-31": "$12", "2016-12-31": "$12", "2016-09-30": "$11", "2016-06-30": "$11", "2016-03-31": "$11", "2015-12-31": "$10", "2015-09-30": "$10", "2015-06-30": "$0", "2015-03-31": "", "2014-12-31": "$90", "2014-09-30": "", "2014-06-30": "$0", "2014-03-31": "$-90", "2013-12-31": ""}}, "eps-earnings-per-share-diluted": {"Black Knight Financial Services Annual EPS": {"2019": "$0.73", "2018": "$1.14", "2017": "$1.47", "2016": "$0.67", "2015": "$0.29", "2014": "$0.00", "2013": "$0.00"}, "Black Knight Financial Services Quarterly EPS": {"2020-09-30": "$0.82", "2020-06-30": "$0.26", "2020-03-31": "$0.34", "2019-12-31": "$0.08", "2019-09-30": "$0.25", "2019-06-30": "$0.22", "2019-03-31": "$0.18", "2018-12-31": "$0.29", "2018-09-30": "$0.29", "2018-06-30": "$0.27", "2018-03-31": "$0.29", "2017-12-31": "$0.97", "2017-09-30": "$0.21", "2017-06-30": "$0.11", "2017-03-31": "$0.18", "2016-12-31": "$0.17", "2016-09-30": "$0.16", "2016-06-30": "$0.17", "2016-03-31": "$0.17", "2015-12-31": "$0.14", "2015-09-30": "$0.15", "2015-06-30": "$0.00", "2015-03-31": "$0.00", "2014-12-31": "$0.00", "2014-09-30": "$0.00", "2014-06-30": "$0.00", "2014-03-31": "$0.00", "2013-12-31": "$0.00"}}, "shares-outstanding": {"Black Knight Financial Services Annual Shares Outstanding (Millions of Shares)": {"2019": "149", "2018": "148", "2017": "152", "2016": "68", "2015": "68", "2014": "", "2013": ""}, "Black Knight Financial Services Quarterly Shares Outstanding (Millions of Shares)": {"2020-09-30": "156", "2020-06-30": "150", "2020-03-31": "149", "2019-12-31": "149", "2019-09-30": "149", "2019-06-30": "149", "2019-03-31": "148", "2018-12-31": "148", "2018-09-30": "148", "2018-06-30": "148", "2018-03-31": "149", "2017-12-31": "152", "2017-09-30": "69", "2017-06-30": "153", "2017-03-31": "153", "2016-12-31": "68", "2016-09-30": "68", "2016-06-30": "153", "2016-03-31": "153", "2015-12-31": "68", "2015-09-30": "68", "2015-06-30": "153", "2015-03-31": "", "2014-12-31": "", "2014-09-30": "", "2014-06-30": "", "2014-03-31": "", "2013-12-31": ""}}, "total-assets": {"Black Knight Financial Services Annual Total Assets (Millions of US $)": {"2019": "$3,963", "2018": "$3,653", "2017": "$3,656", "2016": "$3,762", "2015": "$3,704", "2014": "$3,598", "2013": "$88"}, "Black Knight Financial Services Quarterly Total Assets (Millions of US $)": {"2020-09-30": "$6,154", "2020-06-30": "$4,192", "2020-03-31": "$4,081", "2019-12-31": "$3,963", "2019-09-30": "$4,004", "2019-06-30": "$3,985", "2019-03-31": "$4,016", "2018-12-31": "$3,653", "2018-09-30": "$3,643", "2018-06-30": "$3,661", "2018-03-31": "$3,635", "2017-12-31": "$3,656", "2017-09-30": "$3,750", "2017-06-30": "$3,719", "2017-03-31": "$3,732", "2016-12-31": "$3,762", "2016-09-30": "$3,714", "2016-06-30": "$3,704", "2016-03-31": "$3,634", "2015-12-31": "$3,704", "2015-09-30": "$3,689", "2015-06-30": "$3,643", "2015-03-31": "$3,597", "2014-12-31": "$3,598", "2014-09-30": "$0", "2014-06-30": "$0", "2014-03-31": "$0", "2013-12-31": "$88"}}, "cash-on-hand": {"Black Knight Financial Services Annual Cash on Hand (Millions of US $)": {"2019": "$15", "2018": "$20", "2017": "$16", "2016": "$134", "2015": "$186", "2014": "$62", "2013": "$7"}, "Black Knight Financial Services Quarterly Cash on Hand (Millions of US $)": {"2020-09-30": "$31", "2020-06-30": "$228", "2020-03-31": "$67", "2019-12-31": "$15", "2019-09-30": "$10", "2019-06-30": "$9", "2019-03-31": "$12", "2018-12-31": "$20", "2018-09-30": "$17", "2018-06-30": "$11", "2018-03-31": "$10", "2017-12-31": "$16", "2017-09-30": "$146", "2017-06-30": "$99", "2017-03-31": "$108", "2016-12-31": "$134", "2016-09-30": "$59", "2016-06-30": "$28", "2016-03-31": "$118", "2015-12-31": "$186", "2015-09-30": "$129", "2015-06-30": "$70", "2015-03-31": "$40", "2014-12-31": "$62", "2014-09-30": "", "2014-06-30": "", "2014-03-31": "", "2013-12-31": "$7"}}, "long-term-debt": {"Black Knight Financial Services Annual Long Term Debt (Millions of US $)": {"2019": "$1,465", "2018": "$1,284", "2017": "$1,379", "2016": "$1,507", "2015": "$1,618", "2014": "$2,071", "2013": "$"}, "Black Knight Financial Services Quarterly Long Term Debt (Millions of US $)": {"2020-09-30": "$2,227", "2020-06-30": "$1,116", "2020-03-31": "$1,552", "2019-12-31": "$1,465", "2019-09-30": "$1,571", "2019-06-30": "$1,573", "2019-03-31": "$1,616", "2018-12-31": "$1,284", "2018-09-30": "$1,351", "2018-06-30": "$1,423", "2018-03-31": "$1,448", "2017-12-31": "$1,379", "2017-09-30": "$1,487", "2017-06-30": "$1,500", "2017-03-31": "$1,487", "2016-12-31": "$1,507", "2016-09-30": "$1,527", "2016-06-30": "$1,577", "2016-03-31": "$1,558", "2015-12-31": "$1,618", "2015-09-30": "$1,628", "2015-06-30": "$1,639", "2015-03-31": "$2,046", "2014-12-31": "$2,071", "2014-09-30": "", "2014-06-30": "", "2014-03-31": "", "2013-12-31": ""}}, "total-liabilities": {"Black Knight Financial Services Annual Total Liabilities (Millions of US $)": {"2019": "$2,064", "2018": "$1,867", "2017": "$1,947", "2016": "$1,823", "2015": "$1,859", "2014": "$2,681", "2013": "$20"}, "Black Knight Financial Services Quarterly Total Liabilities (Millions of US $)": {"2020-09-30": "$3,572", "2020-06-30": "$1,739", "2020-03-31": "$2,161", "2019-12-31": "$2,064", "2019-09-30": "$2,136", "2019-06-30": "$2,146", "2019-03-31": "$2,195", "2018-12-31": "$1,867", "2018-09-30": "$1,904", "2018-06-30": "$1,980", "2018-03-31": "$2,008", "2017-12-31": "$1,947", "2017-09-30": "$2,100", "2017-06-30": "$1,793", "2017-03-31": "$1,797", "2016-12-31": "$1,823", "2016-09-30": "$1,811", "2016-06-30": "$1,838", "2016-03-31": "$1,803", "2015-12-31": "$1,859", "2015-09-30": "$1,875", "2015-06-30": "$1,859", "2015-03-31": "$2,672", "2014-12-31": "$2,681", "2014-09-30": "$0", "2014-06-30": "$0", "2014-03-31": "$0", "2013-12-31": "$20"}}, "total-share-holder-equity": {"Black Knight Financial Services Annual Share Holder Equity (Millions of US $)": {"2019": "$1,899", "2018": "$1,787", "2017": "$1,709", "2016": "$1,939", "2015": "$1,845", "2014": "$917", "2013": "$68"}, "Black Knight Financial Services Quarterly Share Holder Equity (Millions of US $)": {"2020-09-30": "$2,582", "2020-06-30": "$2,453", "2020-03-31": "$1,920", "2019-12-31": "$1,899", "2019-09-30": "$1,868", "2019-06-30": "$1,840", "2019-03-31": "$1,821", "2018-12-31": "$1,787", "2018-09-30": "$1,740", "2018-06-30": "$1,681", "2018-03-31": "$1,627", "2017-12-31": "$1,709", "2017-09-30": "$1,650", "2017-06-30": "$1,926", "2017-03-31": "$1,935", "2016-12-31": "$1,939", "2016-09-30": "$1,903", "2016-06-30": "$1,866", "2016-03-31": "$1,831", "2015-12-31": "$1,845", "2015-09-30": "$1,814", "2015-06-30": "$1,784", "2015-03-31": "$925", "2014-12-31": "$917", "2014-09-30": "$0", "2014-06-30": "$0", "2014-03-31": "$0", "2013-12-31": "$68"}}, "profit-margins": {"current": "19.21%"}, "gross margin": {"2020-09-30": "45.78%", "2020-06-30": "45.48%", "2020-03-31": "45.23%", "2019-12-31": "45.11%", "2019-09-30": "44.41%", "2019-06-30": "44.10%", "2019-03-31": "43.48%", "2018-12-31": "43.81%", "2018-09-30": "44.85%", "2018-06-30": "45.51%", "2018-03-31": "46.05%", "2017-12-31": "45.82%", "2017-09-30": "44.74%", "2017-06-30": "43.85%", "2017-03-31": "43.24%", "2016-12-31": "43.14%", "2016-09-30": "43.47%", "2016-06-30": "43.61%", "2016-03-31": "42.71%", "2015-12-31": "42.21%", "2015-09-30": "42.28%", "2015-06-30": "41.83%", "2015-03-31": "41.44%", "2014-12-31": "39.67%"}, "operating margin": {"2020-09-30": "23.14%", "2020-06-30": "24.68%", "2020-03-31": "24.64%", "2019-12-31": "24.55%", "2019-09-30": "24.10%", "2019-06-30": "23.76%", "2019-03-31": "23.16%", "2018-12-31": "23.70%", "2018-09-30": "24.61%", "2018-06-30": "25.12%", "2018-03-31": "25.56%", "2017-12-31": "25.00%", "2017-09-30": "24.09%", "2017-06-30": "22.97%", "2017-03-31": "22.53%", "2016-12-31": "22.69%", "2016-09-30": "22.73%", "2016-06-30": "23.09%", "2016-03-31": "21.25%", "2015-12-31": "20.41%", "2015-09-30": "19.50%", "2015-06-30": "18.01%", "2015-03-31": "15.87%", "2014-12-31": "3.40%"}, "ebitda margin": {"2020-09-30": "43.69%", "2020-06-30": "45.14%", "2020-03-31": "44.98%", "2019-12-31": "44.94%", "2019-09-30": "44.41%", "2019-06-30": "43.84%", "2019-03-31": "43.30%", "2018-12-31": "43.63%", "2018-09-30": "44.39%", "2018-06-30": "44.95%", "2018-03-31": "45.21%", "2017-12-31": "44.87%", "2017-09-30": "44.17%", "2017-06-30": "43.47%", "2017-03-31": "43.14%", "2016-12-31": "43.23%", "2016-09-30": "43.47%", "2016-06-30": "43.81%", "2016-03-31": "42.39%", "2015-12-31": "41.46%", "2015-09-30": "40.53%", "2015-06-30": "39.04%", "2015-03-31": "37.10%", "2014-12-31": "25.35%"}, "pre tax profit margin": {"2020-09-30": "19.63%", "2020-06-30": "21.13%", "2020-03-31": "19.24%", "2019-12-31": "19.12%", "2019-09-30": "18.85%", "2019-06-30": "18.69%", "2019-03-31": "17.83%", "2018-12-31": "18.49%", "2018-09-30": "19.78%", "2018-06-30": "20.02%", "2018-03-31": "19.45%", "2017-12-31": "18.25%", "2017-09-30": "16.44%", "2017-06-30": "15.06%", "2017-03-31": "15.34%", "2016-12-31": "15.48%", "2016-09-30": "15.45%", "2016-06-30": "15.67%", "2016-03-31": "12.68%", "2015-12-31": "10.31%", "2015-09-30": "7.34%", "2015-06-30": "3.47%", "2015-03-31": "-0.11%", "2014-12-31": "-13.15%"}, "net profit margin": {"2020-09-30": "19.21%", "2020-06-30": "11.75%", "2020-03-31": "11.22%", "2019-12-31": "9.26%", "2019-09-30": "11.96%", "2019-06-30": "12.66%", "2019-03-31": "13.49%", "2018-12-31": "15.17%", "2018-09-30": "24.89%", "2018-06-30": "22.71%", "2018-03-31": "20.02%", "2017-12-31": "17.30%", "2017-09-30": "4.49%", "2017-06-30": "4.10%", "2017-03-31": "4.41%", "2016-12-31": "4.38%", "2016-09-30": "4.29%", "2016-06-30": "4.33%", "2016-03-31": "3.28%", "2015-12-31": "2.15%", "2015-09-30": "10.95%", "2015-06-30": "10.07%", "2015-03-31": "10.27%", "2014-12-31": "0.00%"}, "pe ratio": {"current": "46.89", "2021-02-05": "56.82", "2020-09-30": "57.65", "2020-06-30": "77.19", "2020-03-31": "65.24", "2019-12-31": "78.63", "2019-09-30": "59.86", "2019-06-30": "56.75", "2019-03-31": "48.66", "2018-12-31": "39.53", "2018-09-30": "28.54"}, "price sales": {"2021-02-05": "10.82", "2020-09-30": "10.98", "2020-06-30": "9.14", "2020-03-31": "7.28", "2019-12-31": "8.13", "2019-09-30": "7.79", "2019-06-30": "7.78", "2019-03-31": "7.16", "2018-12-31": "6.00", "2018-09-30": "7.07"}, "price book": {"current": "5.22", "2021-02-05": "5.22", "2020-09-30": "5.29", "2020-06-30": "4.65", "2020-03-31": "4.54", "2019-12-31": "5.08", "2019-09-30": "4.89", "2019-06-30": "4.89", "2019-03-31": "4.49", "2018-12-31": "3.77", "2018-09-30": "4.46", "2018-06-30": "4.76", "2018-03-31": "4.32", "2017-12-31": "3.91"}, "price fcf": {"2021-02-05": "", "2020-09-30": "$2.56", "2020-06-30": "$2.78", "2020-03-31": "$2.37", "2019-12-31": "$2.40", "2019-09-30": "$2.22", "2019-06-30": "$2.24", "2019-03-31": "$2.55", "2018-12-31": "$2.74", "2018-09-30": "$4.05"}, "net worth": {"value": "$13.47B"}, "current ratio": {"current": "1.14", "2020-09-30": "1.14", "2020-06-30": "1.83", "2020-03-31": "1.33", "2019-12-31": "0.98", "2019-09-30": "1.35", "2019-06-30": "1.30", "2019-03-31": "1.24", "2018-12-31": "1.11", "2018-09-30": "1.36", "2018-06-30": "1.31", "2018-03-31": "1.27", "2017-12-31": "1.21", "2017-09-30": "1.88", "2017-06-30": "1.78", "2017-03-31": "1.50", "2016-12-31": "1.49", "2016-09-30": "1.32", "2016-06-30": "1.21", "2016-03-31": "1.73", "2015-12-31": "2.02", "2015-09-30": "1.89", "2015-06-30": "1.87", "2015-03-31": "1.20", "2014-12-31": "1.14", "2014-09-30": "0.00", "2014-06-30": "0.00", "2014-03-31": "0.00", "2013-12-31": "0.85"}, "quick ratio": {"2020-09-30": "0.00", "2020-06-30": "0.00", "2020-03-31": "0.00", "2019-12-31": "0.00", "2019-09-30": "0.00", "2019-06-30": "0.00", "2019-03-31": "0.00", "2018-12-31": "0.00", "2018-09-30": "0.00", "2018-06-30": "0.00", "2018-03-31": "0.00", "2017-12-31": "0.00", "2017-09-30": "0.00", "2017-06-30": "0.00", "2017-03-31": "0.00", "2016-12-31": "0.00", "2016-09-30": "0.00", "2016-06-30": "0.00", "2016-03-31": "0.00", "2015-12-31": "0.00", "2015-09-30": "0.00", "2015-06-30": "0.00", "2015-03-31": "0.00", "2014-12-31": "0.00", "2014-09-30": "0.00", "2014-06-30": "0.00", "2014-03-31": "0.00", "2013-12-31": "0.00"}, "debt equity ratio": {"current": "0.86", "2020-09-30": "1.38", "2020-06-30": "0.71", "2020-03-31": "1.13", "2019-12-31": "1.09", "2019-09-30": "1.14", "2019-06-30": "1.17", "2019-03-31": "1.21", "2018-12-31": "1.05", "2018-09-30": "1.09", "2018-06-30": "1.18", "2018-03-31": "1.24", "2017-12-31": "1.14", "2017-09-30": "1.27", "2017-06-30": "0.93", "2017-03-31": "0.93", "2016-12-31": "0.94", "2016-09-30": "0.95", "2016-06-30": "0.99", "2016-03-31": "0.99", "2015-12-31": "1.01", "2015-09-30": "1.03", "2015-06-30": "1.04", "2015-03-31": "2.89", "2014-12-31": "2.92", "2014-09-30": "0.00", "2014-06-30": "0.00", "2014-03-31": "0.00", "2013-12-31": "0.30"}, "return on equity": {"2020-09-30": "10.39%", "2020-06-30": "6.83%", "2020-03-31": "7.07%", "2019-12-31": "5.87%", "2019-09-30": "7.60%", "2019-06-30": "8.07%", "2019-03-31": "8.65%", "2018-12-31": "9.89%", "2018-09-30": "16.16%", "2018-06-30": "14.70%", "2018-03-31": "12.33%", "2017-12-31": "10.08%", "2017-09-30": "2.52%", "2017-06-30": "2.23%", "2017-03-31": "2.41%", "2016-12-31": "2.39%", "2016-09-30": "2.31%", "2016-06-30": "2.28%", "2016-03-31": "1.70%", "2015-09-30": "7.35%", "2014-12-31": "0.00%"}, "return on assets": {"2020-09-30": "5.00%", "2020-06-30": "3.42%", "2020-03-31": "3.32%", "2019-12-31": "2.73%", "2019-09-30": "3.55%", "2019-06-30": "3.79%", "2019-03-31": "4.06%", "2018-12-31": "4.63%", "2018-09-30": "7.48%", "2018-06-30": "6.67%", "2018-03-31": "5.77%", "2017-12-31": "4.90%", "2017-09-30": "1.26%", "2017-06-30": "1.15%", "2017-03-31": "1.23%", "2016-12-31": "1.22%", "2016-09-30": "1.17%", "2016-06-30": "1.14%", "2016-03-31": "0.85%", "2015-09-30": "2.75%", "2014-12-31": "0.00%"}, "return on investments": {"2020-09-30": "7.28%", "2020-06-30": "8.44%", "2020-03-31": "8.53%", "2019-12-31": "8.47%", "2019-09-30": "8.38%", "2019-06-30": "8.36%", "2019-03-31": "8.22%", "2018-12-31": "8.56%", "2018-09-30": "8.74%", "2018-06-30": "8.74%", "2018-03-31": "8.55%", "2017-12-31": "8.05%", "2017-09-30": "7.51%", "2017-06-30": "7.02%", "2017-03-31": "6.84%", "2016-12-31": "6.80%", "2016-09-30": "6.64%", "2016-06-30": "6.52%", "2016-03-31": "5.86%", "2015-12-31": "5.71%", "2015-09-30": "5.55%", "2015-06-30": "6.86%", "2015-03-31": "9.33%", "2014-12-31": "3.88%"}, "return on tangible equity": {"2020-09-30": "-29.89%", "2020-06-30": "-28.25%", "2020-03-31": "-20.92%", "2019-12-31": "-16.75%", "2019-09-30": "-20.43%", "2019-06-30": "-20.55%", "2019-03-31": "-20.23%", "2018-12-31": "-20.98%", "2018-09-30": "-32.88%", "2018-06-30": "-28.27%", "2018-03-31": "-25.98%", "2017-12-31": "-23.98%", "2017-09-30": "-6.55%", "2017-06-30": "-6.39%", "2017-03-31": "-6.51%", "2016-12-31": "-6.26%", "2016-09-30": "-5.90%", "2016-06-30": "-5.69%", "2016-03-31": "-4.15%", "2015-09-30": "-8.01%", "2014-12-31": "0.00%"}, "dividend yield history": {"last payout": "$0.00", "last yield": "0.00%"}}