{"ticker": "BLK", "price": {"title": "BlackRock Historical Annual Stock Price Data", "value": 726.33, "historical": {"2021": {"Average Stock Price": "733.5175", "Year Open": "710.8200", "Year High": "779.7500", "Year Low": "697.7900", "Year Close": "726.3300", "Annual % Change": "0.66%"}, "2020": {"Average Stock Price": "558.5646", "Year Open": "508.9800", "Year High": "721.5400", "Year Low": "327.4200", "Year Close": "721.5400", "Annual % Change": "43.53%"}, "2019": {"Average Stock Price": "448.2272", "Year Open": "389.4200", "Year High": "503.2400", "Year Low": "377.9800", "Year Close": "502.7000", "Annual % Change": "27.97%"}, "2018": {"Average Stock Price": "492.9871", "Year Open": "508.9700", "Year High": "593.2600", "Year Low": "361.7700", "Year Close": "392.8200", "Annual % Change": "-23.53%"}, "2017": {"Average Stock Price": "423.7333", "Year Open": "386.4300", "Year High": "518.8600", "Year Low": "371.6400", "Year Close": "513.7100", "Annual % Change": "35.00%"}, "2016": {"Average Stock Price": "350.0883", "Year Open": "333.1000", "Year High": "398.4500", "Year Low": "289.7200", "Year Close": "380.5400", "Annual % Change": "11.75%"}, "2015": {"Average Stock Price": "347.1592", "Year Open": "356.7300", "Year High": "380.3300", "Year Low": "293.5200", "Year Close": "340.5200", "Annual % Change": "-4.77%"}, "2014": {"Average Stock Price": "319.1225", "Year Open": "312.8000", "Year High": "364.4000", "Year Low": "286.3900", "Year Close": "357.5600", "Annual % Change": "12.98%"}, "2013": {"Average Stock Price": "269.7233", "Year Open": "212.7700", "Year High": "316.4700", "Year Low": "212.7700", "Year Close": "316.4700", "Annual % Change": "53.10%"}, "2012": {"Average Stock Price": "185.4929", "Year Open": "181.2700", "Year High": "209.2900", "Year Low": "163.3700", "Year Close": "206.7100", "Annual % Change": "15.97%"}, "2011": {"Average Stock Price": "179.2632", "Year Open": "190.1900", "Year High": "207.0600", "Year Low": "141.7700", "Year Close": "178.2400", "Annual % Change": "-6.47%"}, "2010": {"Average Stock Price": "181.0594", "Year Open": "238.5800", "Year High": "242.8100", "Year Low": "139.4400", "Year Close": "190.5800", "Annual % Change": "-17.92%"}, "2009": {"Average Stock Price": "172.7549", "Year Open": "139.1200", "Year High": "240.8000", "Year Low": "90.5700", "Year Close": "232.2000", "Annual % Change": "73.09%"}, "2008": {"Average Stock Price": "186.5454", "Year Open": "215.3100", "Year High": "230.7500", "Year Low": "98.8800", "Year Close": "134.1500", "Annual % Change": "-38.12%"}, "2007": {"Average Stock Price": "169.0773", "Year Open": "155.1200", "Year High": "222.0300", "Year Low": "144.7000", "Year Close": "216.8000", "Annual % Change": "42.73%"}, "2006": {"Average Stock Price": "138.3408", "Year Open": "109.0000", "Year High": "156.3100", "Year Low": "108.0000", "Year Close": "151.9000", "Annual % Change": "40.03%"}, "2005": {"Average Stock Price": "84.8541", "Year Open": "75.7800", "Year High": "113.4500", "Year Low": "70.0000", "Year Close": "108.4800", "Annual % Change": "40.41%"}, "2004": {"Average Stock Price": "65.9016", "Year Open": "53.9900", "Year High": "77.5100", "Year Low": "53.9900", "Year Close": "77.2600", "Annual % Change": "45.47%"}, "2003": {"Average Stock Price": "46.3473", "Year Open": "40.2500", "Year High": "53.5300", "Year Low": "39.9500", "Year Close": "53.1100", "Annual % Change": "34.80%"}, "2002": {"Average Stock Price": "42.1299", "Year Open": "41.3200", "Year High": "47.3500", "Year Low": "34.3000", "Year Close": "39.4000", "Annual % Change": "-5.52%"}, "2001": {"Average Stock Price": "38.6126", "Year Open": "40.0000", "Year High": "44.2200", "Year Low": "31.8200", "Year Close": "41.7000", "Annual % Change": "-0.71%"}, "2000": {"Average Stock Price": "30.4016", "Year Open": "16.6200", "Year High": "47.5000", "Year Low": "15.3100", "Year Close": "42.0000", "Annual % Change": "144.33%"}}}, "market cap": {"value": "$110.77B"}, "income statement": {"Revenue": {"2020-12-31": "16205.00000", "2019-12-31": "14539.00000", "2018-12-31": "14198.00000", "2017-12-31": "13600.00000", "2016-12-31": "12261.00000", "2015-12-31": "11401.00000", "2014-12-31": "11081.00000", "2013-12-31": "10180.00000", "2012-12-31": "9337.00000", "2011-12-31": "9081.00000", "2010-12-31": "8612.00000", "2009-12-31": "4700.00000", "2008-12-31": "5064.00000", "2007-12-31": "4845.00000", "2006-12-31": "2098.00000", "2005-12-31": "1191.38600"}, "Cost Of Goods Sold": {"2020-12-31": "", "2019-12-31": "", "2018-12-31": "", "2017-12-31": "", "2016-12-31": "", "2015-12-31": "", "2014-12-31": "", "2013-12-31": "", "2012-12-31": "", "2011-12-31": "", "2010-12-31": "408.00000", "2009-12-31": "477.00000", "2008-12-31": "591.00000", "2007-12-31": "539.00000", "2006-12-31": "173.00000", "2005-12-31": "64.61100"}, "Gross Profit": {"2020-12-31": "16205.00000", "2019-12-31": "14539.00000", "2018-12-31": "14198.00000", "2017-12-31": "13600.00000", "2016-12-31": "12261.00000", "2015-12-31": "11401.00000", "2014-12-31": "11081.00000", "2013-12-31": "10180.00000", "2012-12-31": "9337.00000", "2011-12-31": "9081.00000", "2010-12-31": "8204.00000", "2009-12-31": "4223.00000", "2008-12-31": "4473.00000", "2007-12-31": "4306.00000", "2006-12-31": "1925.00000", "2005-12-31": "1126.77500"}, "Research And Development Expenses": {"2020-12-31": "", "2019-12-31": "", "2018-12-31": "", "2017-12-31": "", "2016-12-31": "", "2015-12-31": "", "2014-12-31": "", "2013-12-31": "", "2012-12-31": "", "2011-12-31": "", "2010-12-31": "", "2009-12-31": "", "2008-12-31": "", "2007-12-31": "", "2006-12-31": "", "2005-12-31": ""}, "SG&A Expenses": {"2020-12-31": "7506.00000", "2019-12-31": "6228.00000", "2018-12-31": "5958.00000", "2017-12-31": "5699.00000", "2016-12-31": "5156.00000", "2015-12-31": "5385.00000", "2014-12-31": "5282.00000", "2013-12-31": "5100.00000", "2012-12-31": "4646.00000", "2011-12-31": "4614.00000", "2010-12-31": "4451.00000", "2009-12-31": "2581.00000", "2008-12-31": "2480.00000", "2007-12-31": "2566.00000", "2006-12-31": "1351.00000", "2005-12-31": "769.38300"}, "Other Operating Income Or Expenses": {"2020-12-31": "-2898.00000", "2019-12-31": "-2663.00000", "2018-12-31": "-2673.00000", "2017-12-31": "-2558.00000", "2016-12-31": "-2365.00000", "2015-12-31": "-1176.00000", "2014-12-31": "-1112.00000", "2013-12-31": "-1010.00000", "2012-12-31": "-955.00000", "2011-12-31": "-949.00000", "2010-12-31": "-493.00000", "2009-12-31": "-95.00000", "2008-12-31": "-86.00000", "2007-12-31": "-208.00000", "2006-12-31": "-34.00000", "2005-12-31": ""}, "Operating Expenses": {"2020-12-31": "10510.00000", "2019-12-31": "8988.00000", "2018-12-31": "8741.00000", "2017-12-31": "8346.00000", "2016-12-31": "7696.00000", "2015-12-31": "6737.00000", "2014-12-31": "6607.00000", "2013-12-31": "6323.00000", "2012-12-31": "5813.00000", "2011-12-31": "5832.00000", "2010-12-31": "5614.00000", "2009-12-31": "3422.00000", "2008-12-31": "3471.00000", "2007-12-31": "3551.00000", "2006-12-31": "1626.00000", "2005-12-31": "850.84500"}, "Operating Income": {"2020-12-31": "5695.00000", "2019-12-31": "5551.00000", "2018-12-31": "5457.00000", "2017-12-31": "5254.00000", "2016-12-31": "4565.00000", "2015-12-31": "4664.00000", "2014-12-31": "4474.00000", "2013-12-31": "3857.00000", "2012-12-31": "3524.00000", "2011-12-31": "3249.00000", "2010-12-31": "2998.00000", "2009-12-31": "1278.00000", "2008-12-31": "1593.00000", "2007-12-31": "1294.00000", "2006-12-31": "472.00000", "2005-12-31": "340.54100"}, "Total Non-Operating Income/Expense": {"2020-12-31": "829.00000", "2019-12-31": "236.00000", "2018-12-31": "-79.00000", "2017-12-31": "5.00000", "2016-12-31": "-110.00000", "2015-12-31": "-62.00000", "2014-12-31": "-79.00000", "2013-12-31": "116.00000", "2012-12-31": "-54.00000", "2011-12-31": "-114.00000", "2010-12-31": "23.00000", "2009-12-31": "-6.00000", "2008-12-31": "-577.00000", "2007-12-31": "526.00000", "2006-12-31": "56.00000", "2005-12-31": "35.21400"}, "Pre-Tax Income": {"2020-12-31": "6524.00000", "2019-12-31": "5787.00000", "2018-12-31": "5378.00000", "2017-12-31": "5259.00000", "2016-12-31": "4455.00000", "2015-12-31": "4602.00000", "2014-12-31": "4395.00000", "2013-12-31": "3973.00000", "2012-12-31": "3470.00000", "2011-12-31": "3135.00000", "2010-12-31": "3021.00000", "2009-12-31": "1272.00000", "2008-12-31": "1016.00000", "2007-12-31": "1820.00000", "2006-12-31": "528.00000", "2005-12-31": "375.75500"}, "Income Taxes": {"2020-12-31": "1238.00000", "2019-12-31": "1261.00000", "2018-12-31": "1076.00000", "2017-12-31": "270.00000", "2016-12-31": "1289.00000", "2015-12-31": "1250.00000", "2014-12-31": "1131.00000", "2013-12-31": "1022.00000", "2012-12-31": "1030.00000", "2011-12-31": "796.00000", "2010-12-31": "971.00000", "2009-12-31": "375.00000", "2008-12-31": "387.00000", "2007-12-31": "463.00000", "2006-12-31": "189.00000", "2005-12-31": "138.55800"}, "Income After Taxes": {"2020-12-31": "5286.00000", "2019-12-31": "4526.00000", "2018-12-31": "4302.00000", "2017-12-31": "4989.00000", "2016-12-31": "3166.00000", "2015-12-31": "3352.00000", "2014-12-31": "3264.00000", "2013-12-31": "2951.00000", "2012-12-31": "2440.00000", "2011-12-31": "2339.00000", "2010-12-31": "2050.00000", "2009-12-31": "897.00000", "2008-12-31": "629.00000", "2007-12-31": "1357.00000", "2006-12-31": "339.00000", "2005-12-31": "237.19700"}, "Other Income": {"2020-12-31": "", "2019-12-31": "", "2018-12-31": "", "2017-12-31": "", "2016-12-31": "", "2015-12-31": "", "2014-12-31": "", "2013-12-31": "", "2012-12-31": "", "2011-12-31": "", "2010-12-31": "", "2009-12-31": "", "2008-12-31": "", "2007-12-31": "", "2006-12-31": "", "2005-12-31": ""}, "Income From Continuous Operations": {"2020-12-31": "5286.00000", "2019-12-31": "4526.00000", "2018-12-31": "4302.00000", "2017-12-31": "4989.00000", "2016-12-31": "3166.00000", "2015-12-31": "3352.00000", "2014-12-31": "3264.00000", "2013-12-31": "2951.00000", "2012-12-31": "2440.00000", "2011-12-31": "2339.00000", "2010-12-31": "2050.00000", "2009-12-31": "897.00000", "2008-12-31": "629.00000", "2007-12-31": "1357.00000", "2006-12-31": "323.00000", "2005-12-31": "233.90800"}, "Income From Discontinued Operations": {"2020-12-31": "", "2019-12-31": "", "2018-12-31": "", "2017-12-31": "", "2016-12-31": "", "2015-12-31": "", "2014-12-31": "", "2013-12-31": "", "2012-12-31": "", "2011-12-31": "", "2010-12-31": "", "2009-12-31": "", "2008-12-31": "", "2007-12-31": "", "2006-12-31": "", "2005-12-31": ""}, "Net Income": {"2020-12-31": "4932.00000", "2019-12-31": "4476.00000", "2018-12-31": "4305.00000", "2017-12-31": "4952.00000", "2016-12-31": "3168.00000", "2015-12-31": "3345.00000", "2014-12-31": "3294.00000", "2013-12-31": "2932.00000", "2012-12-31": "2458.00000", "2011-12-31": "2337.00000", "2010-12-31": "2063.00000", "2009-12-31": "875.00000", "2008-12-31": "784.00000", "2007-12-31": "993.00000", "2006-12-31": "323.00000", "2005-12-31": "233.90800"}, "EBITDA": {"2020-12-31": "5695.00000", "2019-12-31": "5956.00000", "2018-12-31": "5677.00000", "2017-12-31": "5494.00000", "2016-12-31": "4828.00000", "2015-12-31": "4959.00000", "2014-12-31": "4808.00000", "2013-12-31": "4200.00000", "2012-12-31": "3874.00000", "2011-12-31": "3629.00000", "2010-12-31": "3410.00000", "2009-12-31": "1617.00000", "2008-12-31": "1959.00000", "2007-12-31": "1604.00000", "2006-12-31": "575.00000", "2005-12-31": "380.78900"}, "EBIT": {"2020-12-31": "5695.00000", "2019-12-31": "5551.00000", "2018-12-31": "5457.00000", "2017-12-31": "5254.00000", "2016-12-31": "4565.00000", "2015-12-31": "4664.00000", "2014-12-31": "4474.00000", "2013-12-31": "3857.00000", "2012-12-31": "3524.00000", "2011-12-31": "3249.00000", "2010-12-31": "2998.00000", "2009-12-31": "1278.00000", "2008-12-31": "1593.00000", "2007-12-31": "1294.00000", "2006-12-31": "472.00000", "2005-12-31": "340.54100"}, "Basic Shares Outstanding": {"2020-12-31": "153.48900", "2019-12-31": "156.01430", "2018-12-31": "160.30110", "2017-12-31": "162.16060", "2016-12-31": "164.42590", "2015-12-31": "166.39000", "2014-12-31": "168.22520", "2013-12-31": "170.18600", "2012-12-31": "174.96100", "2011-12-31": "184.26540", "2010-12-31": "190.55400", "2009-12-31": "136.66900", "2008-12-31": "129.54300", "2007-12-31": "128.48900", "2006-12-31": "80.63800", "2005-12-31": "64.18300"}, "Shares Outstanding": {"2020-12-31": "154.84100", "2019-12-31": "157.45950", "2018-12-31": "161.94870", "2017-12-31": "164.41500", "2016-12-31": "166.57980", "2015-12-31": "169.03900", "2014-12-31": "171.11230", "2013-12-31": "173.82900", "2012-12-31": "178.01770", "2011-12-31": "187.11600", "2010-12-31": "192.69200", "2009-12-31": "139.48100", "2008-12-31": "131.37700", "2007-12-31": "131.37800", "2006-12-31": "83.35800", "2005-12-31": "66.87500"}, "Basic EPS": {"2020-12-31": "32.13000", "2019-12-31": "28.69000", "2018-12-31": "26.86000", "2017-12-31": "30.54000", "2016-12-31": "19.27000", "2015-12-31": "20.10000", "2014-12-31": "19.58000", "2013-12-31": "17.23000", "2012-12-31": "14.03000", "2011-12-31": "12.56000", "2010-12-31": "10.67000", "2009-12-31": "6.24000", "2008-12-31": "5.86000", "2007-12-31": "7.53000", "2006-12-31": "4.00000", "2005-12-31": "3.64000"}, "EPS - Earnings Per Share": {"2020-12-31": "31.85000", "2019-12-31": "28.43000", "2018-12-31": "26.58000", "2017-12-31": "30.12000", "2016-12-31": "19.02000", "2015-12-31": "19.79000", "2014-12-31": "19.25000", "2013-12-31": "16.87000", "2012-12-31": "13.79000", "2011-12-31": "12.37000", "2010-12-31": "10.55000", "2009-12-31": "6.11000", "2008-12-31": "5.78000", "2007-12-31": "7.37000", "2006-12-31": "3.87000", "2005-12-31": "3.50000"}}, "income statement, quarterly": {"Revenue": {"2020-12-31": "4478.00000", "2020-09-30": "4369.00000", "2020-06-30": "3648.00000", "2020-03-31": "3710.00000", "2019-12-31": "3977.00000", "2019-09-30": "3692.00000", "2019-06-30": "3524.00000", "2019-03-31": "3346.00000", "2018-12-31": "3434.00000", "2018-09-30": "3576.00000", "2018-06-30": "3605.00000", "2018-03-31": "3583.00000", "2017-12-31": "3764.00000", "2017-09-30": "3508.00000", "2017-06-30": "3236.00000", "2017-03-31": "3092.00000", "2016-12-31": "3996.00000", "2016-09-30": "2837.00000", "2016-06-30": "2804.00000", "2016-03-31": "2624.00000", "2015-12-31": "2863.00000", "2015-09-30": "2910.00000", "2015-06-30": "2905.00000", "2015-03-31": "2723.00000", "2014-12-31": "2784.00000", "2014-09-30": "2849.00000", "2014-06-30": "2778.00000", "2014-03-31": "2670.00000", "2013-12-31": "2777.00000", "2013-09-30": "2472.00000", "2013-06-30": "2482.00000", "2013-03-31": "2449.00000", "2012-12-31": "2539.00000", "2012-09-30": "2320.00000", "2012-06-30": "2229.00000", "2012-03-31": "2249.00000", "2011-12-31": "2227.00000", "2011-09-30": "2225.00000", "2011-06-30": "2347.00000", "2011-03-31": "2282.00000", "2010-12-31": "2493.00000", "2010-09-30": "2092.00000", "2010-06-30": "2032.00000", "2010-03-31": "1995.00000", "2009-12-31": "1544.00000", "2009-09-30": "1140.00000", "2009-06-30": "1029.00000", "2009-03-31": "987.00000", "2008-12-31": "1064.00000", "2008-09-30": "1313.00000", "2008-06-30": "1387.00000", "2008-03-31": "1300.00000", "2007-12-31": "1444.52400", "2007-09-30": "1298.07900", "2007-06-30": "1097.02300", "2007-03-31": "1005.37400", "2006-12-31": "1018.54900", "2006-09-30": "323.05800", "2006-06-30": "360.73300", "2006-03-31": "395.66000", "2005-12-31": "369.10690", "2005-09-30": "300.80700", "2005-06-30": "271.38900", "2005-03-31": "250.08300"}, "Cost Of Goods Sold": {"2020-12-31": "", "2020-09-30": "", "2020-06-30": "", "2020-03-31": "", "2019-12-31": "", "2019-09-30": "", "2019-06-30": "", "2019-03-31": "", "2018-12-31": "", "2018-09-30": "", "2018-06-30": "", "2018-03-31": "", "2017-12-31": "", "2017-09-30": "", "2017-06-30": "", "2017-03-31": "", "2016-12-31": "", "2016-09-30": "", "2016-06-30": "", "2016-03-31": "", "2015-12-31": "", "2015-09-30": "", "2015-06-30": "", "2015-03-31": "", "2014-12-31": "", "2014-09-30": "", "2014-06-30": "", "2014-03-31": "", "2013-12-31": "", "2013-09-30": "", "2013-06-30": "", "2013-03-31": "", "2012-12-31": "", "2012-09-30": "", "2012-06-30": "", "2012-03-31": "", "2011-12-31": "", "2011-09-30": "", "2011-06-30": "", "2011-03-31": "109.00000", "2010-12-31": "106.00000", "2010-09-30": "105.00000", "2010-06-30": "97.00000", "2010-03-31": "100.00000", "2009-12-31": "106.00000", "2009-09-30": "119.00000", "2009-06-30": "125.00000", "2009-03-31": "127.00000", "2008-12-31": "134.00000", "2008-09-30": "149.00000", "2008-06-30": "152.00000", "2008-03-31": "156.00000", "2007-12-31": "137.98700", "2007-09-30": "138.85000", "2007-06-30": "131.07700", "2007-03-31": "131.08600", "2006-12-31": "125.69800", "2006-09-30": "16.38200", "2006-06-30": "15.76100", "2006-03-31": "15.15900", "2005-12-31": "", "2005-09-30": "", "2005-06-30": "", "2005-03-31": ""}, "Gross Profit": {"2020-12-31": "4478.00000", "2020-09-30": "4369.00000", "2020-06-30": "3648.00000", "2020-03-31": "3710.00000", "2019-12-31": "3977.00000", "2019-09-30": "3692.00000", "2019-06-30": "3524.00000", "2019-03-31": "3346.00000", "2018-12-31": "3434.00000", "2018-09-30": "3576.00000", "2018-06-30": "3605.00000", "2018-03-31": "3583.00000", "2017-12-31": "3764.00000", "2017-09-30": "3508.00000", "2017-06-30": "3236.00000", "2017-03-31": "3092.00000", "2016-12-31": "3996.00000", "2016-09-30": "2837.00000", "2016-06-30": "2804.00000", "2016-03-31": "2624.00000", "2015-12-31": "2863.00000", "2015-09-30": "2910.00000", "2015-06-30": "2905.00000", "2015-03-31": "2723.00000", "2014-12-31": "2784.00000", "2014-09-30": "2849.00000", "2014-06-30": "2778.00000", "2014-03-31": "2670.00000", "2013-12-31": "2777.00000", "2013-09-30": "2472.00000", "2013-06-30": "2482.00000", "2013-03-31": "2449.00000", "2012-12-31": "2539.00000", "2012-09-30": "2320.00000", "2012-06-30": "2229.00000", "2012-03-31": "2249.00000", "2011-12-31": "2227.00000", "2011-09-30": "2225.00000", "2011-06-30": "2347.00000", "2011-03-31": "2173.00000", "2010-12-31": "2387.00000", "2010-09-30": "1987.00000", "2010-06-30": "1935.00000", "2010-03-31": "1895.00000", "2009-12-31": "1438.00000", "2009-09-30": "1021.00000", "2009-06-30": "904.00000", "2009-03-31": "860.00000", "2008-12-31": "930.00000", "2008-09-30": "1164.00000", "2008-06-30": "1235.00000", "2008-03-31": "1144.00000", "2007-12-31": "1306.53700", "2007-09-30": "1159.22900", "2007-06-30": "965.94590", "2007-03-31": "874.28800", "2006-12-31": "892.85100", "2006-09-30": "306.67600", "2006-06-30": "344.97200", "2006-03-31": "380.50100", "2005-12-31": "369.10690", "2005-09-30": "300.80700", "2005-06-30": "271.38900", "2005-03-31": "250.08300"}, "Research And Development Expenses": {"2020-12-31": "", "2020-09-30": "", "2020-06-30": "", "2020-03-31": "", "2019-12-31": "", "2019-09-30": "", "2019-06-30": "", "2019-03-31": "", "2018-12-31": "", "2018-09-30": "", "2018-06-30": "", "2018-03-31": "", "2017-12-31": "", "2017-09-30": "", "2017-06-30": "", "2017-03-31": "", "2016-12-31": "", "2016-09-30": "", "2016-06-30": "", "2016-03-31": "", "2015-12-31": "", "2015-09-30": "", "2015-06-30": "", "2015-03-31": "", "2014-12-31": "", "2014-09-30": "", "2014-06-30": "", "2014-03-31": "", "2013-12-31": "", "2013-09-30": "", "2013-06-30": "", "2013-03-31": "", "2012-12-31": "", "2012-09-30": "", "2012-06-30": "", "2012-03-31": "", "2011-12-31": "", "2011-09-30": "", "2011-06-30": "", "2011-03-31": "", "2010-12-31": "", "2010-09-30": "", "2010-06-30": "", "2010-03-31": "", "2009-12-31": "", "2009-09-30": "", "2009-06-30": "", "2009-03-31": "", "2008-12-31": "", "2008-09-30": "", "2008-06-30": "", "2008-03-31": "", "2007-12-31": "", "2007-09-30": "", "2007-06-30": "", "2007-03-31": "", "2006-12-31": "", "2006-09-30": "", "2006-06-30": "", "2006-03-31": "", "2005-12-31": "", "2005-09-30": "", "2005-06-30": "", "2005-03-31": ""}, "SG&A Expenses": {"2020-12-31": "1815.00000", "2020-09-30": "1872.00000", "2020-06-30": "1540.00000", "2020-03-31": "2279.00000", "2019-12-31": "1727.00000", "2019-09-30": "1496.00000", "2019-06-30": "1553.00000", "2019-03-31": "1452.00000", "2018-12-31": "1469.00000", "2018-09-30": "1510.00000", "2018-06-30": "1475.00000", "2018-03-31": "1504.00000", "2017-12-31": "1597.00000", "2017-09-30": "1442.00000", "2017-06-30": "1343.00000", "2017-03-31": "1317.00000", "2016-12-31": "1317.00000", "2016-09-30": "1281.00000", "2016-06-30": "1293.00000", "2016-03-31": "1265.00000", "2015-12-31": "1399.00000", "2015-09-30": "1342.00000", "2015-06-30": "1324.00000", "2015-03-31": "1320.00000", "2014-12-31": "1313.00000", "2014-09-30": "1349.00000", "2014-06-30": "1325.00000", "2014-03-31": "1295.00000", "2013-12-31": "1335.00000", "2013-09-30": "1200.00000", "2013-06-30": "1329.00000", "2013-03-31": "1236.00000", "2012-12-31": "1249.00000", "2012-09-30": "1155.00000", "2012-06-30": "1110.00000", "2012-03-31": "1132.00000", "2011-12-31": "1115.00000", "2011-09-30": "1160.00000", "2011-06-30": "1169.00000", "2011-03-31": "1170.00000", "2010-12-31": "1250.00000", "2010-09-30": "1090.00000", "2010-06-30": "1049.00000", "2010-03-31": "1062.00000", "2009-12-31": "934.00000", "2009-09-30": "590.00000", "2009-06-30": "566.00000", "2009-03-31": "491.00000", "2008-12-31": "400.00000", "2008-09-30": "639.00000", "2008-06-30": "760.00000", "2008-03-31": "681.00000", "2007-12-31": "692.82700", "2007-09-30": "699.54900", "2007-06-30": "624.15700", "2007-03-31": "549.46700", "2006-12-31": "588.34500", "2006-09-30": "273.93300", "2006-06-30": "244.72700", "2006-03-31": "243.99500", "2005-12-31": "212.25900", "2005-09-30": "206.60100", "2005-06-30": "177.41200", "2005-03-31": "173.11100"}, "Other Operating Income Or Expenses": {"2020-12-31": "-788.00000", "2020-09-30": "-713.00000", "2020-06-30": "-675.00000", "2020-03-31": "-722.00000", "2019-12-31": "-683.00000", "2019-09-30": "-666.00000", "2019-06-30": "-668.00000", "2019-03-31": "-646.00000", "2018-12-31": "-644.00000", "2018-09-30": "-657.00000", "2018-06-30": "-679.00000", "2018-03-31": "-693.00000", "2017-12-31": "-670.00000", "2017-09-30": "-650.00000", "2017-06-30": "-631.00000", "2017-03-31": "-607.00000", "2016-12-31": "-1462.00000", "2016-09-30": "-314.00000", "2016-06-30": "-304.00000", "2016-03-31": "-285.00000", "2015-12-31": "-292.00000", "2015-09-30": "-300.00000", "2015-06-30": "-296.00000", "2015-03-31": "-288.00000", "2014-12-31": "-279.00000", "2014-09-30": "-289.00000", "2014-06-30": "-276.00000", "2014-03-31": "-268.00000", "2013-12-31": "-254.00000", "2013-09-30": "-252.00000", "2013-06-30": "-252.00000", "2013-03-31": "-252.00000", "2012-12-31": "-233.00000", "2012-09-30": "-238.00000", "2012-06-30": "-237.00000", "2012-03-31": "-247.00000", "2011-12-31": "-324.00000", "2011-09-30": "-229.00000", "2011-06-30": "-253.00000", "2011-03-31": "-143.00000", "2010-12-31": "-134.00000", "2010-09-30": "-124.00000", "2010-06-30": "-122.00000", "2010-03-31": "-113.00000", "2009-12-31": "-52.00000", "2009-09-30": "-15.00000", "2009-06-30": "-15.00000", "2009-03-31": "-13.00000", "2008-12-31": "", "2008-09-30": "", "2008-06-30": "", "2008-03-31": "", "2007-12-31": "-79.88600", "2007-09-30": "-128.11400", "2007-06-30": "", "2007-03-31": "", "2006-12-31": "0.45000", "2006-09-30": "", "2006-06-30": "", "2006-03-31": "-34.45000", "2005-12-31": "", "2005-09-30": "-11.99700", "2005-06-30": "-10.42600", "2005-03-31": "-9.10900"}, "Operating Expenses": {"2020-12-31": "2630.00000", "2020-09-30": "2612.00000", "2020-06-30": "2242.00000", "2020-03-31": "3026.00000", "2019-12-31": "2439.00000", "2019-09-30": "2190.00000", "2019-06-30": "2246.00000", "2019-03-31": "2113.00000", "2018-12-31": "2188.00000", "2018-09-30": "2180.00000", "2018-06-30": "2165.00000", "2018-03-31": "2208.00000", "2017-12-31": "2279.00000", "2017-09-30": "2119.00000", "2017-06-30": "1999.00000", "2017-03-31": "1949.00000", "2016-12-31": "2776.00000", "2016-09-30": "1628.00000", "2016-06-30": "1631.00000", "2016-03-31": "1661.00000", "2015-12-31": "1726.00000", "2015-09-30": "1688.00000", "2015-06-30": "1667.00000", "2015-03-31": "1656.00000", "2014-12-31": "1640.00000", "2014-09-30": "1692.00000", "2014-06-30": "1656.00000", "2014-03-31": "1619.00000", "2013-12-31": "1644.00000", "2013-09-30": "1506.00000", "2013-06-30": "1633.00000", "2013-03-31": "1540.00000", "2012-12-31": "1534.00000", "2012-09-30": "1445.00000", "2012-06-30": "1400.00000", "2012-03-31": "1434.00000", "2011-12-31": "1419.00000", "2011-09-30": "1448.00000", "2011-06-30": "1481.00000", "2011-03-31": "1484.00000", "2010-12-31": "1553.00000", "2010-09-30": "1385.00000", "2010-06-30": "1335.00000", "2010-03-31": "1341.00000", "2009-12-31": "1155.00000", "2009-09-30": "783.00000", "2009-06-30": "768.00000", "2009-03-31": "716.00000", "2008-12-31": "726.00000", "2008-09-30": "859.00000", "2008-06-30": "982.00000", "2008-03-31": "904.00000", "2007-12-31": "976.47420", "2007-09-30": "1026.36100", "2007-06-30": "815.02200", "2007-03-31": "733.14290", "2006-12-31": "772.26680", "2006-09-30": "294.05000", "2006-06-30": "264.05000", "2006-03-31": "295.63300", "2005-12-31": "256.71200", "2005-09-30": "221.13800", "2005-06-30": "189.49400", "2005-03-31": "183.50100"}, "Operating Income": {"2020-12-31": "1848.00000", "2020-09-30": "1757.00000", "2020-06-30": "1406.00000", "2020-03-31": "684.00000", "2019-12-31": "1538.00000", "2019-09-30": "1502.00000", "2019-06-30": "1278.00000", "2019-03-31": "1233.00000", "2018-12-31": "1246.00000", "2018-09-30": "1396.00000", "2018-06-30": "1440.00000", "2018-03-31": "1375.00000", "2017-12-31": "1485.00000", "2017-09-30": "1389.00000", "2017-06-30": "1237.00000", "2017-03-31": "1143.00000", "2016-12-31": "1220.00000", "2016-09-30": "1209.00000", "2016-06-30": "1173.00000", "2016-03-31": "963.00000", "2015-12-31": "1137.00000", "2015-09-30": "1222.00000", "2015-06-30": "1238.00000", "2015-03-31": "1067.00000", "2014-12-31": "1144.00000", "2014-09-30": "1157.00000", "2014-06-30": "1122.00000", "2014-03-31": "1051.00000", "2013-12-31": "1133.00000", "2013-09-30": "966.00000", "2013-06-30": "849.00000", "2013-03-31": "909.00000", "2012-12-31": "1005.00000", "2012-09-30": "875.00000", "2012-06-30": "829.00000", "2012-03-31": "815.00000", "2011-12-31": "808.00000", "2011-09-30": "777.00000", "2011-06-30": "866.00000", "2011-03-31": "798.00000", "2010-12-31": "940.00000", "2010-09-30": "707.00000", "2010-06-30": "697.00000", "2010-03-31": "654.00000", "2009-12-31": "389.00000", "2009-09-30": "357.00000", "2009-06-30": "261.00000", "2009-03-31": "271.00000", "2008-12-31": "338.00000", "2008-09-30": "454.00000", "2008-06-30": "405.00000", "2008-03-31": "396.00000", "2007-12-31": "468.04970", "2007-09-30": "271.71800", "2007-06-30": "282.00100", "2007-03-31": "272.23110", "2006-12-31": "246.28210", "2006-09-30": "29.00800", "2006-06-30": "96.68300", "2006-03-31": "100.02700", "2005-12-31": "112.39500", "2005-09-30": "79.66900", "2005-06-30": "81.89500", "2005-03-31": "66.58200"}, "Total Non-Operating Income/Expense": {"2020-12-31": "319.00000", "2020-09-30": "224.00000", "2020-06-30": "357.00000", "2020-03-31": "-71.00000", "2019-12-31": "96.00000", "2019-09-30": "-42.00000", "2019-06-30": "57.00000", "2019-03-31": "125.00000", "2018-12-31": "-72.00000", "2018-09-30": "33.00000", "2018-06-30": "-24.00000", "2018-03-31": "-16.00000", "2017-12-31": "1.00000", "2017-09-30": "10.00000", "2017-06-30": "1.00000", "2017-03-31": "-7.00000", "2016-12-31": "-38.00000", "2016-09-30": "1.00000", "2016-06-30": "-25.00000", "2016-03-31": "-48.00000", "2015-12-31": "11.00000", "2015-09-30": "-48.00000", "2015-06-30": "-41.00000", "2015-03-31": "16.00000", "2014-12-31": "-60.00000", "2014-09-30": "-52.00000", "2014-06-30": "16.00000", "2014-03-31": "17.00000", "2013-12-31": "24.00000", "2013-09-30": "-18.00000", "2013-06-30": "69.00000", "2013-03-31": "41.00000", "2012-12-31": "-67.00000", "2012-09-30": "30.00000", "2012-06-30": "-40.00000", "2012-03-31": "23.00000", "2011-12-31": "7.00000", "2011-09-30": "-112.00000", "2011-06-30": "-24.00000", "2011-03-31": "15.00000", "2010-12-31": "18.00000", "2010-09-30": "78.00000", "2010-06-30": "-75.00000", "2010-03-31": "2.00000", "2009-12-31": "18.00000", "2009-09-30": "78.00000", "2009-06-30": "77.00000", "2009-03-31": "-179.00000", "2008-12-31": "-412.00000", "2008-09-30": "-141.00000", "2008-06-30": "-4.00000", "2008-03-31": "-20.00000", "2007-12-31": "26.36200", "2007-09-30": "128.18900", "2007-06-30": "213.71800", "2007-03-31": "157.73100", "2006-12-31": "36.18100", "2006-09-30": "1.90900", "2006-06-30": "4.81500", "2006-03-31": "13.09500", "2005-12-31": "4.04700", "2005-09-30": "19.43100", "2005-06-30": "3.96400", "2005-03-31": "7.77200"}, "Pre-Tax Income": {"2020-12-31": "2167.00000", "2020-09-30": "1981.00000", "2020-06-30": "1763.00000", "2020-03-31": "613.00000", "2019-12-31": "1634.00000", "2019-09-30": "1460.00000", "2019-06-30": "1335.00000", "2019-03-31": "1358.00000", "2018-12-31": "1174.00000", "2018-09-30": "1429.00000", "2018-06-30": "1416.00000", "2018-03-31": "1359.00000", "2017-12-31": "1486.00000", "2017-09-30": "1399.00000", "2017-06-30": "1238.00000", "2017-03-31": "1136.00000", "2016-12-31": "1182.00000", "2016-09-30": "1210.00000", "2016-06-30": "1148.00000", "2016-03-31": "915.00000", "2015-12-31": "1148.00000", "2015-09-30": "1174.00000", "2015-06-30": "1197.00000", "2015-03-31": "1083.00000", "2014-12-31": "1084.00000", "2014-09-30": "1105.00000", "2014-06-30": "1138.00000", "2014-03-31": "1068.00000", "2013-12-31": "1157.00000", "2013-09-30": "948.00000", "2013-06-30": "918.00000", "2013-03-31": "950.00000", "2012-12-31": "938.00000", "2012-09-30": "905.00000", "2012-06-30": "789.00000", "2012-03-31": "838.00000", "2011-12-31": "815.00000", "2011-09-30": "665.00000", "2011-06-30": "842.00000", "2011-03-31": "813.00000", "2010-12-31": "958.00000", "2010-09-30": "785.00000", "2010-06-30": "622.00000", "2010-03-31": "656.00000", "2009-12-31": "407.00000", "2009-09-30": "435.00000", "2009-06-30": "338.00000", "2009-03-31": "92.00000", "2008-12-31": "-74.00000", "2008-09-30": "313.00000", "2008-06-30": "401.00000", "2008-03-31": "376.00000", "2007-12-31": "494.41200", "2007-09-30": "399.90700", "2007-06-30": "495.71900", "2007-03-31": "429.96200", "2006-12-31": "282.46300", "2006-09-30": "30.91700", "2006-06-30": "101.49800", "2006-03-31": "113.12200", "2005-12-31": "116.44200", "2005-09-30": "99.10000", "2005-06-30": "85.85900", "2005-03-31": "74.35400"}, "Income Taxes": {"2020-12-31": "427.00000", "2020-09-30": "464.00000", "2020-06-30": "361.00000", "2020-03-31": "-14.00000", "2019-12-31": "300.00000", "2019-09-30": "341.00000", "2019-06-30": "322.00000", "2019-03-31": "298.00000", "2018-12-31": "247.00000", "2018-09-30": "226.00000", "2018-06-30": "338.00000", "2018-03-31": "265.00000", "2017-12-31": "-815.00000", "2017-09-30": "443.00000", "2017-06-30": "374.00000", "2017-03-31": "268.00000", "2016-12-31": "335.00000", "2016-09-30": "333.00000", "2016-06-30": "353.00000", "2016-03-31": "268.00000", "2015-12-31": "279.00000", "2015-09-30": "342.00000", "2015-06-30": "371.00000", "2015-03-31": "258.00000", "2014-12-31": "278.00000", "2014-09-30": "232.00000", "2014-06-30": "297.00000", "2014-03-31": "324.00000", "2013-12-31": "307.00000", "2013-09-30": "219.00000", "2013-06-30": "212.00000", "2013-03-31": "284.00000", "2012-12-31": "288.00000", "2012-09-30": "250.00000", "2012-06-30": "229.00000", "2012-03-31": "263.00000", "2011-12-31": "232.00000", "2011-09-30": "95.00000", "2011-06-30": "220.00000", "2011-03-31": "249.00000", "2010-12-31": "309.00000", "2010-09-30": "201.00000", "2010-06-30": "233.00000", "2010-03-31": "228.00000", "2009-12-31": "150.00000", "2009-09-30": "101.00000", "2009-06-30": "94.00000", "2009-03-31": "30.00000", "2008-12-31": "-7.00000", "2008-09-30": "117.00000", "2008-06-30": "147.00000", "2008-03-31": "130.00000", "2007-12-31": "164.91400", "2007-09-30": "63.16800", "2007-06-30": "125.01200", "2007-03-31": "109.90600", "2006-12-31": "99.03700", "2006-09-30": "11.10800", "2006-06-30": "37.23700", "2006-03-31": "41.61800", "2005-12-31": "42.82600", "2005-09-30": "37.07700", "2005-06-30": "31.32400", "2005-03-31": "27.33100"}, "Income After Taxes": {"2020-12-31": "1740.00000", "2020-09-30": "1517.00000", "2020-06-30": "1402.00000", "2020-03-31": "627.00000", "2019-12-31": "1334.00000", "2019-09-30": "1119.00000", "2019-06-30": "1013.00000", "2019-03-31": "1060.00000", "2018-12-31": "927.00000", "2018-09-30": "1203.00000", "2018-06-30": "1078.00000", "2018-03-31": "1094.00000", "2017-12-31": "2301.00000", "2017-09-30": "956.00000", "2017-06-30": "864.00000", "2017-03-31": "868.00000", "2016-12-31": "847.00000", "2016-09-30": "877.00000", "2016-06-30": "795.00000", "2016-03-31": "647.00000", "2015-12-31": "869.00000", "2015-09-30": "832.00000", "2015-06-30": "826.00000", "2015-03-31": "825.00000", "2014-12-31": "806.00000", "2014-09-30": "873.00000", "2014-06-30": "841.00000", "2014-03-31": "744.00000", "2013-12-31": "850.00000", "2013-09-30": "729.00000", "2013-06-30": "706.00000", "2013-03-31": "666.00000", "2012-12-31": "650.00000", "2012-09-30": "655.00000", "2012-06-30": "560.00000", "2012-03-31": "575.00000", "2011-12-31": "583.00000", "2011-09-30": "570.00000", "2011-06-30": "622.00000", "2011-03-31": "564.00000", "2010-12-31": "649.00000", "2010-09-30": "584.00000", "2010-06-30": "389.00000", "2010-03-31": "428.00000", "2009-12-31": "257.00000", "2009-09-30": "334.00000", "2009-06-30": "244.00000", "2009-03-31": "62.00000", "2008-12-31": "-67.00000", "2008-09-30": "196.00000", "2008-06-30": "254.00000", "2008-03-31": "246.00000", "2007-12-31": "329.49800", "2007-09-30": "336.73900", "2007-06-30": "370.70700", "2007-03-31": "320.05600", "2006-12-31": "183.42600", "2006-09-30": "19.80900", "2006-06-30": "64.26100", "2006-03-31": "71.50400", "2005-12-31": "73.61600", "2005-09-30": "62.02300", "2005-06-30": "54.53500", "2005-03-31": "47.02300"}, "Other Income": {"2020-12-31": "", "2020-09-30": "", "2020-06-30": "", "2020-03-31": "", "2019-12-31": "", "2019-09-30": "", "2019-06-30": "", "2019-03-31": "", "2018-12-31": "", "2018-09-30": "", "2018-06-30": "", "2018-03-31": "", "2017-12-31": "", "2017-09-30": "", "2017-06-30": "", "2017-03-31": "", "2016-12-31": "", "2016-09-30": "", "2016-06-30": "", "2016-03-31": "", "2015-12-31": "", "2015-09-30": "", "2015-06-30": "", "2015-03-31": "", "2014-12-31": "", "2014-09-30": "", "2014-06-30": "", "2014-03-31": "", "2013-12-31": "", "2013-09-30": "", "2013-06-30": "", "2013-03-31": "", "2012-12-31": "", "2012-09-30": "", "2012-06-30": "", "2012-03-31": "", "2011-12-31": "", "2011-09-30": "", "2011-06-30": "", "2011-03-31": "", "2010-12-31": "", "2010-09-30": "", "2010-06-30": "", "2010-03-31": "", "2009-12-31": "", "2009-09-30": "", "2009-06-30": "", "2009-03-31": "", "2008-12-31": "", "2008-09-30": "", "2008-06-30": "", "2008-03-31": "", "2007-12-31": "", "2007-09-30": "", "2007-06-30": "", "2007-03-31": "", "2006-12-31": "", "2006-09-30": "", "2006-06-30": "", "2006-03-31": "", "2005-12-31": "", "2005-09-30": "", "2005-06-30": "", "2005-03-31": ""}, "Income From Continuous Operations": {"2020-12-31": "1740.00000", "2020-09-30": "1517.00000", "2020-06-30": "1402.00000", "2020-03-31": "627.00000", "2019-12-31": "1334.00000", "2019-09-30": "1119.00000", "2019-06-30": "1013.00000", "2019-03-31": "1060.00000", "2018-12-31": "927.00000", "2018-09-30": "1203.00000", "2018-06-30": "1078.00000", "2018-03-31": "1094.00000", "2017-12-31": "2301.00000", "2017-09-30": "956.00000", "2017-06-30": "864.00000", "2017-03-31": "868.00000", "2016-12-31": "847.00000", "2016-09-30": "877.00000", "2016-06-30": "795.00000", "2016-03-31": "647.00000", "2015-12-31": "869.00000", "2015-09-30": "832.00000", "2015-06-30": "826.00000", "2015-03-31": "825.00000", "2014-12-31": "806.00000", "2014-09-30": "873.00000", "2014-06-30": "841.00000", "2014-03-31": "744.00000", "2013-12-31": "850.00000", "2013-09-30": "729.00000", "2013-06-30": "706.00000", "2013-03-31": "666.00000", "2012-12-31": "650.00000", "2012-09-30": "655.00000", "2012-06-30": "560.00000", "2012-03-31": "575.00000", "2011-12-31": "583.00000", "2011-09-30": "570.00000", "2011-06-30": "622.00000", "2011-03-31": "564.00000", "2010-12-31": "649.00000", "2010-09-30": "584.00000", "2010-06-30": "389.00000", "2010-03-31": "428.00000", "2009-12-31": "257.00000", "2009-09-30": "334.00000", "2009-06-30": "244.00000", "2009-03-31": "62.00000", "2008-12-31": "-67.00000", "2008-09-30": "196.00000", "2008-06-30": "254.00000", "2008-03-31": "246.00000", "2007-12-31": "684.16800", "2007-09-30": "255.20000", "2007-06-30": "222.24400", "2007-03-31": "195.38800", "2006-12-31": "169.82000", "2006-09-30": "18.91400", "2006-06-30": "63.40400", "2006-03-31": "70.86200", "2005-12-31": "72.91800", "2005-09-30": "61.11900", "2005-06-30": "53.33500", "2005-03-31": "46.53600"}, "Income From Discontinued Operations": {"2020-12-31": "", "2020-09-30": "", "2020-06-30": "", "2020-03-31": "", "2019-12-31": "", "2019-09-30": "", "2019-06-30": "", "2019-03-31": "", "2018-12-31": "", "2018-09-30": "", "2018-06-30": "", "2018-03-31": "", "2017-12-31": "", "2017-09-30": "", "2017-06-30": "", "2017-03-31": "", "2016-12-31": "", "2016-09-30": "", "2016-06-30": "", "2016-03-31": "", "2015-12-31": "", "2015-09-30": "", "2015-06-30": "", "2015-03-31": "", "2014-12-31": "", "2014-09-30": "", "2014-06-30": "", "2014-03-31": "", "2013-12-31": "", "2013-09-30": "", "2013-06-30": "", "2013-03-31": "", "2012-12-31": "", "2012-09-30": "", "2012-06-30": "", "2012-03-31": "", "2011-12-31": "", "2011-09-30": "", "2011-06-30": "", "2011-03-31": "", "2010-12-31": "", "2010-09-30": "", "2010-06-30": "", "2010-03-31": "", "2009-12-31": "", "2009-09-30": "", "2009-06-30": "", "2009-03-31": "", "2008-12-31": "", "2008-09-30": "", "2008-06-30": "", "2008-03-31": "", "2007-12-31": "", "2007-09-30": "", "2007-06-30": "", "2007-03-31": "", "2006-12-31": "", "2006-09-30": "", "2006-06-30": "", "2006-03-31": "", "2005-12-31": "", "2005-09-30": "", "2005-06-30": "", "2005-03-31": ""}, "Net Income": {"2020-12-31": "1548.00000", "2020-09-30": "1364.00000", "2020-06-30": "1214.00000", "2020-03-31": "806.00000", "2019-12-31": "1301.00000", "2019-09-30": "1119.00000", "2019-06-30": "1003.00000", "2019-03-31": "1053.00000", "2018-12-31": "927.00000", "2018-09-30": "1216.00000", "2018-06-30": "1073.00000", "2018-03-31": "1089.00000", "2017-12-31": "2295.00000", "2017-09-30": "944.00000", "2017-06-30": "854.00000", "2017-03-31": "859.00000", "2016-12-31": "847.00000", "2016-09-30": "875.00000", "2016-06-30": "789.00000", "2016-03-31": "657.00000", "2015-12-31": "861.00000", "2015-09-30": "843.00000", "2015-06-30": "819.00000", "2015-03-31": "822.00000", "2014-12-31": "813.00000", "2014-09-30": "917.00000", "2014-06-30": "808.00000", "2014-03-31": "756.00000", "2013-12-31": "841.00000", "2013-09-30": "730.00000", "2013-06-30": "729.00000", "2013-03-31": "632.00000", "2012-12-31": "690.00000", "2012-09-30": "642.00000", "2012-06-30": "554.00000", "2012-03-31": "572.00000", "2011-12-31": "562.00000", "2011-09-30": "595.00000", "2011-06-30": "619.00000", "2011-03-31": "561.00000", "2010-12-31": "657.00000", "2010-09-30": "551.00000", "2010-06-30": "432.00000", "2010-03-31": "423.00000", "2009-12-31": "256.00000", "2009-09-30": "317.00000", "2009-06-30": "218.00000", "2009-03-31": "84.00000", "2008-12-31": "52.00000", "2008-09-30": "217.00000", "2008-06-30": "274.00000", "2008-03-31": "241.00000", "2007-12-31": "320.16800", "2007-09-30": "255.20000", "2007-06-30": "222.24400", "2007-03-31": "195.38800", "2006-12-31": "169.82000", "2006-09-30": "18.91400", "2006-06-30": "63.40400", "2006-03-31": "70.86200", "2005-12-31": "72.91800", "2005-09-30": "61.11900", "2005-06-30": "53.33500", "2005-03-31": "46.53600"}, "EBITDA": {"2020-12-31": "", "2020-09-30": "1874.00000", "2020-06-30": "1520.00000", "2020-03-31": "795.00000", "2019-12-31": "1649.00000", "2019-09-30": "1607.00000", "2019-06-30": "1378.00000", "2019-03-31": "1322.00000", "2018-12-31": "1302.00000", "2018-09-30": "1453.00000", "2018-06-30": "1494.00000", "2018-03-31": "1428.00000", "2017-12-31": "1535.00000", "2017-09-30": "1454.00000", "2017-06-30": "1299.00000", "2017-03-31": "1206.00000", "2016-12-31": "1285.00000", "2016-09-30": "1274.00000", "2016-06-30": "1240.00000", "2016-03-31": "1029.00000", "2015-12-31": "1199.00000", "2015-09-30": "1302.00000", "2015-06-30": "1315.00000", "2015-03-31": "1143.00000", "2014-12-31": "1220.00000", "2014-09-30": "1241.00000", "2014-06-30": "1208.00000", "2014-03-31": "1139.00000", "2013-12-31": "1223.00000", "2013-09-30": "1051.00000", "2013-06-30": "933.00000", "2013-03-31": "993.00000", "2012-12-31": "1093.00000", "2012-09-30": "962.00000", "2012-06-30": "915.00000", "2012-03-31": "904.00000", "2011-12-31": "903.00000", "2011-09-30": "873.00000", "2011-06-30": "960.00000", "2011-03-31": "893.00000", "2010-12-31": "1042.00000", "2010-09-30": "807.00000", "2010-06-30": "803.00000", "2010-03-31": "758.00000", "2009-12-31": "477.00000", "2009-09-30": "440.00000", "2009-06-30": "345.00000", "2009-03-31": "355.00000", "2008-12-31": "429.00000", "2008-09-30": "549.00000", "2008-06-30": "496.00000", "2008-03-31": "485.00000", "2007-12-31": "555.62870", "2007-09-30": "349.18200", "2007-06-30": "359.33800", "2007-03-31": "339.85110", "2006-12-31": "315.33610", "2006-09-30": "39.21900", "2006-06-30": "108.51000", "2006-03-31": "111.93500", "2005-12-31": "121.26000", "2005-09-30": "90.75500", "2005-06-30": "93.23500", "2005-03-31": "75.53900"}, "EBIT": {"2020-12-31": "1848.00000", "2020-09-30": "1757.00000", "2020-06-30": "1406.00000", "2020-03-31": "684.00000", "2019-12-31": "1538.00000", "2019-09-30": "1502.00000", "2019-06-30": "1278.00000", "2019-03-31": "1233.00000", "2018-12-31": "1246.00000", "2018-09-30": "1396.00000", "2018-06-30": "1440.00000", "2018-03-31": "1375.00000", "2017-12-31": "1485.00000", "2017-09-30": "1389.00000", "2017-06-30": "1237.00000", "2017-03-31": "1143.00000", "2016-12-31": "1220.00000", "2016-09-30": "1209.00000", "2016-06-30": "1173.00000", "2016-03-31": "963.00000", "2015-12-31": "1137.00000", "2015-09-30": "1222.00000", "2015-06-30": "1238.00000", "2015-03-31": "1067.00000", "2014-12-31": "1144.00000", "2014-09-30": "1157.00000", "2014-06-30": "1122.00000", "2014-03-31": "1051.00000", "2013-12-31": "1133.00000", "2013-09-30": "966.00000", "2013-06-30": "849.00000", "2013-03-31": "909.00000", "2012-12-31": "1005.00000", "2012-09-30": "875.00000", "2012-06-30": "829.00000", "2012-03-31": "815.00000", "2011-12-31": "808.00000", "2011-09-30": "777.00000", "2011-06-30": "866.00000", "2011-03-31": "798.00000", "2010-12-31": "940.00000", "2010-09-30": "707.00000", "2010-06-30": "697.00000", "2010-03-31": "654.00000", "2009-12-31": "389.00000", "2009-09-30": "357.00000", "2009-06-30": "261.00000", "2009-03-31": "271.00000", "2008-12-31": "338.00000", "2008-09-30": "454.00000", "2008-06-30": "405.00000", "2008-03-31": "396.00000", "2007-12-31": "468.04990", "2007-09-30": "271.71800", "2007-06-30": "282.00100", "2007-03-31": "272.23110", "2006-12-31": "246.28200", "2006-09-30": "29.00800", "2006-06-30": "96.68300", "2006-03-31": "100.02700", "2005-12-31": "112.39500", "2005-09-30": "79.66900", "2005-06-30": "81.89500", "2005-03-31": "66.58200"}, "Basic Shares Outstanding": {"2020-12-31": "152.51500", "2020-09-30": "152.48810", "2020-06-30": "153.73290", "2020-03-31": "155.24330", "2019-12-31": "156.01430", "2019-09-30": "155.28090", "2019-06-30": "155.35460", "2019-03-31": "158.26800", "2018-12-31": "160.30110", "2018-09-30": "160.14150", "2018-06-30": "160.98100", "2018-03-31": "161.25000", "2017-12-31": "162.16060", "2017-09-30": "161.87270", "2017-06-30": "162.50250", "2017-03-31": "163.01660", "2016-12-31": "164.42590", "2016-09-30": "164.12920", "2016-06-30": "164.75860", "2016-03-31": "165.38810", "2015-12-31": "166.39000", "2015-09-30": "166.04530", "2015-06-30": "166.61660", "2015-03-31": "167.08900", "2014-12-31": "168.22520", "2014-09-30": "167.93300", "2014-06-30": "168.71220", "2014-03-31": "169.08140", "2013-12-31": "170.18600", "2013-09-30": "169.81160", "2013-06-30": "170.64870", "2013-03-31": "171.30200", "2012-12-31": "174.96100", "2012-09-30": "172.36000", "2012-06-30": "177.01000", "2012-03-31": "179.02200", "2011-12-31": "184.26540", "2011-09-30": "179.03500", "2011-06-30": "187.87000", "2011-03-31": "191.79700", "2010-12-31": "190.55400", "2010-09-30": "190.49500", "2010-06-30": "190.97500", "2010-03-31": "189.67600", "2009-12-31": "136.66900", "2009-09-30": "133.26600", "2009-06-30": "130.92900", "2009-03-31": "130.21600", "2008-12-31": "129.54300", "2008-09-30": "129.79400", "2008-06-30": "129.56900", "2008-03-31": "128.90400", "2007-12-31": "128.48900", "2007-09-30": "128.16100", "2007-06-30": "128.54500", "2007-03-31": "128.81000", "2006-12-31": "80.63800", "2006-09-30": "64.76100", "2006-06-30": "64.13600", "2006-03-31": "64.07500", "2005-12-31": "64.18300", "2005-09-30": "64.08800", "2005-06-30": "64.35400", "2005-03-31": "64.29100"}, "Shares Outstanding": {"2020-12-31": "154.51300", "2020-09-30": "153.74230", "2020-06-30": "154.71200", "2020-03-31": "156.41670", "2019-12-31": "157.45950", "2019-09-30": "156.44740", "2019-06-30": "156.36070", "2019-03-31": "159.34840", "2018-12-31": "161.94870", "2018-09-30": "161.37820", "2018-06-30": "162.16190", "2018-03-31": "162.91900", "2017-12-31": "164.41500", "2017-09-30": "163.77350", "2017-06-30": "164.14990", "2017-03-31": "164.85620", "2016-12-31": "166.57980", "2016-09-30": "166.25660", "2016-06-30": "166.63930", "2016-03-31": "167.39890", "2015-12-31": "169.03900", "2015-09-30": "168.66530", "2015-06-30": "169.11480", "2015-03-31": "169.72320", "2014-12-31": "171.11230", "2014-09-30": "170.77900", "2014-06-30": "171.15010", "2014-03-31": "171.93380", "2013-12-31": "173.82900", "2013-09-30": "173.37150", "2013-06-30": "173.87360", "2013-03-31": "174.56100", "2012-12-31": "178.01770", "2012-09-30": "175.45000", "2012-06-30": "179.59100", "2012-03-31": "181.91800", "2011-12-31": "187.11600", "2011-09-30": "181.82500", "2011-06-30": "190.58000", "2011-03-31": "194.29700", "2010-12-31": "192.69200", "2010-09-30": "192.32700", "2010-06-30": "192.57000", "2010-03-31": "192.15200", "2009-12-31": "139.48100", "2009-09-30": "135.90200", "2009-06-30": "133.36500", "2009-03-31": "131.79700", "2008-12-31": "131.37700", "2008-09-30": "132.27000", "2008-06-30": "132.03300", "2008-03-31": "131.62100", "2007-12-31": "131.37800", "2007-09-30": "131.31600", "2007-06-30": "131.38300", "2007-03-31": "131.89600", "2006-12-31": "83.35800", "2006-09-30": "67.47800", "2006-06-30": "66.65300", "2006-03-31": "66.73200", "2005-12-31": "66.87500", "2005-09-30": "66.71500", "2005-06-30": "66.79600", "2005-03-31": "66.88100"}, "Basic EPS": {"2020-12-31": "10.15000", "2020-09-30": "8.94000", "2020-06-30": "7.90000", "2020-03-31": "5.19000", "2019-12-31": "8.37000", "2019-09-30": "7.21000", "2019-06-30": "6.46000", "2019-03-31": "6.65000", "2018-12-31": "5.85000", "2018-09-30": "7.59000", "2018-06-30": "6.67000", "2018-03-31": "6.75000", "2017-12-31": "14.18000", "2017-09-30": "5.83000", "2017-06-30": "5.26000", "2017-03-31": "5.27000", "2016-12-31": "5.18000", "2016-09-30": "5.33000", "2016-06-30": "4.79000", "2016-03-31": "3.97000", "2015-12-31": "5.18000", "2015-09-30": "5.08000", "2015-06-30": "4.92000", "2015-03-31": "4.92000", "2014-12-31": "4.86000", "2014-09-30": "5.46000", "2014-06-30": "4.79000", "2014-03-31": "4.47000", "2013-12-31": "4.97000", "2013-09-30": "4.30000", "2013-06-30": "4.27000", "2013-03-31": "3.69000", "2012-12-31": "3.99000", "2012-09-30": "3.72000", "2012-06-30": "3.13000", "2012-03-31": "3.19000", "2011-12-31": "3.10000", "2011-09-30": "3.28000", "2011-06-30": "3.26000", "2011-03-31": "2.92000", "2010-12-31": "3.39000", "2010-09-30": "2.85000", "2010-06-30": "2.23000", "2010-03-31": "2.20000", "2009-12-31": "1.68000", "2009-09-30": "2.31000", "2009-06-30": "1.62000", "2009-03-31": "0.63000", "2008-12-31": "0.39000", "2008-09-30": "1.62000", "2008-06-30": "2.04000", "2008-03-31": "1.81000", "2007-12-31": "2.29000", "2007-09-30": "1.99000", "2007-06-30": "1.73000", "2007-03-31": "1.52000", "2006-12-31": "1.61000", "2006-09-30": "0.29000", "2006-06-30": "0.99000", "2006-03-31": "1.11000", "2005-12-31": "1.14000", "2005-09-30": "0.95000", "2005-06-30": "0.83000", "2005-03-31": "0.72000"}, "EPS - Earnings Per Share": {"2020-12-31": "10.02000", "2020-09-30": "8.87000", "2020-06-30": "7.85000", "2020-03-31": "5.15000", "2019-12-31": "8.26000", "2019-09-30": "7.15000", "2019-06-30": "6.41000", "2019-03-31": "6.61000", "2018-12-31": "5.74000", "2018-09-30": "7.54000", "2018-06-30": "6.62000", "2018-03-31": "6.68000", "2017-12-31": "13.95000", "2017-09-30": "5.76000", "2017-06-30": "5.20000", "2017-03-31": "5.21000", "2016-12-31": "5.11000", "2016-09-30": "5.26000", "2016-06-30": "4.73000", "2016-03-31": "3.92000", "2015-12-31": "5.11000", "2015-09-30": "5.00000", "2015-06-30": "4.84000", "2015-03-31": "4.84000", "2014-12-31": "4.76000", "2014-09-30": "5.37000", "2014-06-30": "4.72000", "2014-03-31": "4.40000", "2013-12-31": "4.85000", "2013-09-30": "4.21000", "2013-06-30": "4.19000", "2013-03-31": "3.62000", "2012-12-31": "3.92000", "2012-09-30": "3.65000", "2012-06-30": "3.08000", "2012-03-31": "3.14000", "2011-12-31": "3.04000", "2011-09-30": "3.23000", "2011-06-30": "3.21000", "2011-03-31": "2.89000", "2010-12-31": "3.34000", "2010-09-30": "2.83000", "2010-06-30": "2.21000", "2010-03-31": "2.17000", "2009-12-31": "1.63000", "2009-09-30": "2.27000", "2009-06-30": "1.59000", "2009-03-31": "0.62000", "2008-12-31": "0.42000", "2008-09-30": "1.59000", "2008-06-30": "2.00000", "2008-03-31": "1.77000", "2007-12-31": "2.26000", "2007-09-30": "1.94000", "2007-06-30": "1.69000", "2007-03-31": "1.48000", "2006-12-31": "1.58000", "2006-09-30": "0.28000", "2006-06-30": "0.95000", "2006-03-31": "1.06000", "2005-12-31": "1.08000", "2005-09-30": "0.92000", "2005-06-30": "0.80000", "2005-03-31": "0.70000"}}, "balance sheet": {"Cash On Hand": {"2020-12-31": "", "2019-12-31": "4829.00000", "2018-12-31": "6488.00000", "2017-12-31": "7038.00000", "2016-12-31": "6175.00000", "2015-12-31": "6231.00000", "2014-12-31": "6001.00000", "2013-12-31": "4551.00000", "2012-12-31": "4903.00000", "2011-12-31": "3560.00000", "2010-12-31": "3460.00000", "2009-12-31": "4708.00000", "2008-12-31": "2032.00000", "2007-12-31": "1656.00000", "2006-12-31": "1160.30400", "2005-12-31": "484.22300"}, "Receivables": {"2020-12-31": "", "2019-12-31": "3179.00000", "2018-12-31": "2657.00000", "2017-12-31": "2699.00000", "2016-12-31": "2115.00000", "2015-12-31": "2237.00000", "2014-12-31": "2120.00000", "2013-12-31": "2247.00000", "2012-12-31": "2250.00000", "2011-12-31": "1960.00000", "2010-12-31": "2095.00000", "2009-12-31": "1718.00000", "2008-12-31": "901.00000", "2007-12-31": "1236.00000", "2006-12-31": "964.36600", "2005-12-31": "310.42300"}, "Inventory": {"2020-12-31": "", "2019-12-31": "", "2018-12-31": "", "2017-12-31": "", "2016-12-31": "", "2015-12-31": "", "2014-12-31": "", "2013-12-31": "", "2012-12-31": "", "2011-12-31": "", "2010-12-31": "", "2009-12-31": "", "2008-12-31": "", "2007-12-31": "", "2006-12-31": "", "2005-12-31": ""}, "Pre-Paid Expenses": {"2020-12-31": "", "2019-12-31": "", "2018-12-31": "", "2017-12-31": "", "2016-12-31": "", "2015-12-31": "", "2014-12-31": "", "2013-12-31": "", "2012-12-31": "", "2011-12-31": "", "2010-12-31": "", "2009-12-31": "", "2008-12-31": "", "2007-12-31": "", "2006-12-31": "", "2005-12-31": ""}, "Other Current Assets": {"2020-12-31": "", "2019-12-31": "", "2018-12-31": "", "2017-12-31": "", "2016-12-31": "", "2015-12-31": "", "2014-12-31": "", "2013-12-31": "", "2012-12-31": "", "2011-12-31": "", "2010-12-31": "", "2009-12-31": "", "2008-12-31": "", "2007-12-31": "", "2006-12-31": "", "2005-12-31": ""}, "Total Current Assets": {"2020-12-31": "", "2019-12-31": "8008.00000", "2018-12-31": "9145.00000", "2017-12-31": "9737.00000", "2016-12-31": "8290.00000", "2015-12-31": "8468.00000", "2014-12-31": "8121.00000", "2013-12-31": "6798.00000", "2012-12-31": "7153.00000", "2011-12-31": "5520.00000", "2010-12-31": "5555.00000", "2009-12-31": "6426.00000", "2008-12-31": "2933.00000", "2007-12-31": "2892.00000", "2006-12-31": "2124.67000", "2005-12-31": "794.64600"}, "Property, Plant, And Equipment": {"2020-12-31": "", "2019-12-31": "715.00000", "2018-12-31": "643.00000", "2017-12-31": "592.00000", "2016-12-31": "559.00000", "2015-12-31": "581.00000", "2014-12-31": "467.00000", "2013-12-31": "525.00000", "2012-12-31": "557.00000", "2011-12-31": "537.00000", "2010-12-31": "428.00000", "2009-12-31": "443.00000", "2008-12-31": "260.00000", "2007-12-31": "266.00000", "2006-12-31": "214.78400", "2005-12-31": "129.45100"}, "Long-Term Investments": {"2020-12-31": "", "2019-12-31": "5489.00000", "2018-12-31": "4476.00000", "2017-12-31": "3474.00000", "2016-12-31": "2603.00000", "2015-12-31": "2608.00000", "2014-12-31": "5241.00000", "2013-12-31": "2151.00000", "2012-12-31": "1750.00000", "2011-12-31": "1631.00000", "2010-12-31": "1540.00000", "2009-12-31": "1049.00000", "2008-12-31": "1429.00000", "2007-12-31": "2000.00000", "2006-12-31": "2097.57400", "2005-12-31": "298.66800"}, "Goodwill And Intangible Assets": {"2020-12-31": "", "2019-12-31": "32931.00000", "2018-12-31": "31365.00000", "2017-12-31": "30609.00000", "2016-12-31": "30481.00000", "2015-12-31": "30495.00000", "2014-12-31": "30305.00000", "2013-12-31": "30481.00000", "2012-12-31": "30312.00000", "2011-12-31": "30148.00000", "2010-12-31": "30317.00000", "2009-12-31": "30346.00000", "2008-12-31": "11974.00000", "2007-12-31": "12073.00000", "2006-12-31": "11139.45000", "2005-12-31": "483.98200"}, "Other Long-Term Assets": {"2020-12-31": "", "2019-12-31": "121479.00000", "2018-12-31": "113944.00000", "2017-12-31": "175829.00000", "2016-12-31": "178244.00000", "2015-12-31": "183109.00000", "2014-12-31": "195658.00000", "2013-12-31": "179918.00000", "2012-12-31": "160679.00000", "2011-12-31": "142022.00000", "2010-12-31": "140553.00000", "2009-12-31": "139757.00000", "2008-12-31": "3193.00000", "2007-12-31": "5155.00000", "2006-12-31": "4715.77500", "2005-12-31": "78.24800"}, "Total Long-Term Assets": {"2020-12-31": "", "2019-12-31": "160614.00000", "2018-12-31": "150428.00000", "2017-12-31": "210504.00000", "2016-12-31": "211887.00000", "2015-12-31": "216793.00000", "2014-12-31": "231671.00000", "2013-12-31": "213075.00000", "2012-12-31": "193298.00000", "2011-12-31": "174376.00000", "2010-12-31": "172904.00000", "2009-12-31": "171698.00000", "2008-12-31": "16991.00000", "2007-12-31": "19669.00000", "2006-12-31": "18344.82000", "2005-12-31": "1053.35400"}, "Total Assets": {"2020-12-31": "0.00000", "2019-12-31": "168622.00000", "2018-12-31": "159573.00000", "2017-12-31": "220241.00000", "2016-12-31": "220177.00000", "2015-12-31": "225261.00000", "2014-12-31": "239792.00000", "2013-12-31": "219873.00000", "2012-12-31": "200451.00000", "2011-12-31": "179896.00000", "2010-12-31": "178459.00000", "2009-12-31": "178124.00000", "2008-12-31": "19924.00000", "2007-12-31": "22561.00000", "2006-12-31": "20469.49000", "2005-12-31": "1848.00000"}, "Total Current Liabilities": {"2020-12-31": "", "2019-12-31": "3224.00000", "2018-12-31": "3280.00000", "2017-12-31": "8328.00000", "2016-12-31": "2760.00000", "2015-12-31": "3039.00000", "2014-12-31": "2900.00000", "2013-12-31": "2831.00000", "2012-12-31": "2702.00000", "2011-12-31": "2428.00000", "2010-12-31": "2745.00000", "2009-12-31": "5061.00000", "2008-12-31": "1674.00000", "2007-12-31": "2290.00000", "2006-12-31": "2048.94800", "2005-12-31": "598.41600"}, "Long Term Debt": {"2020-12-31": "", "2019-12-31": "20421.00000", "2018-12-31": "25634.00000", "2017-12-31": "24190.00000", "2016-12-31": "32923.00000", "2015-12-31": "36266.00000", "2014-12-31": "41965.00000", "2013-12-31": "29096.00000", "2012-12-31": "31110.00000", "2011-12-31": "27182.00000", "2010-12-31": "22175.00000", "2009-12-31": "22769.00000", "2008-12-31": "942.00000", "2007-12-31": "947.00000", "2006-12-31": "253.16700", "2005-12-31": "253.79100"}, "Other Non-Current Liabilities": {"2020-12-31": "", "2019-12-31": "106314.00000", "2018-12-31": "93548.00000", "2017-12-31": "151932.00000", "2016-12-31": "150310.00000", "2015-12-31": "152061.00000", "2014-12-31": "162418.00000", "2013-12-31": "156191.00000", "2012-12-31": "135729.00000", "2011-12-31": "119601.00000", "2010-12-31": "121728.00000", "2009-12-31": "120121.00000", "2008-12-31": "2922.00000", "2007-12-31": "5090.00000", "2006-12-31": "4537.73500", "2005-12-31": "63.93600"}, "Total Long Term Liabilities": {"2020-12-31": "", "2019-12-31": "131785.00000", "2018-12-31": "123860.00000", "2017-12-31": "180065.00000", "2016-12-31": "188267.00000", "2015-12-31": "193642.00000", "2014-12-31": "209407.00000", "2013-12-31": "190426.00000", "2012-12-31": "172164.00000", "2011-12-31": "152198.00000", "2010-12-31": "149386.00000", "2009-12-31": "148510.00000", "2008-12-31": "5956.00000", "2007-12-31": "8675.00000", "2006-12-31": "7638.66400", "2005-12-31": "327.34100"}, "Total Liabilities": {"2020-12-31": "", "2019-12-31": "135009.00000", "2018-12-31": "127140.00000", "2017-12-31": "188393.00000", "2016-12-31": "191027.00000", "2015-12-31": "196681.00000", "2014-12-31": "212307.00000", "2013-12-31": "193257.00000", "2012-12-31": "174866.00000", "2011-12-31": "154626.00000", "2010-12-31": "152131.00000", "2009-12-31": "153571.00000", "2008-12-31": "7630.00000", "2007-12-31": "10965.00000", "2006-12-31": "9687.61200", "2005-12-31": "925.75700"}, "Common Stock Net": {"2020-12-31": "", "2019-12-31": "2.00000", "2018-12-31": "2.00000", "2017-12-31": "2.00000", "2016-12-31": "2.00000", "2015-12-31": "2.00000", "2014-12-31": "2.00000", "2013-12-31": "2.00000", "2012-12-31": "2.00000", "2011-12-31": "1.00000", "2010-12-31": "1.00000", "2009-12-31": "1.00000", "2008-12-31": "1.00000", "2007-12-31": "1.00000", "2006-12-31": "1.17400", "2005-12-31": "0.65300"}, "Retained Earnings (Accumulated Deficit)": {"2020-12-31": "", "2019-12-31": "21662.00000", "2018-12-31": "19282.00000", "2017-12-31": "16939.00000", "2016-12-31": "13660.00000", "2015-12-31": "12033.00000", "2014-12-31": "10145.00000", "2013-12-31": "8230.00000", "2012-12-31": "6473.00000", "2011-12-31": "5118.00000", "2010-12-31": "3798.00000", "2009-12-31": "2436.00000", "2008-12-31": "1982.00000", "2007-12-31": "1622.00000", "2006-12-31": "993.82100", "2005-12-31": "806.88400"}, "Comprehensive Income": {"2020-12-31": "", "2019-12-31": "-571.00000", "2018-12-31": "-691.00000", "2017-12-31": "-432.00000", "2016-12-31": "-716.00000", "2015-12-31": "-448.00000", "2014-12-31": "-273.00000", "2013-12-31": "-35.00000", "2012-12-31": "-59.00000", "2011-12-31": "-127.00000", "2010-12-31": "-96.00000", "2009-12-31": "-96.00000", "2008-12-31": "-186.00000", "2007-12-31": "71.00000", "2006-12-31": "44.66600", "2005-12-31": "2.67300"}, "Other Share Holders Equity": {"2020-12-31": "", "2019-12-31": "", "2018-12-31": "", "2017-12-31": "", "2016-12-31": "", "2015-12-31": "", "2014-12-31": "", "2013-12-31": "", "2012-12-31": "", "2011-12-31": "-1.00000", "2010-12-31": "-1.00000", "2009-12-31": "-137.00000", "2008-12-31": "-143.00000", "2007-12-31": "-188.00000", "2006-12-31": "", "2005-12-31": ""}, "Share Holder Equity": {"2020-12-31": "", "2019-12-31": "33613.00000", "2018-12-31": "32433.00000", "2017-12-31": "31848.00000", "2016-12-31": "29150.00000", "2015-12-31": "28580.00000", "2014-12-31": "27485.00000", "2013-12-31": "26616.00000", "2012-12-31": "25585.00000", "2011-12-31": "25270.00000", "2010-12-31": "26328.00000", "2009-12-31": "24553.00000", "2008-12-31": "12294.00000", "2007-12-31": "11596.00000", "2006-12-31": "10781.88000", "2005-12-31": "922.24300"}, "Total Liabilities And Share Holders Equity": {"2020-12-31": "", "2019-12-31": "168622.00000", "2018-12-31": "159573.00000", "2017-12-31": "220241.00000", "2016-12-31": "220177.00000", "2015-12-31": "225261.00000", "2014-12-31": "239792.00000", "2013-12-31": "219873.00000", "2012-12-31": "200451.00000", "2011-12-31": "179896.00000", "2010-12-31": "178459.00000", "2009-12-31": "178124.00000", "2008-12-31": "19924.00000", "2007-12-31": "22561.00000", "2006-12-31": "20469.49000", "2005-12-31": "1848.00000"}}, "balance sheet, quarterly": {"Cash On Hand": {"2020-12-31": "", "2020-09-30": "6507.00000", "2020-06-30": "5466.00000", "2020-03-31": "4406.00000", "2019-12-31": "4829.00000", "2019-09-30": "4607.00000", "2019-06-30": "4023.00000", "2019-03-31": "4061.00000", "2018-12-31": "6488.00000", "2018-09-30": "6580.00000", "2018-06-30": "6724.00000", "2018-03-31": "6081.00000", "2017-12-31": "7038.00000", "2017-09-30": "6247.00000", "2017-06-30": "5582.00000", "2017-03-31": "5814.00000", "2016-12-31": "6175.00000", "2016-09-30": "5615.00000", "2016-06-30": "5237.00000", "2016-03-31": "5084.00000", "2015-12-31": "6231.00000", "2015-09-30": "5749.00000", "2015-06-30": "4971.00000", "2015-03-31": "4572.00000", "2014-12-31": "6001.00000", "2014-09-30": "6324.00000", "2014-06-30": "5497.00000", "2014-03-31": "4585.00000", "2013-12-31": "4551.00000", "2013-09-30": "4080.00000", "2013-06-30": "3793.00000", "2013-03-31": "4232.00000", "2012-12-31": "4903.00000", "2012-09-30": "4515.00000", "2012-06-30": "3639.00000", "2012-03-31": "2647.00000", "2011-12-31": "3560.00000", "2011-09-30": "3053.00000", "2011-06-30": "2861.00000", "2011-03-31": "2912.00000", "2010-12-31": "3460.00000", "2010-09-30": "2727.00000", "2010-06-30": "2244.00000", "2010-03-31": "2793.00000", "2009-12-31": "4708.00000", "2009-09-30": "2763.00000", "2009-06-30": "2305.00000", "2009-03-31": "1793.00000", "2008-12-31": "2032.00000", "2008-09-30": "1793.29300", "2008-06-30": "1427.52200", "2008-03-31": "1194.18000", "2007-12-31": "1656.00000", "2007-09-30": "2320.57900", "2007-06-30": "1356.25000", "2007-03-31": "1018.82800", "2006-12-31": "1160.30400", "2006-09-30": "943.90100", "2006-06-30": "368.68700", "2006-03-31": "368.09800", "2005-12-31": "484.22300", "2005-09-30": "396.51400", "2005-06-30": "367.38600", "2005-03-31": "312.28600"}, "Receivables": {"2020-12-31": "", "2020-09-30": "3706.00000", "2020-06-30": "2990.00000", "2020-03-31": "3095.00000", "2019-12-31": "3179.00000", "2019-09-30": "3026.00000", "2019-06-30": "2863.00000", "2019-03-31": "2771.00000", "2018-12-31": "2657.00000", "2018-09-30": "2682.00000", "2018-06-30": "2567.00000", "2018-03-31": "2677.00000", "2017-12-31": "2699.00000", "2017-09-30": "3183.00000", "2017-06-30": "2984.00000", "2017-03-31": "3227.00000", "2016-12-31": "2115.00000", "2016-09-30": "2601.00000", "2016-06-30": "2885.00000", "2016-03-31": "2526.00000", "2015-12-31": "2237.00000", "2015-09-30": "2542.00000", "2015-06-30": "2347.00000", "2015-03-31": "2836.00000", "2014-12-31": "2120.00000", "2014-09-30": "2631.00000", "2014-06-30": "4207.00000", "2014-03-31": "2868.00000", "2013-12-31": "2247.00000", "2013-09-30": "4311.00000", "2013-06-30": "2249.00000", "2013-03-31": "2618.00000", "2012-12-31": "2250.00000", "2012-09-30": "2464.00000", "2012-06-30": "2084.00000", "2012-03-31": "2312.00000", "2011-12-31": "1960.00000", "2011-09-30": "2073.00000", "2011-06-30": "2084.00000", "2011-03-31": "2223.00000", "2010-12-31": "2095.00000", "2010-09-30": "2052.00000", "2010-06-30": "1989.00000", "2010-03-31": "1868.00000", "2009-12-31": "1718.00000", "2009-09-30": "1219.00000", "2009-06-30": "1067.00000", "2009-03-31": "953.00000", "2008-12-31": "901.00000", "2008-09-30": "1208.57700", "2008-06-30": "1569.11600", "2008-03-31": "1490.83700", "2007-12-31": "1236.00000", "2007-09-30": "1155.99600", "2007-06-30": "1077.65400", "2007-03-31": "1282.31600", "2006-12-31": "964.36600", "2006-09-30": "1043.84000", "2006-06-30": "438.27600", "2006-03-31": "387.27900", "2005-12-31": "310.42300", "2005-09-30": "274.67200", "2005-06-30": "243.79600", "2005-03-31": "245.10000"}, "Inventory": {"2020-12-31": "", "2020-09-30": "", "2020-06-30": "", "2020-03-31": "", "2019-12-31": "", "2019-09-30": "", "2019-06-30": "", "2019-03-31": "", "2018-12-31": "", "2018-09-30": "", "2018-06-30": "", "2018-03-31": "", "2017-12-31": "", "2017-09-30": "", "2017-06-30": "", "2017-03-31": "", "2016-12-31": "", "2016-09-30": "", "2016-06-30": "", "2016-03-31": "", "2015-12-31": "", "2015-09-30": "", "2015-06-30": "", "2015-03-31": "", "2014-12-31": "", "2014-09-30": "", "2014-06-30": "", "2014-03-31": "", "2013-12-31": "", "2013-09-30": "", "2013-06-30": "", "2013-03-31": "", "2012-12-31": "", "2012-09-30": "", "2012-06-30": "", "2012-03-31": "", "2011-12-31": "", "2011-09-30": "", "2011-06-30": "1598.00000", "2011-03-31": "", "2010-12-31": "", "2010-09-30": "1512.00000", "2010-06-30": "", "2010-03-31": "", "2009-12-31": "", "2009-09-30": "", "2009-06-30": "", "2009-03-31": "1137.00000", "2008-12-31": "", "2008-09-30": "", "2008-06-30": "", "2008-03-31": "", "2007-12-31": "", "2007-09-30": "", "2007-06-30": "", "2007-03-31": "", "2006-12-31": "", "2006-09-30": "", "2006-06-30": "", "2006-03-31": "", "2005-12-31": "", "2005-09-30": "", "2005-06-30": "", "2005-03-31": ""}, "Pre-Paid Expenses": {"2020-12-31": "", "2020-09-30": "", "2020-06-30": "", "2020-03-31": "", "2019-12-31": "", "2019-09-30": "", "2019-06-30": "", "2019-03-31": "", "2018-12-31": "", "2018-09-30": "", "2018-06-30": "", "2018-03-31": "", "2017-12-31": "", "2017-09-30": "", "2017-06-30": "", "2017-03-31": "", "2016-12-31": "", "2016-09-30": "", "2016-06-30": "", "2016-03-31": "", "2015-12-31": "", "2015-09-30": "", "2015-06-30": "", "2015-03-31": "", "2014-12-31": "", "2014-09-30": "", "2014-06-30": "", "2014-03-31": "", "2013-12-31": "", "2013-09-30": "", "2013-06-30": "", "2013-03-31": "", "2012-12-31": "", "2012-09-30": "", "2012-06-30": "", "2012-03-31": "", "2011-12-31": "", "2011-09-30": "", "2011-06-30": "", "2011-03-31": "", "2010-12-31": "", "2010-09-30": "", "2010-06-30": "", "2010-03-31": "", "2009-12-31": "", "2009-09-30": "", "2009-06-30": "", "2009-03-31": "", "2008-12-31": "", "2008-09-30": "", "2008-06-30": "", "2008-03-31": "", "2007-12-31": "", "2007-09-30": "", "2007-06-30": "", "2007-03-31": "", "2006-12-31": "", "2006-09-30": "", "2006-06-30": "", "2006-03-31": "", "2005-12-31": "", "2005-09-30": "", "2005-06-30": "", "2005-03-31": ""}, "Other Current Assets": {"2020-12-31": "", "2020-09-30": "", "2020-06-30": "", "2020-03-31": "", "2019-12-31": "", "2019-09-30": "", "2019-06-30": "", "2019-03-31": "", "2018-12-31": "", "2018-09-30": "", "2018-06-30": "", "2018-03-31": "", "2017-12-31": "", "2017-09-30": "", "2017-06-30": "", "2017-03-31": "", "2016-12-31": "", "2016-09-30": "", "2016-06-30": "", "2016-03-31": "", "2015-12-31": "", "2015-09-30": "", "2015-06-30": "", "2015-03-31": "", "2014-12-31": "", "2014-09-30": "", "2014-06-30": "", "2014-03-31": "", "2013-12-31": "", "2013-09-30": "", "2013-06-30": "", "2013-03-31": "", "2012-12-31": "", "2012-09-30": "", "2012-06-30": "", "2012-03-31": "", "2011-12-31": "", "2011-09-30": "", "2011-06-30": "", "2011-03-31": "", "2010-12-31": "", "2010-09-30": "", "2010-06-30": "", "2010-03-31": "", "2009-12-31": "", "2009-09-30": "", "2009-06-30": "", "2009-03-31": "", "2008-12-31": "", "2008-09-30": "", "2008-06-30": "", "2008-03-31": "", "2007-12-31": "", "2007-09-30": "", "2007-06-30": "", "2007-03-31": "", "2006-12-31": "", "2006-09-30": "", "2006-06-30": "", "2006-03-31": "", "2005-12-31": "", "2005-09-30": "", "2005-06-30": "", "2005-03-31": ""}, "Total Current Assets": {"2020-12-31": "", "2020-09-30": "10213.00000", "2020-06-30": "8456.00000", "2020-03-31": "7501.00000", "2019-12-31": "8008.00000", "2019-09-30": "7633.00000", "2019-06-30": "6886.00000", "2019-03-31": "6832.00000", "2018-12-31": "9145.00000", "2018-09-30": "9262.00000", "2018-06-30": "9291.00000", "2018-03-31": "8758.00000", "2017-12-31": "9737.00000", "2017-09-30": "9430.00000", "2017-06-30": "8566.00000", "2017-03-31": "9041.00000", "2016-12-31": "8290.00000", "2016-09-30": "8216.00000", "2016-06-30": "8122.00000", "2016-03-31": "7610.00000", "2015-12-31": "8468.00000", "2015-09-30": "8291.00000", "2015-06-30": "7318.00000", "2015-03-31": "7408.00000", "2014-12-31": "8121.00000", "2014-09-30": "8955.00000", "2014-06-30": "9704.00000", "2014-03-31": "7453.00000", "2013-12-31": "6798.00000", "2013-09-30": "8391.00000", "2013-06-30": "6042.00000", "2013-03-31": "6850.00000", "2012-12-31": "7153.00000", "2012-09-30": "6979.00000", "2012-06-30": "5723.00000", "2012-03-31": "4959.00000", "2011-12-31": "5520.00000", "2011-09-30": "5126.00000", "2011-06-30": "6543.00000", "2011-03-31": "5135.00000", "2010-12-31": "5555.00000", "2010-09-30": "6291.00000", "2010-06-30": "4233.00000", "2010-03-31": "4661.00000", "2009-12-31": "6426.00000", "2009-09-30": "3982.00000", "2009-06-30": "3372.00000", "2009-03-31": "3883.00000", "2008-12-31": "2933.00000", "2008-09-30": "3001.87000", "2008-06-30": "2996.63800", "2008-03-31": "2685.01700", "2007-12-31": "2892.00000", "2007-09-30": "3476.57500", "2007-06-30": "2433.90400", "2007-03-31": "2301.14400", "2006-12-31": "2124.67000", "2006-09-30": "1987.74100", "2006-06-30": "806.96300", "2006-03-31": "755.37700", "2005-12-31": "794.64600", "2005-09-30": "671.18600", "2005-06-30": "611.18200", "2005-03-31": "557.38600"}, "Property, Plant, And Equipment": {"2020-12-31": "", "2020-09-30": "693.00000", "2020-06-30": "697.00000", "2020-03-31": "714.00000", "2019-12-31": "715.00000", "2019-09-30": "669.00000", "2019-06-30": "659.00000", "2019-03-31": "656.00000", "2018-12-31": "643.00000", "2018-09-30": "588.00000", "2018-06-30": "581.00000", "2018-03-31": "589.00000", "2017-12-31": "592.00000", "2017-09-30": "571.00000", "2017-06-30": "549.00000", "2017-03-31": "546.00000", "2016-12-31": "559.00000", "2016-09-30": "564.00000", "2016-06-30": "576.00000", "2016-03-31": "581.00000", "2015-12-31": "581.00000", "2015-09-30": "543.00000", "2015-06-30": "545.00000", "2015-03-31": "537.00000", "2014-12-31": "467.00000", "2014-09-30": "468.00000", "2014-06-30": "496.00000", "2014-03-31": "508.00000", "2013-12-31": "525.00000", "2013-09-30": "523.00000", "2013-06-30": "524.00000", "2013-03-31": "529.00000", "2012-12-31": "557.00000", "2012-09-30": "560.00000", "2012-06-30": "571.00000", "2012-03-31": "545.00000", "2011-12-31": "537.00000", "2011-09-30": "545.00000", "2011-06-30": "521.00000", "2011-03-31": "479.00000", "2010-12-31": "428.00000", "2010-09-30": "429.00000", "2010-06-30": "433.00000", "2010-03-31": "450.00000", "2009-12-31": "443.00000", "2009-09-30": "250.00000", "2009-06-30": "252.00000", "2009-03-31": "256.00000", "2008-12-31": "260.00000", "2008-09-30": "274.29500", "2008-06-30": "265.39900", "2008-03-31": "270.60700", "2007-12-31": "266.00000", "2007-09-30": "250.48100", "2007-06-30": "245.12000", "2007-03-31": "226.71000", "2006-12-31": "214.78400", "2006-09-30": "193.75200", "2006-06-30": "142.52600", "2006-03-31": "136.97200", "2005-12-31": "129.45100", "2005-09-30": "123.68700", "2005-06-30": "115.32300", "2005-03-31": "107.97700"}, "Long-Term Investments": {"2020-12-31": "", "2020-09-30": "6307.00000", "2020-06-30": "5171.00000", "2020-03-31": "5240.00000", "2019-12-31": "5489.00000", "2019-09-30": "5015.00000", "2019-06-30": "4420.00000", "2019-03-31": "4509.00000", "2018-12-31": "4476.00000", "2018-09-30": "3977.00000", "2018-06-30": "3696.00000", "2018-03-31": "3687.00000", "2017-12-31": "3474.00000", "2017-09-30": "3214.00000", "2017-06-30": "3136.00000", "2017-03-31": "2954.00000", "2016-12-31": "2603.00000", "2016-09-30": "3142.00000", "2016-06-30": "2660.00000", "2016-03-31": "2760.00000", "2015-12-31": "2608.00000", "2015-09-30": "2288.00000", "2015-06-30": "1436.00000", "2015-03-31": "2204.00000", "2014-12-31": "5241.00000", "2014-09-30": "1951.00000", "2014-06-30": "2095.00000", "2014-03-31": "2092.00000", "2013-12-31": "2151.00000", "2013-09-30": "1878.00000", "2013-06-30": "1773.00000", "2013-03-31": "1711.00000", "2012-12-31": "1750.00000", "2012-09-30": "1864.00000", "2012-06-30": "1879.00000", "2012-03-31": "1951.00000", "2011-12-31": "1631.00000", "2011-09-30": "1525.00000", "2011-06-30": "", "2011-03-31": "1528.00000", "2010-12-31": "1540.00000", "2010-09-30": "", "2010-06-30": "1463.00000", "2010-03-31": "1096.00000", "2009-12-31": "1049.00000", "2009-09-30": "1041.00000", "2009-06-30": "957.00000", "2009-03-31": "", "2008-12-31": "1429.00000", "2008-09-30": "2145.74400", "2008-06-30": "1941.52500", "2008-03-31": "1922.92800", "2007-12-31": "2000.00000", "2007-09-30": "2680.75100", "2007-06-30": "2484.12700", "2007-03-31": "2194.86300", "2006-12-31": "2097.57400", "2006-09-30": "1616.21100", "2006-06-30": "347.25300", "2006-03-31": "338.36100", "2005-12-31": "298.66800", "2005-09-30": "292.26700", "2005-06-30": "282.80700", "2005-03-31": "325.39200"}, "Goodwill And Intangible Assets": {"2020-12-31": "", "2020-09-30": "32844.00000", "2020-06-30": "32873.00000", "2020-03-31": "32903.00000", "2019-12-31": "32931.00000", "2019-09-30": "32959.00000", "2019-06-30": "32988.00000", "2019-03-31": "31348.00000", "2018-12-31": "31365.00000", "2018-09-30": "31380.00000", "2018-06-30": "30582.00000", "2018-03-31": "30595.00000", "2017-12-31": "30609.00000", "2017-09-30": "30626.00000", "2017-06-30": "30622.00000", "2017-03-31": "30451.00000", "2016-12-31": "30481.00000", "2016-09-30": "30511.00000", "2016-06-30": "30540.00000", "2016-03-31": "30466.00000", "2015-12-31": "30495.00000", "2015-09-30": "30325.00000", "2015-06-30": "30364.00000", "2015-03-31": "30404.00000", "2014-12-31": "30305.00000", "2014-09-30": "30344.00000", "2014-06-30": "30389.00000", "2014-03-31": "30434.00000", "2013-12-31": "30481.00000", "2013-09-30": "30451.00000", "2013-06-30": "30221.00000", "2013-03-31": "30266.00000", "2012-12-31": "30312.00000", "2012-09-30": "30350.00000", "2012-06-30": "30329.00000", "2012-03-31": "30379.00000", "2011-12-31": "30148.00000", "2011-09-30": "30192.00000", "2011-06-30": "30236.00000", "2011-03-31": "30276.00000", "2010-12-31": "30317.00000", "2010-09-30": "30187.00000", "2010-06-30": "30226.00000", "2010-03-31": "30267.00000", "2009-12-31": "30346.00000", "2009-09-30": "12053.00000", "2009-06-30": "12094.00000", "2009-03-31": "12141.00000", "2008-12-31": "11974.00000", "2008-09-30": "12020.77000", "2008-06-30": "12042.26000", "2008-03-31": "12044.02000", "2007-12-31": "12073.00000", "2007-09-30": "11243.76000", "2007-06-30": "11282.28000", "2007-03-31": "11158.28000", "2006-12-31": "11139.45000", "2006-09-30": "9386.69300", "2006-06-30": "489.67600", "2006-03-31": "492.49100", "2005-12-31": "483.98200", "2005-09-30": "491.71000", "2005-06-30": "499.99100", "2005-03-31": "443.68500"}, "Other Long-Term Assets": {"2020-12-31": "", "2020-09-30": "115061.00000", "2020-06-30": "110145.00000", "2020-03-31": "102662.00000", "2019-12-31": "121479.00000", "2019-09-30": "117596.00000", "2019-06-30": "118394.00000", "2019-03-31": "121663.00000", "2018-12-31": "113944.00000", "2018-09-30": "129655.00000", "2018-06-30": "151399.00000", "2018-03-31": "172388.00000", "2017-12-31": "175829.00000", "2017-09-30": "176726.00000", "2017-06-30": "174615.00000", "2017-03-31": "187594.00000", "2016-12-31": "178244.00000", "2016-09-30": "184306.00000", "2016-06-30": "180157.00000", "2016-03-31": "181541.00000", "2015-12-31": "183109.00000", "2015-09-30": "180769.00000", "2015-06-30": "197345.00000", "2015-03-31": "202161.00000", "2014-12-31": "195658.00000", "2014-09-30": "181094.00000", "2014-06-30": "189009.00000", "2014-03-31": "175810.00000", "2013-12-31": "179918.00000", "2013-09-30": "171474.00000", "2013-06-30": "155185.00000", "2013-03-31": "161382.00000", "2012-12-31": "160679.00000", "2012-09-30": "153049.00000", "2012-06-30": "143947.00000", "2012-03-31": "147650.00000", "2011-12-31": "142022.00000", "2011-09-30": "136849.00000", "2011-06-30": "147694.00000", "2011-03-31": "140944.00000", "2010-12-31": "140553.00000", "2010-09-30": "137522.00000", "2010-06-30": "125820.00000", "2010-03-31": "131486.00000", "2009-12-31": "139757.00000", "2009-09-30": "3948.00000", "2009-06-30": "3623.00000", "2009-03-31": "2823.00000", "2008-12-31": "3193.00000", "2008-09-30": "4097.91400", "2008-06-30": "4603.15800", "2008-03-31": "4724.33100", "2007-12-31": "5155.00000", "2007-09-30": "5248.55900", "2007-06-30": "5108.10700", "2007-03-31": "4674.73400", "2006-12-31": "4715.77500", "2006-09-30": "4403.82900", "2006-06-30": "66.64000", "2006-03-31": "55.70800", "2005-12-31": "78.24800", "2005-09-30": "81.69900", "2005-06-30": "37.84300", "2005-03-31": "40.48000"}, "Total Long-Term Assets": {"2020-12-31": "", "2020-09-30": "154905.00000", "2020-06-30": "148886.00000", "2020-03-31": "141519.00000", "2019-12-31": "160614.00000", "2019-09-30": "156239.00000", "2019-06-30": "156461.00000", "2019-03-31": "158176.00000", "2018-12-31": "150428.00000", "2018-09-30": "165600.00000", "2018-06-30": "186258.00000", "2018-03-31": "207259.00000", "2017-12-31": "210504.00000", "2017-09-30": "211137.00000", "2017-06-30": "208922.00000", "2017-03-31": "221545.00000", "2016-12-31": "211887.00000", "2016-09-30": "218523.00000", "2016-06-30": "213933.00000", "2016-03-31": "215348.00000", "2015-12-31": "216793.00000", "2015-09-30": "213925.00000", "2015-06-30": "229690.00000", "2015-03-31": "235306.00000", "2014-12-31": "231671.00000", "2014-09-30": "213857.00000", "2014-06-30": "221989.00000", "2014-03-31": "208844.00000", "2013-12-31": "213075.00000", "2013-09-30": "204326.00000", "2013-06-30": "187703.00000", "2013-03-31": "193888.00000", "2012-12-31": "193298.00000", "2012-09-30": "185849.00000", "2012-06-30": "176757.00000", "2012-03-31": "180559.00000", "2011-12-31": "174376.00000", "2011-09-30": "169156.00000", "2011-06-30": "178505.00000", "2011-03-31": "173287.00000", "2010-12-31": "172904.00000", "2010-09-30": "168213.00000", "2010-06-30": "158033.00000", "2010-03-31": "163399.00000", "2009-12-31": "171698.00000", "2009-09-30": "17398.00000", "2009-06-30": "17037.00000", "2009-03-31": "15340.00000", "2008-12-31": "16991.00000", "2008-09-30": "18694.80000", "2008-06-30": "19020.61000", "2008-03-31": "19131.39000", "2007-12-31": "19669.00000", "2007-09-30": "19601.96000", "2007-06-30": "19558.27000", "2007-03-31": "18580.85000", "2006-12-31": "18344.82000", "2006-09-30": "15886.94000", "2006-06-30": "1116.95800", "2006-03-31": "1085.67500", "2005-12-31": "1053.35400", "2005-09-30": "1001.91800", "2005-06-30": "951.36200", "2005-03-31": "936.53190"}, "Total Assets": {"2020-12-31": "0.00000", "2020-09-30": "165118.00000", "2020-06-30": "157342.00000", "2020-03-31": "149020.00000", "2019-12-31": "168622.00000", "2019-09-30": "163872.00000", "2019-06-30": "163347.00000", "2019-03-31": "165008.00000", "2018-12-31": "159573.00000", "2018-09-30": "174862.00000", "2018-06-30": "195549.00000", "2018-03-31": "216017.00000", "2017-12-31": "220241.00000", "2017-09-30": "220567.00000", "2017-06-30": "217488.00000", "2017-03-31": "230586.00000", "2016-12-31": "220177.00000", "2016-09-30": "226739.00000", "2016-06-30": "222055.00000", "2016-03-31": "222958.00000", "2015-12-31": "225261.00000", "2015-09-30": "222216.00000", "2015-06-30": "237008.00000", "2015-03-31": "242714.00000", "2014-12-31": "239792.00000", "2014-09-30": "222812.00000", "2014-06-30": "231693.00000", "2014-03-31": "216297.00000", "2013-12-31": "219873.00000", "2013-09-30": "212717.00000", "2013-06-30": "193745.00000", "2013-03-31": "200738.00000", "2012-12-31": "200451.00000", "2012-09-30": "192828.00000", "2012-06-30": "182480.00000", "2012-03-31": "185518.00000", "2011-12-31": "179896.00000", "2011-09-30": "174282.00000", "2011-06-30": "185048.00000", "2011-03-31": "178422.00000", "2010-12-31": "178459.00000", "2010-09-30": "174504.00000", "2010-06-30": "162266.00000", "2010-03-31": "168060.00000", "2009-12-31": "178124.00000", "2009-09-30": "21380.00000", "2009-06-30": "20409.00000", "2009-03-31": "19223.00000", "2008-12-31": "19924.00000", "2008-09-30": "21696.67000", "2008-06-30": "22017.25000", "2008-03-31": "21816.40000", "2007-12-31": "22561.00000", "2007-09-30": "23078.53000", "2007-06-30": "21992.18000", "2007-03-31": "20881.99000", "2006-12-31": "20469.49000", "2006-09-30": "17874.68000", "2006-06-30": "1923.92100", "2006-03-31": "1841.05200", "2005-12-31": "1848.00000", "2005-09-30": "1673.10400", "2005-06-30": "1562.54400", "2005-03-31": "1493.91800"}, "Total Current Liabilities": {"2020-12-31": "", "2020-09-30": "10062.00000", "2020-06-30": "2103.00000", "2020-03-31": "1840.00000", "2019-12-31": "8179.00000", "2019-09-30": "3282.00000", "2019-06-30": "2355.00000", "2019-03-31": "1955.00000", "2018-12-31": "3280.00000", "2018-09-30": "3014.00000", "2018-06-30": "2401.00000", "2018-03-31": "2209.00000", "2017-12-31": "8328.00000", "2017-09-30": "3266.00000", "2017-06-30": "2660.00000", "2017-03-31": "2769.00000", "2016-12-31": "2760.00000", "2016-09-30": "2835.00000", "2016-06-30": "2679.00000", "2016-03-31": "2057.00000", "2015-12-31": "3039.00000", "2015-09-30": "2904.00000", "2015-06-30": "2421.00000", "2015-03-31": "2398.00000", "2014-12-31": "2900.00000", "2014-09-30": "3230.00000", "2014-06-30": "4323.00000", "2014-03-31": "2283.00000", "2013-12-31": "2831.00000", "2013-09-30": "4644.00000", "2013-06-30": "2219.00000", "2013-03-31": "2259.00000", "2012-12-31": "2702.00000", "2012-09-30": "2746.00000", "2012-06-30": "1990.00000", "2012-03-31": "1935.00000", "2011-12-31": "2428.00000", "2011-09-30": "2399.00000", "2011-06-30": "2625.00000", "2011-03-31": "1930.00000", "2010-12-31": "2745.00000", "2010-09-30": "2631.00000", "2010-06-30": "2519.00000", "2010-03-31": "2924.00000", "2009-12-31": "5061.00000", "2009-09-30": "1603.00000", "2009-06-30": "1333.00000", "2009-03-31": "1088.00000", "2008-12-31": "1674.00000", "2008-09-30": "1873.33600", "2008-06-30": "2089.79800", "2008-03-31": "1934.73100", "2007-12-31": "2290.00000", "2007-09-30": "2280.68800", "2007-06-30": "1906.79300", "2007-03-31": "1920.79200", "2006-12-31": "2048.94800", "2006-09-30": "1892.03200", "2006-06-30": "585.39900", "2006-03-31": "559.60000", "2005-12-31": "598.41600", "2005-09-30": "490.47000", "2005-06-30": "366.53900", "2005-03-31": "353.91900"}, "Long Term Debt": {"2020-12-31": "", "2020-09-30": "15137.00000", "2020-06-30": "21557.00000", "2020-03-31": "20710.00000", "2019-12-31": "15466.00000", "2019-09-30": "24817.00000", "2019-06-30": "24552.00000", "2019-03-31": "25891.00000", "2018-12-31": "25634.00000", "2018-09-30": "24610.00000", "2018-06-30": "28421.00000", "2018-03-31": "32708.00000", "2017-12-31": "24190.00000", "2017-09-30": "32750.00000", "2017-06-30": "31534.00000", "2017-03-31": "35864.00000", "2016-12-31": "32923.00000", "2016-09-30": "35072.00000", "2016-06-30": "35858.00000", "2016-03-31": "35544.00000", "2015-12-31": "36266.00000", "2015-09-30": "35734.00000", "2015-06-30": "37384.00000", "2015-03-31": "44269.00000", "2014-12-31": "41965.00000", "2014-09-30": "29792.00000", "2014-06-30": "32689.00000", "2014-03-31": "25942.00000", "2013-12-31": "29096.00000", "2013-09-30": "28968.00000", "2013-06-30": "26509.00000", "2013-03-31": "28958.00000", "2012-12-31": "31110.00000", "2012-09-30": "30591.00000", "2012-06-30": "29769.00000", "2012-03-31": "28579.00000", "2011-12-31": "27182.00000", "2011-09-30": "25593.00000", "2011-06-30": "24197.00000", "2011-03-31": "21788.00000", "2010-12-31": "22175.00000", "2010-09-30": "23476.00000", "2010-06-30": "22781.00000", "2010-03-31": "17917.00000", "2009-12-31": "22769.00000", "2009-09-30": "944.00000", "2009-06-30": "944.00000", "2009-03-31": "946.00000", "2008-12-31": "942.00000", "2008-09-30": "946.69300", "2008-06-30": "946.55200", "2008-03-31": "947.16200", "2007-12-31": "947.00000", "2007-09-30": "946.87900", "2007-06-30": "252.48400", "2007-03-31": "253.16700", "2006-12-31": "253.16700", "2006-09-30": "253.17000", "2006-06-30": "253.17000", "2006-03-31": "253.79100", "2005-12-31": "253.79100", "2005-09-30": "250.00000", "2005-06-30": "250.00000", "2005-03-31": "250.00000"}, "Other Non-Current Liabilities": {"2020-12-31": "", "2020-09-30": "100161.00000", "2020-06-30": "95984.00000", "2020-03-31": "88350.00000", "2019-12-31": "106314.00000", "2019-09-30": "98377.00000", "2019-06-30": "99955.00000", "2019-03-31": "101137.00000", "2018-12-31": "93548.00000", "2018-09-30": "110610.00000", "2018-06-30": "128346.00000", "2018-03-31": "145001.00000", "2017-12-31": "151932.00000", "2017-09-30": "149168.00000", "2017-06-30": "148426.00000", "2017-03-31": "157408.00000", "2016-12-31": "150310.00000", "2016-09-30": "154439.00000", "2016-06-30": "149464.00000", "2016-03-31": "151434.00000", "2015-12-31": "152061.00000", "2015-09-30": "150176.00000", "2015-06-30": "164074.00000", "2015-03-31": "163314.00000", "2014-12-31": "162418.00000", "2014-09-30": "157450.00000", "2014-06-30": "162438.00000", "2014-03-31": "156130.00000", "2013-12-31": "156191.00000", "2013-09-30": "147682.00000", "2013-06-30": "133874.00000", "2013-03-31": "138475.00000", "2012-12-31": "135729.00000", "2012-09-30": "128871.00000", "2012-06-30": "120414.00000", "2012-03-31": "123972.00000", "2011-12-31": "119601.00000", "2011-09-30": "115985.00000", "2011-06-30": "128116.00000", "2011-03-31": "122462.00000", "2010-12-31": "121728.00000", "2010-09-30": "117169.00000", "2010-06-30": "106117.00000", "2010-03-31": "116695.00000", "2009-12-31": "120121.00000", "2009-09-30": "3804.00000", "2009-06-30": "3394.00000", "2009-03-31": "2998.00000", "2008-12-31": "2922.00000", "2008-09-30": "3781.02000", "2008-06-30": "4313.40700", "2008-03-31": "4522.23700", "2007-12-31": "5090.00000", "2007-09-30": "5331.57700", "2007-06-30": "5382.70100", "2007-03-31": "4760.15700", "2006-12-31": "4537.73500", "2006-09-30": "4253.79200", "2006-06-30": "24.24900", "2006-03-31": "22.35100", "2005-12-31": "63.93600", "2005-09-30": "55.85800", "2005-06-30": "81.81300", "2005-03-31": "19.57400"}, "Total Long Term Liabilities": {"2020-12-31": "", "2020-09-30": "121124.00000", "2020-06-30": "122453.00000", "2020-03-31": "114110.00000", "2019-12-31": "126830.00000", "2019-09-30": "128123.00000", "2019-06-30": "129042.00000", "2019-03-31": "131691.00000", "2018-12-31": "123860.00000", "2018-09-30": "139378.00000", "2018-06-30": "160964.00000", "2018-03-31": "181786.00000", "2017-12-31": "180065.00000", "2017-09-30": "187204.00000", "2017-06-30": "185212.00000", "2017-03-31": "198611.00000", "2016-12-31": "188267.00000", "2016-09-30": "194943.00000", "2016-06-30": "190741.00000", "2016-03-31": "192432.00000", "2015-12-31": "193642.00000", "2015-09-30": "191089.00000", "2015-06-30": "206715.00000", "2015-03-31": "212840.00000", "2014-12-31": "209407.00000", "2014-09-30": "192347.00000", "2014-06-30": "200351.00000", "2014-03-31": "187401.00000", "2013-12-31": "190426.00000", "2013-09-30": "181928.00000", "2013-06-30": "165771.00000", "2013-03-31": "172848.00000", "2012-12-31": "172164.00000", "2012-09-30": "164821.00000", "2012-06-30": "155606.00000", "2012-03-31": "158059.00000", "2011-12-31": "152198.00000", "2011-09-30": "146945.00000", "2011-06-30": "157757.00000", "2011-03-31": "149780.00000", "2010-12-31": "149386.00000", "2010-09-30": "146247.00000", "2010-06-30": "134593.00000", "2010-03-31": "140268.00000", "2009-12-31": "148510.00000", "2009-09-30": "6486.00000", "2009-06-30": "6118.00000", "2009-03-31": "5861.00000", "2008-12-31": "5956.00000", "2008-09-30": "7636.17200", "2008-06-30": "7797.74500", "2008-03-31": "8067.46400", "2007-12-31": "8675.00000", "2007-09-30": "9529.53400", "2007-06-30": "8982.26600", "2007-03-31": "7962.45600", "2006-12-31": "7638.66400", "2006-09-30": "5375.35900", "2006-06-30": "297.37200", "2006-03-31": "292.51000", "2005-12-31": "327.34100", "2005-09-30": "315.44400", "2005-06-30": "342.39000", "2005-03-31": "293.60400"}, "Total Liabilities": {"2020-12-31": "", "2020-09-30": "131186.00000", "2020-06-30": "124556.00000", "2020-03-31": "115950.00000", "2019-12-31": "135009.00000", "2019-09-30": "131405.00000", "2019-06-30": "131397.00000", "2019-03-31": "133646.00000", "2018-12-31": "127140.00000", "2018-09-30": "142392.00000", "2018-06-30": "163365.00000", "2018-03-31": "183995.00000", "2017-12-31": "188393.00000", "2017-09-30": "190470.00000", "2017-06-30": "187872.00000", "2017-03-31": "201380.00000", "2016-12-31": "191027.00000", "2016-09-30": "197778.00000", "2016-06-30": "193420.00000", "2016-03-31": "194489.00000", "2015-12-31": "196681.00000", "2015-09-30": "193993.00000", "2015-06-30": "209136.00000", "2015-03-31": "215238.00000", "2014-12-31": "212307.00000", "2014-09-30": "195577.00000", "2014-06-30": "204674.00000", "2014-03-31": "189684.00000", "2013-12-31": "193257.00000", "2013-09-30": "186572.00000", "2013-06-30": "167990.00000", "2013-03-31": "175107.00000", "2012-12-31": "174866.00000", "2012-09-30": "167567.00000", "2012-06-30": "157596.00000", "2012-03-31": "159994.00000", "2011-12-31": "154626.00000", "2011-09-30": "149344.00000", "2011-06-30": "160382.00000", "2011-03-31": "151710.00000", "2010-12-31": "152131.00000", "2010-09-30": "148878.00000", "2010-06-30": "137112.00000", "2010-03-31": "143192.00000", "2009-12-31": "153571.00000", "2009-09-30": "8089.00000", "2009-06-30": "7451.00000", "2009-03-31": "6949.00000", "2008-12-31": "7630.00000", "2008-09-30": "9509.50800", "2008-06-30": "9887.54300", "2008-03-31": "10002.20000", "2007-12-31": "10965.00000", "2007-09-30": "11810.22000", "2007-06-30": "10889.06000", "2007-03-31": "9883.24800", "2006-12-31": "9687.61200", "2006-09-30": "7267.39100", "2006-06-30": "882.77100", "2006-03-31": "852.11000", "2005-12-31": "925.75700", "2005-09-30": "805.91400", "2005-06-30": "708.92900", "2005-03-31": "647.52300"}, "Common Stock Net": {"2020-12-31": "", "2020-09-30": "2.00000", "2020-06-30": "2.00000", "2020-03-31": "2.00000", "2019-12-31": "2.00000", "2019-09-30": "2.00000", "2019-06-30": "2.00000", "2019-03-31": "2.00000", "2018-12-31": "2.00000", "2018-09-30": "2.00000", "2018-06-30": "2.00000", "2018-03-31": "2.00000", "2017-12-31": "2.00000", "2017-09-30": "2.00000", "2017-06-30": "2.00000", "2017-03-31": "2.00000", "2016-12-31": "2.00000", "2016-09-30": "2.00000", "2016-06-30": "2.00000", "2016-03-31": "2.00000", "2015-12-31": "2.00000", "2015-09-30": "2.00000", "2015-06-30": "2.00000", "2015-03-31": "2.00000", "2014-12-31": "2.00000", "2014-09-30": "2.00000", "2014-06-30": "2.00000", "2014-03-31": "2.00000", "2013-12-31": "2.00000", "2013-09-30": "2.00000", "2013-06-30": "2.00000", "2013-03-31": "2.00000", "2012-12-31": "2.00000", "2012-09-30": "2.00000", "2012-06-30": "2.00000", "2012-03-31": "1.00000", "2011-12-31": "1.00000", "2011-09-30": "1.00000", "2011-06-30": "1.00000", "2011-03-31": "1.00000", "2010-12-31": "1.00000", "2010-09-30": "1.00000", "2010-06-30": "1.00000", "2010-03-31": "1.00000", "2009-12-31": "1.00000", "2009-09-30": "1.00000", "2009-06-30": "1.00000", "2009-03-31": "", "2008-12-31": "1.00000", "2008-09-30": "1.18600", "2008-06-30": "1.18600", "2008-03-31": "1.18600", "2007-12-31": "1.00000", "2007-09-30": "1.17400", "2007-06-30": "1.17400", "2007-03-31": "1.17400", "2006-12-31": "1.17400", "2006-09-30": "1.17400", "2006-06-30": "0.65100", "2006-03-31": "0.65200", "2005-12-31": "0.65300", "2005-09-30": "0.65300", "2005-06-30": "0.65500", "2005-03-31": "0.65400"}, "Retained Earnings (Accumulated Deficit)": {"2020-12-31": "", "2020-09-30": "23340.00000", "2020-06-30": "22532.00000", "2020-03-31": "21872.00000", "2019-12-31": "21662.00000", "2019-09-30": "20873.00000", "2019-06-30": "20267.00000", "2019-03-31": "19779.00000", "2018-12-31": "19282.00000", "2018-09-30": "18852.00000", "2018-06-30": "18138.00000", "2018-03-31": "17529.00000", "2017-12-31": "16939.00000", "2017-09-30": "15065.00000", "2017-06-30": "14523.00000", "2017-03-31": "14073.00000", "2016-12-31": "13660.00000", "2016-09-30": "13183.00000", "2016-06-30": "12684.00000", "2016-03-31": "12271.00000", "2015-12-31": "12033.00000", "2015-09-30": "11533.00000", "2015-06-30": "11052.00000", "2015-03-31": "10613.00000", "2014-12-31": "10145.00000", "2014-09-30": "9660.00000", "2014-06-30": "9113.00000", "2014-03-31": "8604.00000", "2013-12-31": "8230.00000", "2013-09-30": "7678.00000", "2013-06-30": "7233.00000", "2013-03-31": "6822.00000", "2012-12-31": "6473.00000", "2012-09-30": "6066.00000", "2012-06-30": "5697.00000", "2012-03-31": "5390.00000", "2011-12-31": "5118.00000", "2011-09-30": "4815.00000", "2011-06-30": "4441.00000", "2011-03-31": "4077.00000", "2010-12-31": "3798.00000", "2010-09-30": "3354.00000", "2010-06-30": "2991.00000", "2010-03-31": "2777.00000", "2009-12-31": "2436.00000", "2009-09-30": "2286.00000", "2009-06-30": "2076.00000", "2009-03-31": "1961.00000", "2008-12-31": "1982.00000", "2008-09-30": "2042.52000", "2008-06-30": "1929.72600", "2008-03-31": "1759.53400", "2007-12-31": "1622.00000", "2007-09-30": "1387.47800", "2007-06-30": "1227.56800", "2007-03-31": "1093.67300", "2006-12-31": "993.82100", "2006-09-30": "878.92900", "2006-06-30": "878.33500", "2006-03-31": "840.03300", "2005-12-31": "806.88400", "2005-09-30": "753.17900", "2005-06-30": "711.24400", "2005-03-31": "677.17900"}, "Comprehensive Income": {"2020-12-31": "", "2020-09-30": "-601.00000", "2020-06-30": "-781.00000", "2020-03-31": "-810.00000", "2019-12-31": "-571.00000", "2019-09-30": "-784.00000", "2019-06-30": "-664.00000", "2019-03-31": "-623.00000", "2018-12-31": "-691.00000", "2018-09-30": "-616.00000", "2018-06-30": "-575.00000", "2018-03-31": "-301.00000", "2017-12-31": "-432.00000", "2017-09-30": "-473.00000", "2017-06-30": "-575.00000", "2017-03-31": "-677.00000", "2016-12-31": "-716.00000", "2016-09-30": "-598.00000", "2016-06-30": "-560.00000", "2016-03-31": "-474.00000", "2015-12-31": "-448.00000", "2015-09-30": "-408.00000", "2015-06-30": "-339.00000", "2015-03-31": "-439.00000", "2014-12-31": "-273.00000", "2014-09-30": "-169.00000", "2014-06-30": "1.00000", "2014-03-31": "-35.00000", "2013-12-31": "-35.00000", "2013-09-30": "-79.00000", "2013-06-30": "-198.00000", "2013-03-31": "-166.00000", "2012-12-31": "-59.00000", "2012-09-30": "-58.00000", "2012-06-30": "-126.00000", "2012-03-31": "-90.00000", "2011-12-31": "-127.00000", "2011-09-30": "-110.00000", "2011-06-30": "-40.00000", "2011-03-31": "-52.00000", "2010-12-31": "-96.00000", "2010-09-30": "-95.00000", "2010-06-30": "-186.00000", "2010-03-31": "-165.00000", "2009-12-31": "-96.00000", "2009-09-30": "-88.00000", "2009-06-30": "-81.00000", "2009-03-31": "-192.00000", "2008-12-31": "-186.00000", "2008-09-30": "-53.61500", "2008-06-30": "91.50400", "2008-03-31": "91.62000", "2007-12-31": "71.00000", "2007-09-30": "85.47800", "2007-06-30": "62.36900", "2007-03-31": "45.41200", "2006-12-31": "44.66600", "2006-09-30": "7.35200", "2006-06-30": "6.04900", "2006-03-31": "3.46000", "2005-12-31": "2.67300", "2005-09-30": "4.49000", "2005-06-30": "4.68000", "2005-03-31": "6.62300"}, "Other Share Holders Equity": {"2020-12-31": "", "2020-09-30": "", "2020-06-30": "", "2020-03-31": "", "2019-12-31": "", "2019-09-30": "", "2019-06-30": "", "2019-03-31": "", "2018-12-31": "", "2018-09-30": "", "2018-06-30": "", "2018-03-31": "", "2017-12-31": "", "2017-09-30": "", "2017-06-30": "", "2017-03-31": "", "2016-12-31": "", "2016-09-30": "", "2016-06-30": "", "2016-03-31": "", "2015-12-31": "", "2015-09-30": "", "2015-06-30": "", "2015-03-31": "", "2014-12-31": "", "2014-09-30": "", "2014-06-30": "", "2014-03-31": "", "2013-12-31": "", "2013-09-30": "", "2013-06-30": "", "2013-03-31": "", "2012-12-31": "", "2012-09-30": "-1.00000", "2012-06-30": "-1.00000", "2012-03-31": "-1.00000", "2011-12-31": "-1.00000", "2011-09-30": "-1.00000", "2011-06-30": "-1.00000", "2011-03-31": "-1.00000", "2010-12-31": "-1.00000", "2010-09-30": "-137.00000", "2010-06-30": "-137.00000", "2010-03-31": "-137.00000", "2009-12-31": "-137.00000", "2009-09-30": "-143.00000", "2009-06-30": "-143.00000", "2009-03-31": "-143.00000", "2008-12-31": "-143.00000", "2008-09-30": "-143.36700", "2008-06-30": "-143.36700", "2008-03-31": "-187.50000", "2007-12-31": "-188.00000", "2007-09-30": "", "2007-06-30": "", "2007-03-31": "", "2006-12-31": "", "2006-09-30": "", "2006-06-30": "", "2006-03-31": "", "2005-12-31": "", "2005-09-30": "", "2005-06-30": "", "2005-03-31": ""}, "Share Holder Equity": {"2020-12-31": "", "2020-09-30": "33932.00000", "2020-06-30": "32786.00000", "2020-03-31": "33070.00000", "2019-12-31": "33613.00000", "2019-09-30": "32467.00000", "2019-06-30": "31950.00000", "2019-03-31": "31362.00000", "2018-12-31": "32433.00000", "2018-09-30": "32470.00000", "2018-06-30": "32184.00000", "2018-03-31": "32022.00000", "2017-12-31": "31848.00000", "2017-09-30": "30097.00000", "2017-06-30": "29616.00000", "2017-03-31": "29206.00000", "2016-12-31": "29150.00000", "2016-09-30": "28961.00000", "2016-06-30": "28635.00000", "2016-03-31": "28469.00000", "2015-12-31": "28580.00000", "2015-09-30": "28223.00000", "2015-06-30": "27872.00000", "2015-03-31": "27476.00000", "2014-12-31": "27485.00000", "2014-09-30": "27235.00000", "2014-06-30": "27019.00000", "2014-03-31": "26613.00000", "2013-12-31": "26616.00000", "2013-09-30": "26145.00000", "2013-06-30": "25755.00000", "2013-03-31": "25631.00000", "2012-12-31": "25585.00000", "2012-09-30": "25261.00000", "2012-06-30": "24884.00000", "2012-03-31": "25524.00000", "2011-12-31": "25270.00000", "2011-09-30": "24938.00000", "2011-06-30": "24666.00000", "2011-03-31": "26712.00000", "2010-12-31": "26328.00000", "2010-09-30": "25626.00000", "2010-06-30": "25154.00000", "2010-03-31": "24868.00000", "2009-12-31": "24553.00000", "2009-09-30": "13291.00000", "2009-06-30": "12958.00000", "2009-03-31": "12274.00000", "2008-12-31": "12294.00000", "2008-09-30": "12187.16000", "2008-06-30": "12129.71000", "2008-03-31": "11814.21000", "2007-12-31": "11596.00000", "2007-09-30": "11268.31000", "2007-06-30": "11103.12000", "2007-03-31": "10998.74000", "2006-12-31": "10781.88000", "2006-09-30": "10607.29000", "2006-06-30": "1041.15000", "2006-03-31": "988.94200", "2005-12-31": "922.24300", "2005-09-30": "867.19000", "2005-06-30": "853.61500", "2005-03-31": "846.39500"}, "Total Liabilities And Share Holders Equity": {"2020-12-31": "", "2020-09-30": "165118.00000", "2020-06-30": "157342.00000", "2020-03-31": "149020.00000", "2019-12-31": "168622.00000", "2019-09-30": "163872.00000", "2019-06-30": "163347.00000", "2019-03-31": "165008.00000", "2018-12-31": "159573.00000", "2018-09-30": "174862.00000", "2018-06-30": "195549.00000", "2018-03-31": "216017.00000", "2017-12-31": "220241.00000", "2017-09-30": "220567.00000", "2017-06-30": "217488.00000", "2017-03-31": "230586.00000", "2016-12-31": "220177.00000", "2016-09-30": "226739.00000", "2016-06-30": "222055.00000", "2016-03-31": "222958.00000", "2015-12-31": "225261.00000", "2015-09-30": "222216.00000", "2015-06-30": "237008.00000", "2015-03-31": "242714.00000", "2014-12-31": "239792.00000", "2014-09-30": "222812.00000", "2014-06-30": "231693.00000", "2014-03-31": "216297.00000", "2013-12-31": "219873.00000", "2013-09-30": "212717.00000", "2013-06-30": "193745.00000", "2013-03-31": "200738.00000", "2012-12-31": "200451.00000", "2012-09-30": "192828.00000", "2012-06-30": "182480.00000", "2012-03-31": "185518.00000", "2011-12-31": "179896.00000", "2011-09-30": "174282.00000", "2011-06-30": "185048.00000", "2011-03-31": "178422.00000", "2010-12-31": "178459.00000", "2010-09-30": "174504.00000", "2010-06-30": "162266.00000", "2010-03-31": "168060.00000", "2009-12-31": "178124.00000", "2009-09-30": "21380.00000", "2009-06-30": "20409.00000", "2009-03-31": "19223.00000", "2008-12-31": "19924.00000", "2008-09-30": "21696.67000", "2008-06-30": "22017.25000", "2008-03-31": "21816.40000", "2007-12-31": "22561.00000", "2007-09-30": "23078.53000", "2007-06-30": "21992.18000", "2007-03-31": "20881.99000", "2006-12-31": "20469.49000", "2006-09-30": "17874.68000", "2006-06-30": "1923.92100", "2006-03-31": "1841.05200", "2005-12-31": "1848.00000", "2005-09-30": "1673.10400", "2005-06-30": "1562.54400", "2005-03-31": "1493.91800"}}, "cash flow statement": {"Net Income/Loss": {"2020-12-31": "0.00000", "2019-12-31": "4526.00000", "2018-12-31": "4302.00000", "2017-12-31": "4989.00000", "2016-12-31": "3166.00000", "2015-12-31": "3352.00000", "2014-12-31": "3264.00000", "2013-12-31": "2951.00000", "2012-12-31": "2440.00000", "2011-12-31": "2339.00000", "2010-12-31": "2050.00000", "2009-12-31": "897.00000", "2008-12-31": "629.00000", "2007-12-31": "1357.00000", "2006-12-31": "323.00000", "2005-12-31": "233.90800"}, "Total Depreciation And Amortization - Cash Flow": {"2020-12-31": "", "2019-12-31": "405.00000", "2018-12-31": "220.00000", "2017-12-31": "240.00000", "2016-12-31": "263.00000", "2015-12-31": "295.00000", "2014-12-31": "334.00000", "2013-12-31": "343.00000", "2012-12-31": "350.00000", "2011-12-31": "380.00000", "2010-12-31": "412.00000", "2009-12-31": "339.00000", "2008-12-31": "366.00000", "2007-12-31": "310.00000", "2006-12-31": "103.00000", "2005-12-31": "40.24800"}, "Other Non-Cash Items": {"2020-12-31": "", "2019-12-31": "-1460.00000", "2018-12-31": "-1321.00000", "2017-12-31": "-1400.00000", "2016-12-31": "422.00000", "2015-12-31": "-302.00000", "2014-12-31": "193.00000", "2013-12-31": "-149.00000", "2012-12-31": "198.00000", "2011-12-31": "336.00000", "2010-12-31": "286.00000", "2009-12-31": "443.00000", "2008-12-31": "810.00000", "2007-12-31": "-699.00000", "2006-12-31": "82.00000", "2005-12-31": "87.57200"}, "Total Non-Cash Items": {"2020-12-31": "", "2019-12-31": "-1055.00000", "2018-12-31": "-1101.00000", "2017-12-31": "-1160.00000", "2016-12-31": "685.00000", "2015-12-31": "-7.00000", "2014-12-31": "527.00000", "2013-12-31": "194.00000", "2012-12-31": "548.00000", "2011-12-31": "716.00000", "2010-12-31": "698.00000", "2009-12-31": "782.00000", "2008-12-31": "1176.00000", "2007-12-31": "-389.00000", "2006-12-31": "185.00000", "2005-12-31": "127.82000"}, "Change In Accounts Receivable": {"2020-12-31": "", "2019-12-31": "-433.00000", "2018-12-31": "4.00000", "2017-12-31": "-521.00000", "2016-12-31": "-65.00000", "2015-12-31": "-82.00000", "2014-12-31": "78.00000", "2013-12-31": "14.00000", "2012-12-31": "-292.00000", "2011-12-31": "124.00000", "2010-12-31": "-364.00000", "2009-12-31": "-223.00000", "2008-12-31": "339.00000", "2007-12-31": "-273.00000", "2006-12-31": "-9.00000", "2005-12-31": "-138.86800"}, "Change In Inventories": {"2020-12-31": "", "2019-12-31": "", "2018-12-31": "", "2017-12-31": "", "2016-12-31": "-449.00000", "2015-12-31": "", "2014-12-31": "", "2013-12-31": "", "2012-12-31": "-664.00000", "2011-12-31": "-116.00000", "2010-12-31": "-118.00000", "2009-12-31": "-53.00000", "2008-12-31": "265.00000", "2007-12-31": "-45.00000", "2006-12-31": "-87.00000", "2005-12-31": "-6.18800"}, "Change In Accounts Payable": {"2020-12-31": "", "2019-12-31": "-111.00000", "2018-12-31": "43.00000", "2017-12-31": "308.00000", "2016-12-31": "26.00000", "2015-12-31": "-41.00000", "2014-12-31": "-69.00000", "2013-12-31": "7.00000", "2012-12-31": "114.00000", "2011-12-31": "-152.00000", "2010-12-31": "164.00000", "2009-12-31": "165.00000", "2008-12-31": "-227.00000", "2007-12-31": "-33.00000", "2006-12-31": "1.00000", "2005-12-31": "28.01000"}, "Change In Assets/Liabilities": {"2020-12-31": "", "2019-12-31": "-43.00000", "2018-12-31": "-173.00000", "2017-12-31": "334.00000", "2016-12-31": "-1090.00000", "2015-12-31": "-218.00000", "2014-12-31": "-713.00000", "2013-12-31": "476.00000", "2012-12-31": "94.00000", "2011-12-31": "-85.00000", "2010-12-31": "58.00000", "2009-12-31": "-169.00000", "2008-12-31": "-266.00000", "2007-12-31": "-30.00000", "2006-12-31": "308.00000", "2005-12-31": "10.25500"}, "Total Change In Assets/Liabilities": {"2020-12-31": "", "2019-12-31": "-587.00000", "2018-12-31": "-126.00000", "2017-12-31": "121.00000", "2016-12-31": "-1578.00000", "2015-12-31": "-341.00000", "2014-12-31": "-704.00000", "2013-12-31": "497.00000", "2012-12-31": "-748.00000", "2011-12-31": "-229.00000", "2010-12-31": "-260.00000", "2009-12-31": "-280.00000", "2008-12-31": "111.00000", "2007-12-31": "-381.00000", "2006-12-31": "213.00000", "2005-12-31": "-106.79100"}, "Cash Flow From Operating Activities": {"2020-12-31": "", "2019-12-31": "2884.00000", "2018-12-31": "3075.00000", "2017-12-31": "3950.00000", "2016-12-31": "2273.00000", "2015-12-31": "3004.00000", "2014-12-31": "3087.00000", "2013-12-31": "3642.00000", "2012-12-31": "2240.00000", "2011-12-31": "2826.00000", "2010-12-31": "2488.00000", "2009-12-31": "1399.00000", "2008-12-31": "1916.00000", "2007-12-31": "587.00000", "2006-12-31": "721.00000", "2005-12-31": "254.93700"}, "Net Change In Property, Plant, And Equipment": {"2020-12-31": "", "2019-12-31": "-254.00000", "2018-12-31": "-204.00000", "2017-12-31": "-155.00000", "2016-12-31": "-119.00000", "2015-12-31": "-221.00000", "2014-12-31": "-66.00000", "2013-12-31": "-94.00000", "2012-12-31": "-150.00000", "2011-12-31": "-247.00000", "2010-12-31": "-131.00000", "2009-12-31": "-65.00000", "2008-12-31": "-77.00000", "2007-12-31": "-111.00000", "2006-12-31": "-84.00000", "2005-12-31": "57.03000"}, "Net Change In Intangible Assets": {"2020-12-31": "", "2019-12-31": "", "2018-12-31": "", "2017-12-31": "", "2016-12-31": "", "2015-12-31": "", "2014-12-31": "", "2013-12-31": "", "2012-12-31": "", "2011-12-31": "", "2010-12-31": "", "2009-12-31": "", "2008-12-31": "", "2007-12-31": "", "2006-12-31": "", "2005-12-31": ""}, "Net Acquisitions/Divestitures": {"2020-12-31": "", "2019-12-31": "-1510.00000", "2018-12-31": "-699.00000", "2017-12-31": "-102.00000", "2016-12-31": "-30.00000", "2015-12-31": "-273.00000", "2014-12-31": "", "2013-12-31": "-298.00000", "2012-12-31": "-267.00000", "2011-12-31": "", "2010-12-31": "-23.00000", "2009-12-31": "-5755.00000", "2008-12-31": "25.00000", "2007-12-31": "-592.00000", "2006-12-31": "272.00000", "2005-12-31": "-275.21800"}, "Net Change In Short-term Investments": {"2020-12-31": "", "2019-12-31": "", "2018-12-31": "", "2017-12-31": "", "2016-12-31": "", "2015-12-31": "", "2014-12-31": "", "2013-12-31": "", "2012-12-31": "", "2011-12-31": "", "2010-12-31": "", "2009-12-31": "", "2008-12-31": "", "2007-12-31": "", "2006-12-31": "", "2005-12-31": ""}, "Net Change In Long-Term Investments": {"2020-12-31": "", "2019-12-31": "-140.00000", "2018-12-31": "146.00000", "2017-12-31": "-291.00000", "2016-12-31": "35.00000", "2015-12-31": "192.00000", "2014-12-31": "428.00000", "2013-12-31": "-43.00000", "2012-12-31": "366.00000", "2011-12-31": "43.00000", "2010-12-31": "-422.00000", "2009-12-31": "276.00000", "2008-12-31": "-280.00000", "2007-12-31": "-248.00000", "2006-12-31": "-187.00000", "2005-12-31": "6.10200"}, "Net Change In Investments - Total": {"2020-12-31": "", "2019-12-31": "-140.00000", "2018-12-31": "146.00000", "2017-12-31": "-291.00000", "2016-12-31": "35.00000", "2015-12-31": "192.00000", "2014-12-31": "428.00000", "2013-12-31": "-43.00000", "2012-12-31": "366.00000", "2011-12-31": "43.00000", "2010-12-31": "-422.00000", "2009-12-31": "276.00000", "2008-12-31": "-280.00000", "2007-12-31": "-248.00000", "2006-12-31": "-187.00000", "2005-12-31": "6.10200"}, "Investing Activities - Other": {"2020-12-31": "", "2019-12-31": "-110.00000", "2018-12-31": "-51.00000", "2017-12-31": "-60.00000", "2016-12-31": "-257.00000", "2015-12-31": "-163.00000", "2014-12-31": "-123.00000", "2013-12-31": "-48.00000", "2012-12-31": "-215.00000", "2011-12-31": "", "2010-12-31": "-51.00000", "2009-12-31": "25.00000", "2008-12-31": "-62.00000", "2007-12-31": "-117.00000", "2006-12-31": "2.00000", "2005-12-31": "-7.70000"}, "Cash Flow From Investing Activities": {"2020-12-31": "", "2019-12-31": "-2014.00000", "2018-12-31": "-808.00000", "2017-12-31": "-608.00000", "2016-12-31": "-371.00000", "2015-12-31": "-465.00000", "2014-12-31": "239.00000", "2013-12-31": "-483.00000", "2012-12-31": "-266.00000", "2011-12-31": "-204.00000", "2010-12-31": "-627.00000", "2009-12-31": "-5519.00000", "2008-12-31": "-394.00000", "2007-12-31": "-1068.00000", "2006-12-31": "3.00000", "2005-12-31": "-219.78600"}, "Net Long-Term Debt": {"2020-12-31": "", "2019-12-31": "1450.00000", "2018-12-31": "1263.00000", "2017-12-31": "461.00000", "2016-12-31": "", "2015-12-31": "521.00000", "2014-12-31": "711.00000", "2013-12-31": "-957.00000", "2012-12-31": "1326.00000", "2011-12-31": "1304.00000", "2010-12-31": "-176.00000", "2009-12-31": "2558.00000", "2008-12-31": "-204.00000", "2007-12-31": "808.00000", "2006-12-31": "", "2005-12-31": "-1.01900"}, "Net Current Debt": {"2020-12-31": "", "2019-12-31": "111.00000", "2018-12-31": "40.00000", "2017-12-31": "", "2016-12-31": "", "2015-12-31": "", "2014-12-31": "", "2013-12-31": "-100.00000", "2012-12-31": "", "2011-12-31": "", "2010-12-31": "-2134.00000", "2009-12-31": "2034.00000", "2008-12-31": "-100.00000", "2007-12-31": "300.00000", "2006-12-31": "", "2005-12-31": "133.16000"}, "Debt Issuance/Retirement Net - Total": {"2020-12-31": "", "2019-12-31": "1561.00000", "2018-12-31": "1303.00000", "2017-12-31": "461.00000", "2016-12-31": "", "2015-12-31": "521.00000", "2014-12-31": "711.00000", "2013-12-31": "-1057.00000", "2012-12-31": "1326.00000", "2011-12-31": "1304.00000", "2010-12-31": "-2310.00000", "2009-12-31": "4592.00000", "2008-12-31": "-304.00000", "2007-12-31": "1108.00000", "2006-12-31": "", "2005-12-31": "132.14100"}, "Net Common Equity Issued/Repurchased": {"2020-12-31": "", "2019-12-31": "-1911.00000", "2018-12-31": "-2087.00000", "2017-12-31": "-1421.00000", "2016-12-31": "-1373.00000", "2015-12-31": "-1205.00000", "2014-12-31": "-1340.00000", "2013-12-31": "-1215.00000", "2012-12-31": "-1598.00000", "2011-12-31": "-2864.00000", "2010-12-31": "-248.00000", "2009-12-31": "2776.00000", "2008-12-31": "-16.00000", "2007-12-31": "-306.00000", "2006-12-31": "-22.00000", "2005-12-31": "-61.61900"}, "Net Total Equity Issued/Repurchased": {"2020-12-31": "", "2019-12-31": "-1911.00000", "2018-12-31": "-2087.00000", "2017-12-31": "-1421.00000", "2016-12-31": "-1373.00000", "2015-12-31": "-1205.00000", "2014-12-31": "-1340.00000", "2013-12-31": "-1215.00000", "2012-12-31": "-1598.00000", "2011-12-31": "-2864.00000", "2010-12-31": "-248.00000", "2009-12-31": "2776.00000", "2008-12-31": "-16.00000", "2007-12-31": "-306.00000", "2006-12-31": "-22.00000", "2005-12-31": "-61.61900"}, "Total Common And Preferred Stock Dividends Paid": {"2020-12-31": "", "2019-12-31": "-2096.00000", "2018-12-31": "-1968.00000", "2017-12-31": "-1662.00000", "2016-12-31": "-1545.00000", "2015-12-31": "-1476.00000", "2014-12-31": "-1338.00000", "2013-12-31": "-1168.00000", "2012-12-31": "-1060.00000", "2011-12-31": "-1014.00000", "2010-12-31": "-776.00000", "2009-12-31": "-422.00000", "2008-12-31": "-419.00000", "2007-12-31": "-353.00000", "2006-12-31": "-136.00000", "2005-12-31": "-76.60600"}, "Financial Activities - Other": {"2020-12-31": "", "2019-12-31": "-137.00000", "2018-12-31": "-13.00000", "2017-12-31": "-8.00000", "2016-12-31": "1233.00000", "2015-12-31": "96.00000", "2014-12-31": "106.00000", "2013-12-31": "48.00000", "2012-12-31": "388.00000", "2011-12-31": "89.00000", "2010-12-31": "164.00000", "2009-12-31": "-197.00000", "2008-12-31": "-148.00000", "2007-12-31": "510.00000", "2006-12-31": "73.00000", "2005-12-31": "1.81600"}, "Cash Flow From Financial Activities": {"2020-12-31": "", "2019-12-31": "-2583.00000", "2018-12-31": "-2765.00000", "2017-12-31": "-2630.00000", "2016-12-31": "-1685.00000", "2015-12-31": "-2064.00000", "2014-12-31": "-1861.00000", "2013-12-31": "-3392.00000", "2012-12-31": "-944.00000", "2011-12-31": "-2485.00000", "2010-12-31": "-3170.00000", "2009-12-31": "6749.00000", "2008-12-31": "-887.00000", "2007-12-31": "959.00000", "2006-12-31": "-85.00000", "2005-12-31": "-4.26800"}, "Net Cash Flow": {"2020-12-31": "", "2019-12-31": "-1659.00000", "2018-12-31": "-591.00000", "2017-12-31": "904.00000", "2016-12-31": "-56.00000", "2015-12-31": "360.00000", "2014-12-31": "1333.00000", "2013-12-31": "-216.00000", "2012-12-31": "1100.00000", "2011-12-31": "139.00000", "2010-12-31": "-1341.00000", "2009-12-31": "2676.00000", "2008-12-31": "376.00000", "2007-12-31": "496.00000", "2006-12-31": "676.00000", "2005-12-31": "26.55000"}, "Stock-Based Compensation": {"2020-12-31": "", "2019-12-31": "567.00000", "2018-12-31": "564.00000", "2017-12-31": "542.00000", "2016-12-31": "521.00000", "2015-12-31": "514.00000", "2014-12-31": "453.00000", "2013-12-31": "448.00000", "2012-12-31": "451.00000", "2011-12-31": "497.00000", "2010-12-31": "445.00000", "2009-12-31": "317.00000", "2008-12-31": "278.00000", "2007-12-31": "188.00000", "2006-12-31": "120.00000", "2005-12-31": "69.45000"}, "Common Stock Dividends Paid": {"2020-12-31": "", "2019-12-31": "-2096.00000", "2018-12-31": "-1968.00000", "2017-12-31": "-1662.00000", "2016-12-31": "-1545.00000", "2015-12-31": "-1476.00000", "2014-12-31": "-1338.00000", "2013-12-31": "-1168.00000", "2012-12-31": "-1060.00000", "2011-12-31": "-1014.00000", "2010-12-31": "-776.00000", "2009-12-31": "-422.00000", "2008-12-31": "-419.00000", "2007-12-31": "-353.00000", "2006-12-31": "-136.00000", "2005-12-31": "-76.60600"}}, "cash flow statement, quarterly": {"Net Income/Loss": {"2020-12-31": -3546, "2020-09-30": 1517, "2020-06-30": 1402, "2020-03-31": "627.00000", "2019-12-31": 1334, "2019-09-30": 1119, "2019-06-30": 1013, "2019-03-31": "1060.00000", "2018-12-31": 927, "2018-09-30": 1203, "2018-06-30": 1078, "2018-03-31": "1094.00000", "2017-12-31": 2301, "2017-09-30": 956, "2017-06-30": 864, "2017-03-31": "868.00000", "2016-12-31": 847, "2016-09-30": 877, "2016-06-30": 795, "2016-03-31": "647.00000", "2015-12-31": 869, "2015-09-30": 832, "2015-06-30": 826, "2015-03-31": "825.00000", "2014-12-31": 806, "2014-09-30": 873, "2014-06-30": 841, "2014-03-31": "744.00000", "2013-12-31": 850, "2013-09-30": 729, "2013-06-30": 706, "2013-03-31": "666.00000", "2012-12-31": 650, "2012-09-30": 655, "2012-06-30": 560, "2012-03-31": "575.00000", "2011-12-31": 583, "2011-09-30": 570, "2011-06-30": 622, "2011-03-31": "564.00000", "2010-12-31": 649, "2010-09-30": 584, "2010-06-30": 389, "2010-03-31": "428.00000", "2009-12-31": 257, "2009-09-30": 334, "2009-06-30": 244, "2009-03-31": "62.00000", "2008-12-31": -67, "2008-09-30": 196, "2008-06-30": 254, "2008-03-31": "246.00000", "2007-12-31": 684.168, "2007-09-30": 255.2, "2007-06-30": 222.244, "2007-03-31": "195.38800", "2006-12-31": 169.821, "2006-09-30": 18.913, "2006-06-30": 63.404, "2006-03-31": "70.86200", "2005-12-31": 72.918, "2005-09-30": 61.119, "2005-06-30": 53.335, "2005-03-31": "46.53600"}, "Total Depreciation And Amortization - Cash Flow": {"2020-12-31": -342, "2020-09-30": 117, "2020-06-30": 114, "2020-03-31": "111.00000", "2019-12-31": 111, "2019-09-30": 105, "2019-06-30": 100, "2019-03-31": "89.00000", "2018-12-31": 56, "2018-09-30": 57, "2018-06-30": 54, "2018-03-31": "53.00000", "2017-12-31": 50, "2017-09-30": 65, "2017-06-30": 62, "2017-03-31": "63.00000", "2016-12-31": 65, "2016-09-30": 65, "2016-06-30": 67, "2016-03-31": "66.00000", "2015-12-31": 62, "2015-09-30": 80, "2015-06-30": 77, "2015-03-31": "76.00000", "2014-12-31": 76, "2014-09-30": 84, "2014-06-30": 86, "2014-03-31": "88.00000", "2013-12-31": 90, "2013-09-30": 85, "2013-06-30": 84, "2013-03-31": "84.00000", "2012-12-31": 88, "2012-09-30": 87, "2012-06-30": 86, "2012-03-31": "89.00000", "2011-12-31": 95, "2011-09-30": 96, "2011-06-30": 94, "2011-03-31": "95.00000", "2010-12-31": 102, "2010-09-30": 100, "2010-06-30": 106, "2010-03-31": "104.00000", "2009-12-31": 88, "2009-09-30": 83, "2009-06-30": 84, "2009-03-31": "84.00000", "2008-12-31": 91, "2008-09-30": 95, "2008-06-30": 91, "2008-03-31": "89.00000", "2007-12-31": 87.579, "2007-09-30": 77.464, "2007-06-30": 77.337, "2007-03-31": "67.62000", "2006-12-31": 69.054, "2006-09-30": 10.211, "2006-06-30": 11.827, "2006-03-31": "11.90800", "2005-12-31": 8.865, "2005-09-30": 11.086, "2005-06-30": 11.34, "2005-03-31": "8.95700"}, "Other Non-Cash Items": {"2020-12-31": 960, "2020-09-30": -768, "2020-06-30": -147, "2020-03-31": "-45.00000", "2019-12-31": -593, "2019-09-30": -417, "2019-06-30": -333, "2019-03-31": "-117.00000", "2018-12-31": -1607, "2018-09-30": 22, "2018-06-30": 123, "2018-03-31": "141.00000", "2017-12-31": -1919, "2017-09-30": 105, "2017-06-30": 269, "2017-03-31": "145.00000", "2016-12-31": 75, "2016-09-30": 248, "2016-06-30": -96, "2016-03-31": "195.00000", "2015-12-31": -167, "2015-09-30": 81, "2015-06-30": -67, "2015-03-31": "-149.00000", "2014-12-31": 61, "2014-09-30": -27, "2014-06-30": -116, "2014-03-31": "275.00000", "2013-12-31": -400, "2013-09-30": -4, "2013-06-30": 78, "2013-03-31": "177.00000", "2012-12-31": 87, "2012-09-30": -69, "2012-06-30": 112, "2012-03-31": "68.00000", "2011-12-31": 40, "2011-09-30": 131, "2011-06-30": 30, "2011-03-31": "135.00000", "2010-12-31": 26, "2010-09-30": -24, "2010-06-30": 159, "2010-03-31": "125.00000", "2009-12-31": 81, "2009-09-30": -57, "2009-06-30": 82, "2009-03-31": "337.00000", "2008-12-31": 526, "2008-09-30": 199, "2008-06-30": 6, "2008-03-31": "79.00000", "2007-12-31": -463.187, "2007-09-30": -293.661, "2007-06-30": -41.16, "2007-03-31": "99.00800", "2006-12-31": 42.401, "2006-09-30": 10.824, "2006-06-30": 7.239, "2006-03-31": "21.53600", "2005-12-31": 46.167, "2005-09-30": 14.132, "2005-06-30": 16.879, "2005-03-31": "10.39400"}, "Total Non-Cash Items": {"2020-12-31": 618, "2020-09-30": -651, "2020-06-30": -33, "2020-03-31": "66.00000", "2019-12-31": -482, "2019-09-30": -312, "2019-06-30": -233, "2019-03-31": "-28.00000", "2018-12-31": -1551, "2018-09-30": 79, "2018-06-30": 177, "2018-03-31": "194.00000", "2017-12-31": -1869, "2017-09-30": 170, "2017-06-30": 331, "2017-03-31": "208.00000", "2016-12-31": 140, "2016-09-30": 313, "2016-06-30": -29, "2016-03-31": "261.00000", "2015-12-31": -105, "2015-09-30": 161, "2015-06-30": 10, "2015-03-31": "-73.00000", "2014-12-31": 137, "2014-09-30": 57, "2014-06-30": -30, "2014-03-31": "363.00000", "2013-12-31": -310, "2013-09-30": 81, "2013-06-30": 162, "2013-03-31": "261.00000", "2012-12-31": 175, "2012-09-30": 18, "2012-06-30": 198, "2012-03-31": "157.00000", "2011-12-31": 135, "2011-09-30": 227, "2011-06-30": 124, "2011-03-31": "230.00000", "2010-12-31": 128, "2010-09-30": 76, "2010-06-30": 265, "2010-03-31": "229.00000", "2009-12-31": 169, "2009-09-30": 26, "2009-06-30": 166, "2009-03-31": "421.00000", "2008-12-31": 617, "2008-09-30": 294, "2008-06-30": 97, "2008-03-31": "168.00000", "2007-12-31": -375.608, "2007-09-30": -216.197, "2007-06-30": 36.177, "2007-03-31": "166.62800", "2006-12-31": 111.455, "2006-09-30": 21.035, "2006-06-30": 19.066, "2006-03-31": "33.44400", "2005-12-31": 55.032, "2005-09-30": 25.218, "2005-06-30": 28.219, "2005-03-31": "19.35100"}, "Change In Accounts Receivable": {"2020-12-31": 544, "2020-09-30": -664, "2020-06-30": 125, "2020-03-31": "-5.00000", "2019-12-31": -103, "2019-09-30": -199, "2019-06-30": -32, "2019-03-31": "-99.00000", "2018-12-31": 9, "2018-09-30": -83, "2018-06-30": 43, "2018-03-31": "35.00000", "2017-12-31": -160, "2017-09-30": -205, "2017-06-30": -161, "2017-03-31": "5.00000", "2016-12-31": 271, "2016-09-30": 288, "2016-06-30": -354, "2016-03-31": "-270.00000", "2015-12-31": 379, "2015-09-30": -208, "2015-06-30": 497, "2015-03-31": "-750.00000", "2014-12-31": 504, "2014-09-30": 1538, "2014-06-30": -1340, "2014-03-31": "-624.00000", "2013-12-31": 2075, "2013-09-30": -2046, "2013-06-30": 361, "2013-03-31": "-376.00000", "2012-12-31": 201, "2012-09-30": -371, "2012-06-30": 222, "2012-03-31": "-344.00000", "2011-12-31": 118, "2011-09-30": -8, "2011-06-30": 144, "2011-03-31": "-130.00000", "2010-12-31": -30, "2010-09-30": -48, "2010-06-30": -129, "2010-03-31": "-157.00000", "2009-12-31": 84, "2009-09-30": -143, "2009-06-30": -113, "2009-03-31": "-51.00000", "2008-12-31": 325, "2008-09-30": 338, "2008-06-30": -79, "2008-03-31": "-245.00000", "2007-12-31": -77.764, "2007-09-30": -81.948, "2007-06-30": 204.662, "2007-03-31": "-317.95000", "2006-12-31": 57.582, "2006-09-30": 43.244, "2006-06-30": -61.153, "2006-03-31": "-48.67300", "2005-12-31": -59.97, "2005-09-30": -45.46, "2005-06-30": 5.255, "2005-03-31": "-38.69300"}, "Change In Inventories": {"2020-12-31": 0, "2020-09-30": 0, "2020-06-30": 0, "2020-03-31": "", "2019-12-31": 0, "2019-09-30": 0, "2019-06-30": 0, "2019-03-31": "", "2018-12-31": 0, "2018-09-30": -36, "2018-06-30": 36, "2018-03-31": "", "2017-12-31": 145, "2017-09-30": -17, "2017-06-30": -128, "2017-03-31": "", "2016-12-31": -171, "2016-09-30": -278, "2016-06-30": 0, "2016-03-31": "", "2015-12-31": 0, "2015-09-30": 0, "2015-06-30": 0, "2015-03-31": "", "2014-12-31": 189, "2014-09-30": -87, "2014-06-30": -7, "2014-03-31": "-95.00000", "2013-12-31": 205, "2013-09-30": -135, "2013-06-30": -121, "2013-03-31": "51.00000", "2012-12-31": -467, "2012-09-30": -9, "2012-06-30": -12, "2012-03-31": "-176.00000", "2011-12-31": -85, "2011-09-30": -2, "2011-06-30": -28, "2011-03-31": "-1.00000", "2010-12-31": 21, "2010-09-30": -30, "2010-06-30": -50, "2010-03-31": "-59.00000", "2009-12-31": 66, "2009-09-30": -22, "2009-06-30": -23, "2009-03-31": "-74.00000", "2008-12-31": 31, "2008-09-30": 12, "2008-06-30": 112, "2008-03-31": "110.00000", "2007-12-31": -24.482, "2007-09-30": 114.097, "2007-06-30": -113.962, "2007-03-31": "-20.65300", "2006-12-31": -69.879, "2006-09-30": -10.056, "2006-06-30": 0.446, "2006-03-31": "-7.51100", "2005-12-31": 1.739, "2005-09-30": -0.768, "2005-06-30": 23.426, "2005-03-31": "-30.58500"}, "Change In Accounts Payable": {"2020-12-31": 183, "2020-09-30": 90, "2020-06-30": -59, "2020-03-31": "-214.00000", "2019-12-31": -50, "2019-09-30": -45, "2019-06-30": 40, "2019-03-31": "-56.00000", "2018-12-31": -121, "2018-09-30": 137, "2018-06-30": -241, "2018-03-31": "268.00000", "2017-12-31": 91, "2017-09-30": 133, "2017-06-30": 25, "2017-03-31": "59.00000", "2016-12-31": -283, "2016-09-30": -256, "2016-06-30": 239, "2016-03-31": "326.00000", "2015-12-31": -328, "2015-09-30": 54, "2015-06-30": -421, "2015-03-31": "654.00000", "2014-12-31": -542, "2014-09-30": -1538, "2014-06-30": 1490, "2014-03-31": "521.00000", "2013-12-31": -2257, "2013-09-30": 2057, "2013-06-30": -390, "2013-03-31": "597.00000", "2012-12-31": -375, "2012-09-30": 399, "2012-06-30": -230, "2012-03-31": "320.00000", "2011-12-31": -242, "2011-09-30": 27, "2011-06-30": -229, "2011-03-31": "292.00000", "2010-12-31": -227, "2010-09-30": 148, "2010-06-30": 40, "2010-03-31": "203.00000", "2009-12-31": 2, "2009-09-30": 94, "2009-06-30": 79, "2009-03-31": "-10.00000", "2008-12-31": -238, "2008-09-30": -245, "2008-06-30": -72, "2008-03-31": "328.00000", "2007-12-31": -27.599, "2007-09-30": -155.984, "2007-06-30": 0.685, "2007-03-31": "149.89800", "2006-12-31": 6.417, "2006-09-30": 45.566, "2006-06-30": -16.37, "2006-03-31": "-34.61300", "2005-12-31": 9.703, "2005-09-30": 6.573, "2005-06-30": -35.198, "2005-03-31": "46.93200"}, "Change In Assets/Liabilities": {"2020-12-31": 437, "2020-09-30": 703, "2020-06-30": 272, "2020-03-31": "-1412.00000", "2019-12-31": 557, "2019-09-30": 368, "2019-06-30": 134, "2019-03-31": "-1102.00000", "2018-12-31": 1259, "2018-09-30": -35, "2018-06-30": 335, "2018-03-31": "-1732.00000", "2017-12-31": 902, "2017-09-30": 323, "2017-06-30": 413, "2017-03-31": "-1304.00000", "2016-12-31": 507, "2016-09-30": 116, "2016-06-30": -184, "2016-03-31": "-1529.00000", "2015-12-31": 342, "2015-09-30": 512, "2015-06-30": 93, "2015-03-31": "-1165.00000", "2014-12-31": 177, "2014-09-30": 441, "2014-06-30": -216, "2014-03-31": "-1115.00000", "2013-12-31": 603, "2013-09-30": 460, "2013-06-30": 422, "2013-03-31": "-1009.00000", "2012-12-31": 170, "2012-09-30": 329, "2012-06-30": 229, "2012-03-31": "-634.00000", "2011-12-31": 364, "2011-09-30": 422, "2011-06-30": 240, "2011-03-31": "-1111.00000", "2010-12-31": 532, "2010-09-30": 375, "2010-06-30": -41, "2010-03-31": "-808.00000", "2009-12-31": -10, "2009-09-30": 268, "2009-06-30": 47, "2009-03-31": "-474.00000", "2008-12-31": 92, "2008-09-30": 80, "2008-06-30": 299, "2008-03-31": "-737.00000", "2007-12-31": 46.97, "2007-09-30": 523.756, "2007-06-30": 57.785, "2007-03-31": "-658.51100", "2006-12-31": 207.747, "2006-09-30": 86.985, "2006-06-30": 88.817, "2006-03-31": "-75.54900", "2005-12-31": 90.695, "2005-09-30": 48.385, "2005-06-30": 50.444, "2005-03-31": "-179.26900"}, "Total Change In Assets/Liabilities": {"2020-12-31": 1164, "2020-09-30": 129, "2020-06-30": 338, "2020-03-31": "-1631.00000", "2019-12-31": 404, "2019-09-30": 124, "2019-06-30": 142, "2019-03-31": "-1257.00000", "2018-12-31": 1147, "2018-09-30": -17, "2018-06-30": 173, "2018-03-31": "-1429.00000", "2017-12-31": 978, "2017-09-30": 234, "2017-06-30": 149, "2017-03-31": "-1240.00000", "2016-12-31": 324, "2016-09-30": -130, "2016-06-30": -299, "2016-03-31": "-1473.00000", "2015-12-31": 393, "2015-09-30": 358, "2015-06-30": 169, "2015-03-31": "-1261.00000", "2014-12-31": 328, "2014-09-30": 354, "2014-06-30": -73, "2014-03-31": "-1313.00000", "2013-12-31": 626, "2013-09-30": 336, "2013-06-30": 272, "2013-03-31": "-737.00000", "2012-12-31": -471, "2012-09-30": 348, "2012-06-30": 209, "2012-03-31": "-834.00000", "2011-12-31": 155, "2011-09-30": 439, "2011-06-30": 127, "2011-03-31": "-950.00000", "2010-12-31": 296, "2010-09-30": 445, "2010-06-30": -180, "2010-03-31": "-821.00000", "2009-12-31": 142, "2009-09-30": 197, "2009-06-30": -10, "2009-03-31": "-609.00000", "2008-12-31": 210, "2008-09-30": 185, "2008-06-30": 260, "2008-03-31": "-544.00000", "2007-12-31": -82.875, "2007-09-30": 399.921, "2007-06-30": 149.1701, "2007-03-31": "-847.21610", "2006-12-31": 201.867, "2006-09-30": 165.739, "2006-06-30": 11.74, "2006-03-31": "-166.34600", "2005-12-31": 42.167, "2005-09-30": 8.73, "2005-06-30": 43.927, "2005-03-31": "-201.61500"}, "Cash Flow From Operating Activities": {"2020-12-31": -1764, "2020-09-30": 995, "2020-06-30": 1707, "2020-03-31": "-938.00000", "2019-12-31": 1256, "2019-09-30": 931, "2019-06-30": 922, "2019-03-31": "-225.00000", "2018-12-31": 523, "2018-09-30": 1265, "2018-06-30": 1428, "2018-03-31": "-141.00000", "2017-12-31": 1410, "2017-09-30": 1360, "2017-06-30": 1344, "2017-03-31": "-164.00000", "2016-12-31": 1311, "2016-09-30": 1060, "2016-06-30": 467, "2016-03-31": "-565.00000", "2015-12-31": 1157, "2015-09-30": 1351, "2015-06-30": 1005, "2015-03-31": "-509.00000", "2014-12-31": 1271, "2014-09-30": 1284, "2014-06-30": 738, "2014-03-31": "-206.00000", "2013-12-31": 1166, "2013-09-30": 1146, "2013-06-30": 1140, "2013-03-31": "190.00000", "2012-12-31": 354, "2012-09-30": 1021, "2012-06-30": 967, "2012-03-31": "-102.00000", "2011-12-31": 873, "2011-09-30": 1236, "2011-06-30": 873, "2011-03-31": "-156.00000", "2010-12-31": 1073, "2010-09-30": 1105, "2010-06-30": 474, "2010-03-31": "-164.00000", "2009-12-31": 568, "2009-09-30": 557, "2009-06-30": 400, "2009-03-31": "-126.00000", "2008-12-31": 760, "2008-09-30": 675, "2008-06-30": 611, "2008-03-31": "-130.00000", "2007-12-31": 225.685, "2007-09-30": 438.924, "2007-06-30": 407.591, "2007-03-31": "-485.20000", "2006-12-31": 483.143, "2006-09-30": 205.687, "2006-06-30": 94.21, "2006-03-31": "-62.04000", "2005-12-31": 170.117, "2005-09-30": 95.067, "2005-06-30": 125.481, "2005-03-31": "-135.72800"}, "Net Change In Property, Plant, And Equipment": {"2020-12-31": 140, "2020-09-30": -40, "2020-06-30": -48, "2020-03-31": "-52.00000", "2019-12-31": -94, "2019-09-30": -55, "2019-06-30": -47, "2019-03-31": "-58.00000", "2018-12-31": -96, "2018-09-30": -45, "2018-06-30": -30, "2018-03-31": "-33.00000", "2017-12-31": -55, "2017-09-30": -45, "2017-06-30": -36, "2017-03-31": "-19.00000", "2016-12-31": -31, "2016-09-30": -21, "2016-06-30": -37, "2016-03-31": "-30.00000", "2015-12-31": -61, "2015-09-30": -26, "2015-06-30": -36, "2015-03-31": "-98.00000", "2014-12-31": -26, "2014-09-30": -6, "2014-06-30": -19, "2014-03-31": "-15.00000", "2013-12-31": -34, "2013-09-30": -14, "2013-06-30": -28, "2013-03-31": "-18.00000", "2012-12-31": -29, "2012-09-30": -23, "2012-06-30": -57, "2012-03-31": "-41.00000", "2011-12-31": -29, "2011-09-30": -59, "2011-06-30": -76, "2011-03-31": "-83.00000", "2010-12-31": -35, "2010-09-30": -30, "2010-06-30": -22, "2010-03-31": "-44.00000", "2009-12-31": -13, "2009-09-30": -19, "2009-06-30": -17, "2009-03-31": "-16.00000", "2008-12-31": -5, "2008-09-30": -32, "2008-06-30": -15, "2008-03-31": "-25.00000", "2007-12-31": -26.06, "2007-09-30": -22.635, "2007-06-30": -34.322, "2007-03-31": "-27.98300", "2006-12-31": -36.986, "2006-09-30": -19.479, "2006-06-30": -12.933, "2006-03-31": "-14.60200", "2005-12-31": -12.224, "2005-09-30": -13.792, "2005-06-30": -12.454, "2005-03-31": "95.50000"}, "Net Change In Intangible Assets": {"2020-12-31": 0, "2020-09-30": 0, "2020-06-30": 0, "2020-03-31": "", "2019-12-31": 0, "2019-09-30": 0, "2019-06-30": 0, "2019-03-31": "", "2018-12-31": 0, "2018-09-30": 0, "2018-06-30": 0, "2018-03-31": "", "2017-12-31": 0, "2017-09-30": 0, "2017-06-30": 0, "2017-03-31": "", "2016-12-31": 0, "2016-09-30": 0, "2016-06-30": 0, "2016-03-31": "", "2015-12-31": 0, "2015-09-30": 0, "2015-06-30": 0, "2015-03-31": "", "2014-12-31": 0, "2014-09-30": 0, "2014-06-30": 0, "2014-03-31": "", "2013-12-31": 0, "2013-09-30": 0, "2013-06-30": 0, "2013-03-31": "", "2012-12-31": 0, "2012-09-30": 0, "2012-06-30": 0, "2012-03-31": "", "2011-12-31": 0, "2011-09-30": 0, "2011-06-30": 0, "2011-03-31": "", "2010-12-31": 0, "2010-09-30": 0, "2010-06-30": 0, "2010-03-31": "", "2009-12-31": 0, "2009-09-30": 0, "2009-06-30": 0, "2009-03-31": "", "2008-12-31": 0, "2008-09-30": 0, "2008-06-30": 0, "2008-03-31": "", "2007-12-31": 0, "2007-09-30": 0, "2007-06-30": 0, "2007-03-31": "", "2006-12-31": 0, "2006-09-30": 0, "2006-06-30": 0, "2006-03-31": "", "2005-12-31": 0, "2005-09-30": 0, "2005-06-30": 0, "2005-03-31": ""}, "Net Acquisitions/Divestitures": {"2020-12-31": 0, "2020-09-30": 0, "2020-06-30": 0, "2020-03-31": "", "2019-12-31": 0, "2019-09-30": -4, "2019-06-30": -1506, "2019-03-31": "", "2018-12-31": 0, "2018-09-30": -699, "2018-06-30": 0, "2018-03-31": "", "2017-12-31": 0, "2017-09-30": -29, "2017-06-30": -73, "2017-03-31": "", "2016-12-31": 0, "2016-09-30": 0, "2016-06-30": -30, "2016-03-31": "", "2015-12-31": -185, "2015-09-30": 0, "2015-06-30": 0, "2015-03-31": "-88.00000", "2014-12-31": 0, "2014-09-30": 0, "2014-06-30": 0, "2014-03-31": "", "2013-12-31": -58, "2013-09-30": -240, "2013-06-30": 0, "2013-03-31": "", "2012-12-31": 0, "2012-09-30": -55, "2012-06-30": -2, "2012-03-31": "-210.00000", "2011-12-31": 0, "2011-09-30": 0, "2011-06-30": 0, "2011-03-31": "", "2010-12-31": -7, "2010-09-30": -8, "2010-06-30": 0, "2010-03-31": "-8.00000", "2009-12-31": -5597, "2009-09-30": 0, "2009-06-30": -158, "2009-03-31": "", "2008-12-31": 30, "2008-09-30": -5, "2008-06-30": 0, "2008-03-31": "", "2007-12-31": -549.728, "2007-09-30": -0.074, "2007-06-30": 11.303, "2007-03-31": "-53.50100", "2006-12-31": -117.886, "2006-09-30": 439.1, "2006-06-30": -49.214, "2006-03-31": "", "2005-12-31": -27.998, "2005-09-30": 2.315, "2005-06-30": -6.828, "2005-03-31": "-242.70700"}, "Net Change In Short-term Investments": {"2020-12-31": 0, "2020-09-30": 0, "2020-06-30": 0, "2020-03-31": "", "2019-12-31": 0, "2019-09-30": 0, "2019-06-30": 0, "2019-03-31": "", "2018-12-31": 0, "2018-09-30": 0, "2018-06-30": 0, "2018-03-31": "", "2017-12-31": 0, "2017-09-30": 0, "2017-06-30": 0, "2017-03-31": "", "2016-12-31": 0, "2016-09-30": 0, "2016-06-30": 0, "2016-03-31": "", "2015-12-31": 0, "2015-09-30": 0, "2015-06-30": 0, "2015-03-31": "", "2014-12-31": 0, "2014-09-30": 0, "2014-06-30": 0, "2014-03-31": "", "2013-12-31": 0, "2013-09-30": 0, "2013-06-30": 0, "2013-03-31": "", "2012-12-31": 0, "2012-09-30": 0, "2012-06-30": 0, "2012-03-31": "", "2011-12-31": 0, "2011-09-30": 0, "2011-06-30": 0, "2011-03-31": "", "2010-12-31": 0, "2010-09-30": 0, "2010-06-30": 0, "2010-03-31": "", "2009-12-31": 0, "2009-09-30": 0, "2009-06-30": 0, "2009-03-31": "", "2008-12-31": 0, "2008-09-30": 0, "2008-06-30": 0, "2008-03-31": "", "2007-12-31": 0, "2007-09-30": 0, "2007-06-30": 0, "2007-03-31": "", "2006-12-31": 0, "2006-09-30": 0, "2006-06-30": 0, "2006-03-31": "", "2005-12-31": 0, "2005-09-30": 0, "2005-06-30": 0, "2005-03-31": ""}, "Net Change In Long-Term Investments": {"2020-12-31": -5, "2020-09-30": 23, "2020-06-30": -51, "2020-03-31": "33.00000", "2019-12-31": 201, "2019-09-30": -386, "2019-06-30": 59, "2019-03-31": "-14.00000", "2018-12-31": -13, "2018-09-30": 186, "2018-06-30": -60, "2018-03-31": "33.00000", "2017-12-31": -38, "2017-09-30": -27, "2017-06-30": -196, "2017-03-31": "-30.00000", "2016-12-31": 86, "2016-09-30": -194, "2016-06-30": 59, "2016-03-31": "84.00000", "2015-12-31": 4, "2015-09-30": -10, "2015-06-30": 137, "2015-03-31": "61.00000", "2014-12-31": 98, "2014-09-30": 199, "2014-06-30": -20, "2014-03-31": "151.00000", "2013-12-31": -131, "2013-09-30": 29, "2013-06-30": 7, "2013-03-31": "52.00000", "2012-12-31": 321, "2012-09-30": 78, "2012-06-30": 54, "2012-03-31": "-87.00000", "2011-12-31": 11, "2011-09-30": -23, "2011-06-30": -13, "2011-03-31": "68.00000", "2010-12-31": -70, "2010-09-30": -23, "2010-06-30": -350, "2010-03-31": "21.00000", "2009-12-31": 57, "2009-09-30": 15, "2009-06-30": 83, "2009-03-31": "121.00000", "2008-12-31": -4, "2008-09-30": -51, "2008-06-30": -116, "2008-03-31": "-109.00000", "2007-12-31": -133.589, "2007-09-30": -27.936, "2007-06-30": -2.588, "2007-03-31": "-83.88700", "2006-12-31": -142.976, "2006-09-30": -6.895, "2006-06-30": -11.84, "2006-03-31": "-25.28900", "2005-12-31": -10.632, "2005-09-30": 2.177, "2005-06-30": 5.429, "2005-03-31": "9.12800"}, "Net Change In Investments - Total": {"2020-12-31": -5, "2020-09-30": 23, "2020-06-30": -51, "2020-03-31": "33.00000", "2019-12-31": 201, "2019-09-30": -386, "2019-06-30": 59, "2019-03-31": "-14.00000", "2018-12-31": -13, "2018-09-30": 186, "2018-06-30": -60, "2018-03-31": "33.00000", "2017-12-31": -38, "2017-09-30": -27, "2017-06-30": -196, "2017-03-31": "-30.00000", "2016-12-31": 86, "2016-09-30": -194, "2016-06-30": 59, "2016-03-31": "84.00000", "2015-12-31": 4, "2015-09-30": -10, "2015-06-30": 137, "2015-03-31": "61.00000", "2014-12-31": 98, "2014-09-30": 199, "2014-06-30": -20, "2014-03-31": "151.00000", "2013-12-31": -131, "2013-09-30": 29, "2013-06-30": 7, "2013-03-31": "52.00000", "2012-12-31": 321, "2012-09-30": 78, "2012-06-30": 54, "2012-03-31": "-87.00000", "2011-12-31": 11, "2011-09-30": -23, "2011-06-30": -13, "2011-03-31": "68.00000", "2010-12-31": -70, "2010-09-30": -23, "2010-06-30": -350, "2010-03-31": "21.00000", "2009-12-31": 57, "2009-09-30": 15, "2009-06-30": 83, "2009-03-31": "121.00000", "2008-12-31": -4, "2008-09-30": -51, "2008-06-30": -116, "2008-03-31": "-109.00000", "2007-12-31": -133.589, "2007-09-30": -27.936, "2007-06-30": -2.588, "2007-03-31": "-83.88700", "2006-12-31": -142.976, "2006-09-30": -6.895, "2006-06-30": -11.84, "2006-03-31": "-25.28900", "2005-12-31": -10.632, "2005-09-30": 2.177, "2005-06-30": 5.429, "2005-03-31": "9.12800"}, "Investing Activities - Other": {"2020-12-31": 42, "2020-09-30": -2, "2020-06-30": -25, "2020-03-31": "-15.00000", "2019-12-31": -14, "2019-09-30": 1, "2019-06-30": -51, "2019-03-31": "-46.00000", "2018-12-31": 1, "2018-09-30": 0, "2018-06-30": 1, "2018-03-31": "-53.00000", "2017-12-31": -4, "2017-09-30": -28, "2017-06-30": -28, "2017-03-31": "", "2016-12-31": -183, "2016-09-30": -54, "2016-06-30": -12, "2016-03-31": "-8.00000", "2015-12-31": -81, "2015-09-30": -1, "2015-06-30": -78, "2015-03-31": "-3.00000", "2014-12-31": -90, "2014-09-30": -30, "2014-06-30": 0, "2014-03-31": "-3.00000", "2013-12-31": 15, "2013-09-30": -60, "2013-06-30": 0, "2013-03-31": "-3.00000", "2012-12-31": -7, "2012-09-30": -4, "2012-06-30": -55, "2012-03-31": "-149.00000", "2011-12-31": 0, "2011-09-30": 0, "2011-06-30": 0, "2011-03-31": "", "2010-12-31": -35, "2010-09-30": -17, "2010-06-30": 0, "2010-03-31": "1.00000", "2009-12-31": 23, "2009-09-30": -3, "2009-06-30": 6, "2009-03-31": "-1.00000", "2008-12-31": -44, "2008-09-30": 36, "2008-06-30": -54, "2008-03-31": "", "2007-12-31": -109.297, "2007-09-30": -1.994, "2007-06-30": 0, "2007-03-31": "-5.70900", "2006-12-31": 2, "2006-09-30": 0, "2006-06-30": 0, "2006-03-31": "", "2005-12-31": -7.7, "2005-09-30": 0, "2005-06-30": 0, "2005-03-31": ""}, "Cash Flow From Investing Activities": {"2020-12-31": 177, "2020-09-30": -19, "2020-06-30": -124, "2020-03-31": "-34.00000", "2019-12-31": 93, "2019-09-30": -444, "2019-06-30": -1545, "2019-03-31": "-118.00000", "2018-12-31": -108, "2018-09-30": -558, "2018-06-30": -89, "2018-03-31": "-53.00000", "2017-12-31": -97, "2017-09-30": -129, "2017-06-30": -333, "2017-03-31": "-49.00000", "2016-12-31": -128, "2016-09-30": -269, "2016-06-30": -20, "2016-03-31": "46.00000", "2015-12-31": -323, "2015-09-30": -37, "2015-06-30": 23, "2015-03-31": "-128.00000", "2014-12-31": -18, "2014-09-30": 163, "2014-06-30": -39, "2014-03-31": "133.00000", "2013-12-31": -208, "2013-09-30": -285, "2013-06-30": -21, "2013-03-31": "31.00000", "2012-12-31": 285, "2012-09-30": -4, "2012-06-30": -60, "2012-03-31": "-487.00000", "2011-12-31": -18, "2011-09-30": -82, "2011-06-30": -89, "2011-03-31": "-15.00000", "2010-12-31": -147, "2010-09-30": -78, "2010-06-30": -372, "2010-03-31": "-30.00000", "2009-12-31": -5530, "2009-09-30": -7, "2009-06-30": -86, "2009-03-31": "104.00000", "2008-12-31": -23, "2008-09-30": -52, "2008-06-30": -185, "2008-03-31": "-134.00000", "2007-12-31": -818.674, "2007-09-30": -52.639, "2007-06-30": -25.607, "2007-03-31": "-171.08000", "2006-12-31": -295.848, "2006-09-30": 412.726, "2006-06-30": -73.987, "2006-03-31": "-39.89100", "2005-12-31": -58.554, "2005-09-30": -9.3, "2005-06-30": -13.853, "2005-03-31": "-138.07900"}, "Net Long-Term Debt": {"2020-12-31": -3603, "2020-09-30": 523, "2020-06-30": 1197, "2020-03-31": "1883.00000", "2019-12-31": -449, "2019-09-30": 405, "2019-06-30": 1249, "2019-03-31": "245.00000", "2018-12-31": 517, "2018-09-30": 216, "2018-06-30": 183, "2018-03-31": "347.00000", "2017-12-31": 140, "2017-09-30": 75, "2017-06-30": -583, "2017-03-31": "829.00000", "2016-12-31": -999, "2016-09-30": 255, "2016-06-30": 383, "2016-03-31": "361.00000", "2015-12-31": 207, "2015-09-30": 48, "2015-06-30": 157, "2015-03-31": "109.00000", "2014-12-31": -822, "2014-09-30": 192, "2014-06-30": 464, "2014-03-31": "877.00000", "2013-12-31": 136, "2013-09-30": -257, "2013-06-30": -756, "2013-03-31": "-80.00000", "2012-12-31": 34, "2012-09-30": -29, "2012-06-30": 1270, "2012-03-31": "51.00000", "2011-12-31": -53, "2011-09-30": -58, "2011-06-30": 1419, "2011-03-31": "-4.00000", "2010-12-31": 0, "2010-09-30": -4, "2010-06-30": -24, "2010-03-31": "-148.00000", "2009-12-31": 2490, "2009-09-30": -1, "2009-06-30": -3, "2009-03-31": "72.00000", "2008-12-31": 3, "2008-09-30": -4, "2008-06-30": -110, "2008-03-31": "-93.00000", "2007-12-31": -66.095, "2007-09-30": 612.479, "2007-06-30": 176.62, "2007-03-31": "84.99600", "2006-12-31": 0, "2006-09-30": 0, "2006-06-30": 0, "2006-03-31": "", "2005-12-31": -246.019, "2005-09-30": 0, "2005-06-30": 0, "2005-03-31": "245.00000"}, "Net Current Debt": {"2020-12-31": -38, "2020-09-30": 38, "2020-06-30": 0, "2020-03-31": "", "2019-12-31": 9, "2019-09-30": 102, "2019-06-30": 0, "2019-03-31": "", "2018-12-31": 40, "2018-09-30": 0, "2018-06-30": 0, "2018-03-31": "", "2017-12-31": 0, "2017-09-30": 0, "2017-06-30": 0, "2017-03-31": "", "2016-12-31": 0, "2016-09-30": 0, "2016-06-30": 0, "2016-03-31": "", "2015-12-31": 0, "2015-09-30": 0, "2015-06-30": 0, "2015-03-31": "", "2014-12-31": 0, "2014-09-30": 0, "2014-06-30": 0, "2014-03-31": "", "2013-12-31": 0, "2013-09-30": 0, "2013-06-30": 0, "2013-03-31": "-100.00000", "2012-12-31": 0, "2012-09-30": 0, "2012-06-30": 0, "2012-03-31": "", "2011-12-31": 0, "2011-09-30": -500, "2011-06-30": 600, "2011-03-31": "-100.00000", "2010-12-31": 0, "2010-09-30": -344, "2010-06-30": -436, "2010-03-31": "-1354.00000", "2009-12-31": 2034, "2009-09-30": 0, "2009-06-30": 0, "2009-03-31": "", "2008-12-31": 0, "2008-09-30": -100, "2008-06-30": 0, "2008-03-31": "", "2007-12-31": -150, "2007-09-30": 90, "2007-06-30": -190, "2007-03-31": "550.00000", "2006-12-31": 0, "2006-09-30": 0, "2006-06-30": 0, "2006-03-31": "", "2005-12-31": 245, "2005-09-30": 0, "2005-06-30": 0, "2005-03-31": "-111.84000"}, "Debt Issuance/Retirement Net - Total": {"2020-12-31": -3641, "2020-09-30": 561, "2020-06-30": 1197, "2020-03-31": "1883.00000", "2019-12-31": -440, "2019-09-30": 507, "2019-06-30": 1249, "2019-03-31": "245.00000", "2018-12-31": 557, "2018-09-30": 216, "2018-06-30": 183, "2018-03-31": "347.00000", "2017-12-31": 140, "2017-09-30": 75, "2017-06-30": -583, "2017-03-31": "829.00000", "2016-12-31": -999, "2016-09-30": 255, "2016-06-30": 383, "2016-03-31": "361.00000", "2015-12-31": 207, "2015-09-30": 48, "2015-06-30": 157, "2015-03-31": "109.00000", "2014-12-31": -822, "2014-09-30": 192, "2014-06-30": 464, "2014-03-31": "877.00000", "2013-12-31": 136, "2013-09-30": -257, "2013-06-30": -756, "2013-03-31": "-180.00000", "2012-12-31": 34, "2012-09-30": -29, "2012-06-30": 1270, "2012-03-31": "51.00000", "2011-12-31": -53, "2011-09-30": -558, "2011-06-30": 2019, "2011-03-31": "-104.00000", "2010-12-31": 0, "2010-09-30": -348, "2010-06-30": -460, "2010-03-31": "-1502.00000", "2009-12-31": 4524, "2009-09-30": -1, "2009-06-30": -3, "2009-03-31": "72.00000", "2008-12-31": 3, "2008-09-30": -104, "2008-06-30": -110, "2008-03-31": "-93.00000", "2007-12-31": -216.095, "2007-09-30": 702.479, "2007-06-30": -13.38, "2007-03-31": "634.99600", "2006-12-31": 0, "2006-09-30": 0, "2006-06-30": 0, "2006-03-31": "", "2005-12-31": -1.019, "2005-09-30": 0, "2005-06-30": 0, "2005-03-31": "133.16000"}, "Net Common Equity Issued/Repurchased": {"2020-12-31": 1792, "2020-09-30": -10, "2020-06-30": -1125, "2020-03-31": "-657.00000", "2019-12-31": -7, "2019-09-30": -109, "2019-06-30": -7, "2019-03-31": "-1788.00000", "2018-12-31": -532, "2018-09-30": -515, "2018-06-30": -321, "2018-03-31": "-719.00000", "2017-12-31": -288, "2017-09-30": -287, "2017-06-30": -284, "2017-03-31": "-562.00000", "2016-12-31": -281, "2016-09-30": -251, "2016-06-30": -279, "2016-03-31": "-562.00000", "2015-12-31": -231, "2015-09-30": -197, "2015-06-30": -279, "2015-03-31": "-498.00000", "2014-12-31": -255, "2014-09-30": -253, "2014-06-30": -257, "2014-03-31": "-575.00000", "2013-12-31": -231, "2013-09-30": -287, "2013-06-30": -242, "2013-03-31": "-455.00000", "2012-12-31": -176, "2012-09-30": -165, "2012-06-30": -1036, "2012-03-31": "-221.00000", "2011-12-31": -97, "2011-09-30": -128, "2011-06-30": -2543, "2011-03-31": "-96.00000", "2010-12-31": 5, "2010-09-30": -144, "2010-06-30": -2, "2010-03-31": "-107.00000", "2009-12-31": 2498, "2009-09-30": 3, "2009-06-30": 312, "2009-03-31": "-37.00000", "2008-12-31": 1, "2008-09-30": 5, "2008-06-30": 8, "2008-03-31": "-30.00000", "2007-12-31": 16.116, "2007-09-30": -75.905, "2007-06-30": -114.009, "2007-03-31": "-132.20200", "2006-12-31": -6.045, "2006-09-30": -19.303, "2006-06-30": -1.054, "2006-03-31": "4.40200", "2005-12-31": -2.818, "2005-09-30": -35.216, "2005-06-30": -30.836, "2005-03-31": "7.25100"}, "Net Total Equity Issued/Repurchased": {"2020-12-31": 1792, "2020-09-30": -10, "2020-06-30": -1125, "2020-03-31": "-657.00000", "2019-12-31": -7, "2019-09-30": -109, "2019-06-30": -7, "2019-03-31": "-1788.00000", "2018-12-31": -532, "2018-09-30": -515, "2018-06-30": -321, "2018-03-31": "-719.00000", "2017-12-31": -288, "2017-09-30": -287, "2017-06-30": -284, "2017-03-31": "-562.00000", "2016-12-31": -281, "2016-09-30": -251, "2016-06-30": -279, "2016-03-31": "-562.00000", "2015-12-31": -231, "2015-09-30": -197, "2015-06-30": -279, "2015-03-31": "-498.00000", "2014-12-31": -255, "2014-09-30": -253, "2014-06-30": -257, "2014-03-31": "-575.00000", "2013-12-31": -231, "2013-09-30": -287, "2013-06-30": -242, "2013-03-31": "-455.00000", "2012-12-31": -176, "2012-09-30": -165, "2012-06-30": -1036, "2012-03-31": "-221.00000", "2011-12-31": -97, "2011-09-30": -128, "2011-06-30": -2543, "2011-03-31": "-96.00000", "2010-12-31": 5, "2010-09-30": -144, "2010-06-30": -2, "2010-03-31": "-107.00000", "2009-12-31": 2498, "2009-09-30": 3, "2009-06-30": 312, "2009-03-31": "-37.00000", "2008-12-31": 1, "2008-09-30": 5, "2008-06-30": 8, "2008-03-31": "-30.00000", "2007-12-31": 16.116, "2007-09-30": -75.905, "2007-06-30": -114.009, "2007-03-31": "-132.20200", "2006-12-31": -6.045, "2006-09-30": -19.303, "2006-06-30": -1.054, "2006-03-31": "4.40200", "2005-12-31": -2.818, "2005-09-30": -35.216, "2005-06-30": -30.836, "2005-03-31": "7.25100"}, "Total Common And Preferred Stock Dividends Paid": {"2020-12-31": 1706, "2020-09-30": -556, "2020-06-30": -554, "2020-03-31": "-596.00000", "2019-12-31": -512, "2019-09-30": -513, "2019-06-30": -515, "2019-03-31": "-556.00000", "2018-12-31": -497, "2018-09-30": -502, "2018-06-30": -464, "2018-03-31": "-505.00000", "2017-12-31": -403, "2017-09-30": -405, "2017-06-30": -407, "2017-03-31": "-447.00000", "2016-12-31": -374, "2016-09-30": -376, "2016-06-30": -376, "2016-03-31": "-419.00000", "2015-12-31": -361, "2015-09-30": -362, "2015-06-30": -364, "2015-03-31": "-389.00000", "2014-12-31": -322, "2014-09-30": -324, "2014-06-30": -326, "2014-03-31": "-366.00000", "2013-12-31": -286, "2013-09-30": -287, "2013-06-30": -286, "2013-03-31": "-309.00000", "2012-12-31": -256, "2012-09-30": -259, "2012-06-30": -260, "2012-03-31": "-285.00000", "2011-12-31": -245, "2011-09-30": -249, "2011-06-30": -248, "2011-03-31": "-272.00000", "2010-12-31": -194, "2010-09-30": -193, "2010-06-30": -193, "2010-03-31": "-196.00000", "2009-12-31": -106, "2009-09-30": -108, "2009-06-30": -103, "2009-03-31": "-105.00000", "2008-12-31": -106, "2008-09-30": -105, "2008-06-30": -104, "2008-03-31": "-104.00000", "2007-12-31": -87.413, "2007-09-30": -88.821, "2007-06-30": -88.349, "2007-03-31": "-88.41700", "2006-12-31": -54.866, "2006-09-30": -27.022, "2006-06-30": -27.221, "2006-03-31": "-26.89100", "2005-12-31": -19.099, "2005-09-30": -19.073, "2005-06-30": -19.16, "2005-03-31": "-19.27400"}, "Financial Activities - Other": {"2020-12-31": 37, "2020-09-30": 5, "2020-06-30": -40, "2020-03-31": "-2.00000", "2019-12-31": -255, "2019-09-30": 254, "2019-06-30": -123, "2019-03-31": "-13.00000", "2018-12-31": 0, "2018-09-30": -19, "2018-06-30": 3, "2018-03-31": "3.00000", "2017-12-31": 4, "2017-09-30": -3, "2017-06-30": -9, "2017-03-31": "", "2016-12-31": 1149, "2016-09-30": 2, "2016-06-30": 9, "2016-03-31": "73.00000", "2015-12-31": 21, "2015-09-30": 2, "2015-06-30": 11, "2015-03-31": "62.00000", "2014-12-31": -193, "2014-09-30": 49, "2014-06-30": 122, "2014-03-31": "128.00000", "2013-12-31": -199, "2013-09-30": 212, "2013-06-30": -104, "2013-03-31": "139.00000", "2012-12-31": 115, "2012-09-30": 27, "2012-06-30": 184, "2012-03-31": "62.00000", "2011-12-31": 85, "2011-09-30": -4, "2011-06-30": 1, "2011-03-31": "7.00000", "2010-12-31": 23, "2010-09-30": 53, "2010-06-30": 38, "2010-03-31": "50.00000", "2009-12-31": 4, "2009-09-30": 40, "2009-06-30": -110, "2009-03-31": "-131.00000", "2008-12-31": -220, "2008-09-30": 35, "2008-06-30": 15, "2008-03-31": "22.00000", "2007-12-31": 241.206, "2007-09-30": 15.765, "2007-06-30": 154.805, "2007-03-31": "98.22400", "2006-12-31": 56.731, "2006-09-30": 2.658, "2006-06-30": 5.727, "2006-03-31": "7.88400", "2005-12-31": 0.348, "2005-09-30": -1.895, "2005-06-30": -4.547, "2005-03-31": "7.91000"}, "Cash Flow From Financial Activities": {"2020-12-31": -106, "2020-09-30": 0, "2020-06-30": -522, "2020-03-31": "628.00000", "2019-12-31": -1214, "2019-09-30": 139, "2019-06-30": 604, "2019-03-31": "-2112.00000", "2018-12-31": -472, "2018-09-30": -820, "2018-06-30": -599, "2018-03-31": "-874.00000", "2017-12-31": -547, "2017-09-30": -620, "2017-06-30": -1283, "2017-03-31": "-180.00000", "2016-12-31": -505, "2016-09-30": -370, "2016-06-30": -263, "2016-03-31": "-547.00000", "2015-12-31": -364, "2015-09-30": -509, "2015-06-30": -475, "2015-03-31": "-716.00000", "2014-12-31": -1592, "2014-09-30": -336, "2014-06-30": 3, "2014-03-31": "64.00000", "2013-12-31": -580, "2013-09-30": -619, "2013-06-30": -1388, "2013-03-31": "-805.00000", "2012-12-31": -283, "2012-09-30": -426, "2012-06-30": 158, "2012-03-31": "-393.00000", "2011-12-31": -310, "2011-09-30": -939, "2011-06-30": -771, "2011-03-31": "-465.00000", "2010-12-31": -166, "2010-09-30": -632, "2010-06-30": -617, "2010-03-31": "-1755.00000", "2009-12-31": 6920, "2009-09-30": -66, "2009-06-30": 96, "2009-03-31": "-201.00000", "2008-12-31": -322, "2008-09-30": -169, "2008-06-30": -191, "2008-03-31": "-205.00000", "2007-12-31": -46.186, "2007-09-30": 553.518, "2007-06-30": -60.933, "2007-03-31": "512.60100", "2006-12-31": -4.18, "2006-09-30": -43.667, "2006-06-30": -22.548, "2006-03-31": "-14.60500", "2005-12-31": -22.588, "2005-09-30": -56.184, "2005-06-30": -54.543, "2005-03-31": "129.04700"}, "Net Cash Flow": {"2020-12-31": -1678, "2020-09-30": 1041, "2020-06-30": 1060, "2020-03-31": "-423.00000", "2019-12-31": 222, "2019-09-30": 584, "2019-06-30": -38, "2019-03-31": "-2427.00000", "2018-12-31": -92, "2018-09-30": -144, "2018-06-30": 598, "2018-03-31": "-953.00000", "2017-12-31": 797, "2017-09-30": 670, "2017-06-30": -202, "2017-03-31": "-361.00000", "2016-12-31": 573, "2016-09-30": 389, "2016-06-30": 84, "2016-03-31": "-1102.00000", "2015-12-31": 410, "2015-09-30": 766, "2015-06-30": 630, "2015-03-31": "-1446.00000", "2014-12-31": -426, "2014-09-30": 1022, "2014-06-30": 733, "2014-03-31": "4.00000", "2013-12-31": 403, "2013-09-30": 319, "2013-06-30": -274, "2013-03-31": "-664.00000", "2012-12-31": 383, "2012-09-30": 628, "2012-06-30": 1043, "2012-03-31": "-954.00000", "2011-12-31": 523, "2011-09-30": 187, "2011-06-30": 17, "2011-03-31": "-588.00000", "2010-12-31": 731, "2010-09-30": 453, "2010-06-30": -520, "2010-03-31": "-2005.00000", "2009-12-31": 1945, "2009-09-30": 458, "2009-06-30": 512, "2009-03-31": "-239.00000", "2008-12-31": 239, "2008-09-30": 365, "2008-06-30": 234, "2008-03-31": "-462.00000", "2007-12-31": -664.275, "2007-09-30": 964.329, "2007-06-30": 337.422, "2007-03-31": "-141.47600", "2006-12-31": 216.322, "2006-09-30": 575.214, "2006-06-30": 0.589, "2006-03-31": "-116.12500", "2005-12-31": 87.709, "2005-09-30": 29.128, "2005-06-30": 55.1, "2005-03-31": "-145.38700"}, "Stock-Based Compensation": {"2020-12-31": -458, "2020-09-30": 160, "2020-06-30": 149, "2020-03-31": "149.00000", "2019-12-31": 140, "2019-09-30": 133, "2019-06-30": 140, "2019-03-31": "154.00000", "2018-12-31": 133, "2018-09-30": 121, "2018-06-30": 135, "2018-03-31": "175.00000", "2017-12-31": 125, "2017-09-30": 127, "2017-06-30": 128, "2017-03-31": "162.00000", "2016-12-31": 113, "2016-09-30": 119, "2016-06-30": 117, "2016-03-31": "172.00000", "2015-12-31": 117, "2015-09-30": 128, "2015-06-30": 126, "2015-03-31": "143.00000", "2014-12-31": 117, "2014-09-30": 100, "2014-06-30": 109, "2014-03-31": "127.00000", "2013-12-31": 108, "2013-09-30": 109, "2013-06-30": 104, "2013-03-31": "127.00000", "2012-12-31": 107, "2012-09-30": 109, "2012-06-30": 121, "2012-03-31": "114.00000", "2011-12-31": 122, "2011-09-30": 133, "2011-06-30": 105, "2011-03-31": "137.00000", "2010-12-31": 110, "2010-09-30": 114, "2010-06-30": 113, "2010-03-31": "108.00000", "2009-12-31": 85, "2009-09-30": 73, "2009-06-30": 77, "2009-03-31": "82.00000", "2008-12-31": 74, "2008-09-30": 71, "2008-06-30": 63, "2008-03-31": "70.00000", "2007-12-31": 45.481, "2007-09-30": 51.089, "2007-06-30": 50.012, "2007-03-31": "41.41800", "2006-12-31": 41.433, "2006-09-30": 25.311, "2006-06-30": 26.714, "2006-03-31": "26.54200", "2005-12-31": 16.487, "2005-09-30": 17.712, "2005-06-30": 17.104, "2005-03-31": "18.14700"}, "Common Stock Dividends Paid": {"2020-12-31": 1706, "2020-09-30": -556, "2020-06-30": -554, "2020-03-31": "-596.00000", "2019-12-31": -512, "2019-09-30": -513, "2019-06-30": -515, "2019-03-31": "-556.00000", "2018-12-31": -497, "2018-09-30": -502, "2018-06-30": -464, "2018-03-31": "-505.00000", "2017-12-31": -403, "2017-09-30": -405, "2017-06-30": -407, "2017-03-31": "-447.00000", "2016-12-31": -374, "2016-09-30": -376, "2016-06-30": -376, "2016-03-31": "-419.00000", "2015-12-31": -361, "2015-09-30": -362, "2015-06-30": -364, "2015-03-31": "-389.00000", "2014-12-31": -322, "2014-09-30": -324, "2014-06-30": -326, "2014-03-31": "-366.00000", "2013-12-31": -286, "2013-09-30": -287, "2013-06-30": -286, "2013-03-31": "-309.00000", "2012-12-31": -256, "2012-09-30": -259, "2012-06-30": -260, "2012-03-31": "-285.00000", "2011-12-31": -245, "2011-09-30": -249, "2011-06-30": -248, "2011-03-31": "-272.00000", "2010-12-31": -194, "2010-09-30": -193, "2010-06-30": -193, "2010-03-31": "-196.00000", "2009-12-31": -106, "2009-09-30": -108, "2009-06-30": -103, "2009-03-31": "-105.00000", "2008-12-31": -106, "2008-09-30": -105, "2008-06-30": -104, "2008-03-31": "-104.00000", "2007-12-31": -87.413, "2007-09-30": -88.821, "2007-06-30": -88.349, "2007-03-31": "-88.41700", "2006-12-31": -54.866, "2006-09-30": -27.022, "2006-06-30": -27.221, "2006-03-31": "-26.89100", "2005-12-31": -19.099, "2005-09-30": -19.073, "2005-06-30": -19.16, "2005-03-31": "-19.27400"}}, "financial ratios": {"Current Ratio": {"2019-12-31": "2.48390", "2018-12-31": "2.78810", "2017-12-31": "1.16920", "2016-12-31": "3.00360", "2015-12-31": "2.78640", "2014-12-31": "2.80030", "2013-12-31": "2.40130", "2012-12-31": "2.64730", "2011-12-31": "2.27350", "2010-12-31": "2.02370", "2009-12-31": "1.26970", "2008-12-31": "1.75210", "2007-12-31": "1.26290", "2006-12-31": "1.03700", "2005-12-31": "1.32790"}, "Long-term Debt / Capital": {"2019-12-31": "0.37790", "2018-12-31": "0.44150", "2017-12-31": "0.43170", "2016-12-31": "0.53040", "2015-12-31": "0.55930", "2014-12-31": "0.60420", "2013-12-31": "0.52230", "2012-12-31": "0.54870", "2011-12-31": "0.51820", "2010-12-31": "0.45720", "2009-12-31": "0.48120", "2008-12-31": "0.07120", "2007-12-31": "0.07550", "2006-12-31": "0.02290", "2005-12-31": "0.21580"}, "Debt/Equity Ratio": {"2019-12-31": "0.60750", "2018-12-31": "0.79040", "2017-12-31": "0.91700", "2016-12-31": "1.12940", "2015-12-31": "1.26890", "2014-12-31": "1.52680", "2013-12-31": "1.09320", "2012-12-31": "1.21990", "2011-12-31": "1.07960", "2010-12-31": "0.84610", "2009-12-31": "1.01830", "2008-12-31": "0.09290", "2007-12-31": "0.10750", "2006-12-31": "0.02350", "2005-12-31": "0.27520"}, "Gross Margin": {"2019-12-31": "100.00000", "2018-12-31": "100.00000", "2017-12-31": "100.00000", "2016-12-31": "100.00000", "2015-12-31": "100.00000", "2014-12-31": "100.00000", "2013-12-31": "100.00000", "2012-12-31": "100.00000", "2011-12-31": "100.00000", "2010-12-31": "95.26240", "2009-12-31": "89.85110", "2008-12-31": "88.32940", "2007-12-31": "88.87510", "2006-12-31": "91.75410", "2005-12-31": "94.57680"}, "Operating Margin": {"2019-12-31": "38.18010", "2018-12-31": "38.43500", "2017-12-31": "38.63240", "2016-12-31": "37.23190", "2015-12-31": "40.90870", "2014-12-31": "40.37540", "2013-12-31": "37.88800", "2012-12-31": "37.74230", "2011-12-31": "35.77800", "2010-12-31": "34.81190", "2009-12-31": "27.19150", "2008-12-31": "31.45740", "2007-12-31": "26.70800", "2006-12-31": "22.49760", "2005-12-31": "28.58360"}, "EBIT Margin": {"2019-12-31": "38.18010", "2018-12-31": "38.43500", "2017-12-31": "38.63240", "2016-12-31": "37.23190", "2015-12-31": "40.90870", "2014-12-31": "40.37540", "2013-12-31": "37.88800", "2012-12-31": "37.74230", "2011-12-31": "35.77800", "2010-12-31": "34.81190", "2009-12-31": "27.19150", "2008-12-31": "31.45740", "2007-12-31": "26.70800", "2006-12-31": "22.49760", "2005-12-31": "28.58360"}, "EBITDA Margin": {"2019-12-31": "40.96570", "2018-12-31": "39.98450", "2017-12-31": "40.39710", "2016-12-31": "39.37690", "2015-12-31": "43.49620", "2014-12-31": "43.38960", "2013-12-31": "41.25740", "2012-12-31": "41.49080", "2011-12-31": "39.96260", "2010-12-31": "39.59590", "2009-12-31": "34.40430", "2008-12-31": "38.68480", "2007-12-31": "33.10630", "2006-12-31": "27.40710", "2005-12-31": "31.96190"}, "Pre-Tax Profit Margin": {"2019-12-31": "39.80330", "2018-12-31": "37.87860", "2017-12-31": "38.66910", "2016-12-31": "36.33470", "2015-12-31": "40.36490", "2014-12-31": "39.66250", "2013-12-31": "39.02750", "2012-12-31": "37.16400", "2011-12-31": "34.52260", "2010-12-31": "35.07900", "2009-12-31": "27.06380", "2008-12-31": "20.06320", "2007-12-31": "37.56450", "2006-12-31": "25.16680", "2005-12-31": "31.53930"}, "Net Profit Margin": {"2019-12-31": "30.78620", "2018-12-31": "30.32120", "2017-12-31": "36.41180", "2016-12-31": "25.83800", "2015-12-31": "29.33950", "2014-12-31": "29.72660", "2013-12-31": "28.80160", "2012-12-31": "26.32540", "2011-12-31": "25.73510", "2010-12-31": "23.95500", "2009-12-31": "18.61700", "2008-12-31": "15.48180", "2007-12-31": "20.49540", "2006-12-31": "15.39560", "2005-12-31": "19.63330"}, "Asset Turnover": {"2019-12-31": "0.08620", "2018-12-31": "0.08900", "2017-12-31": "0.06180", "2016-12-31": "0.05570", "2015-12-31": "0.05060", "2014-12-31": "0.04620", "2013-12-31": "0.04630", "2012-12-31": "0.04660", "2011-12-31": "0.05050", "2010-12-31": "0.04830", "2009-12-31": "0.02640", "2008-12-31": "0.25420", "2007-12-31": "0.21480", "2006-12-31": "0.10250", "2005-12-31": "0.64470"}, "Inventory Turnover Ratio": {"2019-12-31": "", "2018-12-31": "", "2017-12-31": "", "2016-12-31": "", "2015-12-31": "", "2014-12-31": "", "2013-12-31": "", "2012-12-31": "", "2011-12-31": "", "2010-12-31": "", "2009-12-31": "", "2008-12-31": "", "2007-12-31": "", "2006-12-31": "", "2005-12-31": ""}, "Receiveable Turnover": {"2019-12-31": "4.57350", "2018-12-31": "5.34360", "2017-12-31": "5.03890", "2016-12-31": "5.79720", "2015-12-31": "5.09660", "2014-12-31": "5.22690", "2013-12-31": "4.53050", "2012-12-31": "4.14980", "2011-12-31": "4.63320", "2010-12-31": "4.11070", "2009-12-31": "2.73570", "2008-12-31": "5.62040", "2007-12-31": "3.91990", "2006-12-31": "2.17550", "2005-12-31": "3.83790"}, "Days Sales In Receivables": {"2019-12-31": "79.80850", "2018-12-31": "68.30580", "2017-12-31": "72.43640", "2016-12-31": "62.96180", "2015-12-31": "71.61700", "2014-12-31": "69.83130", "2013-12-31": "80.56530", "2012-12-31": "87.95650", "2011-12-31": "78.77990", "2010-12-31": "88.79180", "2009-12-31": "133.41910", "2008-12-31": "64.94170", "2007-12-31": "93.11460", "2006-12-31": "167.77580", "2005-12-31": "95.10300"}, "ROE - Return On Equity": {"2019-12-31": "13.46500", "2018-12-31": "13.26430", "2017-12-31": "15.66500", "2016-12-31": "10.86110", "2015-12-31": "11.72850", "2014-12-31": "11.87560", "2013-12-31": "11.08730", "2012-12-31": "9.53680", "2011-12-31": "9.25600", "2010-12-31": "7.78670", "2009-12-31": "3.65350", "2008-12-31": "5.11630", "2007-12-31": "11.70230", "2006-12-31": "2.99580", "2005-12-31": "25.36300"}, "Return On Tangible Equity": {"2019-12-31": "663.63640", "2018-12-31": "402.80900", "2017-12-31": "402.66340", "2016-12-31": "-237.86630", "2015-12-31": "-175.03920", "2014-12-31": "-115.74470", "2013-12-31": "-76.35190", "2012-12-31": "-51.61840", "2011-12-31": "-47.95000", "2010-12-31": "-51.39130", "2009-12-31": "-15.48420", "2008-12-31": "196.56250", "2007-12-31": "-284.48640", "2006-12-31": "-90.33260", "2005-12-31": "53.37190"}, "ROA - Return On Assets": {"2019-12-31": "2.68410", "2018-12-31": "2.69590", "2017-12-31": "2.26520", "2016-12-31": "1.43790", "2015-12-31": "1.48810", "2014-12-31": "1.36120", "2013-12-31": "1.34210", "2012-12-31": "1.21730", "2011-12-31": "1.30020", "2010-12-31": "1.14870", "2009-12-31": "0.50360", "2008-12-31": "3.15700", "2007-12-31": "6.01480", "2006-12-31": "1.57800", "2005-12-31": "12.65740"}, "ROI - Return On Investment": {"2019-12-31": "8.37620", "2018-12-31": "7.40870", "2017-12-31": "8.90290", "2016-12-31": "5.10040", "2015-12-31": "5.16920", "2014-12-31": "4.69980", "2013-12-31": "5.29690", "2012-12-31": "4.30370", "2011-12-31": "4.45930", "2010-12-31": "4.22650", "2009-12-31": "1.89550", "2008-12-31": "4.75220", "2007-12-31": "10.81880", "2006-12-31": "2.92700", "2005-12-31": "19.88960"}, "Book Value Per Share": {"2019-12-31": "217.73490", "2018-12-31": "205.85390", "2017-12-31": "199.07850", "2016-12-31": "180.45740", "2015-12-31": "174.84290", "2014-12-31": "166.79110", "2013-12-31": "159.77040", "2012-12-31": "151.50260", "2011-12-31": "182.50360", "2010-12-31": "200.64470", "2009-12-31": "396.68150", "2008-12-31": "104.81620", "2007-12-31": "99.91380", "2006-12-31": "92.62070", "2005-12-31": "14.16830"}, "Operating Cash Flow Per Share": {"2019-12-31": -0.6717, "2018-12-31": -5.0371, "2017-12-31": 10.3795, "2016-12-31": -4.126, "2015-12-31": -0.2697, "2014-12-31": -2.9108, "2013-12-31": 8.3686, "2012-12-31": -2.5199, "2011-12-31": 2.1911, "2010-12-31": 2.8818, "2009-12-31": -4.554, "2008-12-31": 10.116, "2007-12-31": -4.1814, "2006-12-31": 4.8373, "2005-12-31": 3.8121}, "Free Cash Flow Per Share": {"2019-12-31": -1.0251, "2018-12-31": -5.354, "2017-12-31": 10.1511, "2016-12-31": -3.533, "2015-12-31": -1.1914, "2014-12-31": -2.7558, "2013-12-31": 8.6705, "2012-12-31": -2.0425, "2011-12-31": 1.5509, "2010-12-31": 2.668, "2009-12-31": -4.4339, "2008-12-31": 10.3748, "2007-12-31": -4.0186, "2006-12-31": 2.9768, "2005-12-31": 4.6649}}, "financial ratios, quarterly": {"Current Ratio": {"2020-09-30": "1.01500", "2020-06-30": "4.02090", "2020-03-31": "4.07660", "2019-12-31": "0.97910", "2019-09-30": "2.32570", "2019-06-30": "2.92400", "2019-03-31": "3.49460", "2018-12-31": "2.78810", "2018-09-30": "3.07300", "2018-06-30": "3.86960", "2018-03-31": "3.96470", "2017-12-31": "1.16920", "2017-09-30": "2.88730", "2017-06-30": "3.22030", "2017-03-31": "3.26510", "2016-12-31": "3.00360", "2016-09-30": "2.89810", "2016-06-30": "3.03170", "2016-03-31": "3.69960", "2015-12-31": "2.78640", "2015-09-30": "2.85500", "2015-06-30": "3.02270", "2015-03-31": "3.08920", "2014-12-31": "2.80030", "2014-09-30": "2.77240", "2014-06-30": "2.24470", "2014-03-31": "3.26460", "2013-12-31": "2.40130", "2013-09-30": "1.80680", "2013-06-30": "2.72280", "2013-03-31": "3.03230", "2012-12-31": "2.64730", "2012-09-30": "2.54150", "2012-06-30": "2.87590", "2012-03-31": "2.56280", "2011-12-31": "2.27350", "2011-09-30": "2.13670", "2011-06-30": "2.49260", "2011-03-31": "2.66060", "2010-12-31": "2.02370", "2010-09-30": "2.39110", "2010-06-30": "1.68040", "2010-03-31": "1.59400", "2009-12-31": "1.26970", "2009-09-30": "2.48410", "2009-06-30": "2.52960", "2009-03-31": "3.56890", "2008-12-31": "1.75210", "2008-09-30": "1.60240", "2008-06-30": "1.43390", "2008-03-31": "1.38780", "2007-12-31": "1.26290", "2007-09-30": "1.52440", "2007-06-30": "1.27640", "2007-03-31": "1.19800", "2006-12-31": "1.03700", "2006-09-30": "1.05060", "2006-06-30": "1.37850", "2006-03-31": "1.34990", "2005-12-31": "1.32790", "2005-09-30": "1.36850", "2005-06-30": "1.66740", "2005-03-31": "1.57490"}, "Long-term Debt / Capital": {"2020-09-30": "0.30850", "2020-06-30": "0.39670", "2020-03-31": "0.38510", "2019-12-31": "0.31510", "2019-09-30": "0.43320", "2019-06-30": "0.43450", "2019-03-31": "0.45220", "2018-12-31": "0.44150", "2018-09-30": "0.43110", "2018-06-30": "0.46900", "2018-03-31": "0.50530", "2017-12-31": "0.43170", "2017-09-30": "0.52110", "2017-06-30": "0.51570", "2017-03-31": "0.55120", "2016-12-31": "0.53040", "2016-09-30": "0.54770", "2016-06-30": "0.55600", "2016-03-31": "0.55530", "2015-12-31": "0.55930", "2015-09-30": "0.55870", "2015-06-30": "0.57290", "2015-03-31": "0.61700", "2014-12-31": "0.60420", "2014-09-30": "0.52240", "2014-06-30": "0.54750", "2014-03-31": "0.49360", "2013-12-31": "0.52230", "2013-09-30": "0.52560", "2013-06-30": "0.50720", "2013-03-31": "0.53050", "2012-12-31": "0.54870", "2012-09-30": "0.54770", "2012-06-30": "0.54470", "2012-03-31": "0.52820", "2011-12-31": "0.51820", "2011-09-30": "0.50650", "2011-06-30": "0.49520", "2011-03-31": "0.44920", "2010-12-31": "0.45720", "2010-09-30": "0.47810", "2010-06-30": "0.47520", "2010-03-31": "0.41880", "2009-12-31": "0.48120", "2009-09-30": "0.06630", "2009-06-30": "0.06790", "2009-03-31": "0.07160", "2008-12-31": "0.07120", "2008-09-30": "0.07210", "2008-06-30": "0.07240", "2008-03-31": "0.07420", "2007-12-31": "0.07550", "2007-09-30": "0.07750", "2007-06-30": "0.02220", "2007-03-31": "0.02250", "2006-12-31": "0.02290", "2006-09-30": "0.02330", "2006-06-30": "0.19560", "2006-03-31": "0.20420", "2005-12-31": "0.21580", "2005-09-30": "0.22380", "2005-06-30": "0.22650", "2005-03-31": "0.22800"}, "Debt/Equity Ratio": {"2020-09-30": "0.65910", "2020-06-30": "0.65750", "2020-03-31": "0.62620", "2019-12-31": "0.60750", "2019-09-30": "0.76440", "2019-06-30": "0.76850", "2019-03-31": "0.82560", "2018-12-31": "0.79040", "2018-09-30": "0.75790", "2018-06-30": "0.88310", "2018-03-31": "1.02140", "2017-12-31": "0.91700", "2017-09-30": "1.08810", "2017-06-30": "1.06480", "2017-03-31": "1.22800", "2016-12-31": "1.12940", "2016-09-30": "1.21100", "2016-06-30": "1.25220", "2016-03-31": "1.24850", "2015-12-31": "1.26890", "2015-09-30": "1.26610", "2015-06-30": "1.34130", "2015-03-31": "1.61120", "2014-12-31": "1.52680", "2014-09-30": "1.09390", "2014-06-30": "1.20990", "2014-03-31": "0.97480", "2013-12-31": "1.09320", "2013-09-30": "1.10800", "2013-06-30": "1.02930", "2013-03-31": "1.12980", "2012-12-31": "1.21990", "2012-09-30": "1.21500", "2012-06-30": "1.20030", "2012-03-31": "1.12360", "2011-12-31": "1.07960", "2011-09-30": "1.03030", "2011-06-30": "1.00530", "2011-03-31": "0.81570", "2010-12-31": "0.84610", "2010-09-30": "0.92000", "2010-06-30": "0.92330", "2010-03-31": "0.75590", "2009-12-31": "1.01830", "2009-09-30": "0.08610", "2009-06-30": "0.08830", "2009-03-31": "0.09340", "2008-12-31": "0.09290", "2008-09-30": "0.09410", "2008-06-30": "0.10280", "2008-03-31": "0.10560", "2007-12-31": "0.10750", "2007-09-30": "0.12400", "2007-06-30": "0.05520", "2007-03-31": "0.07300", "2006-12-31": "0.02350", "2006-09-30": "0.02390", "2006-06-30": "0.24320", "2006-03-31": "0.25660", "2005-12-31": "0.27520", "2005-09-30": "0.28830", "2005-06-30": "0.29290", "2005-03-31": "0.29540"}, "Gross Margin": {"2020-09-30": "100.00000", "2020-06-30": "100.00000", "2020-03-31": "100.00000", "2019-12-31": "100.00000", "2019-09-30": "100.00000", "2019-06-30": "100.00000", "2019-03-31": "100.00000", "2018-12-31": "100.00000", "2018-09-30": "100.00000", "2018-06-30": "100.00000", "2018-03-31": "100.00000", "2017-12-31": "100.00000", "2017-09-30": "100.00000", "2017-06-30": "100.00000", "2017-03-31": "100.00000", "2016-12-31": "100.00000", "2016-09-30": "100.00000", "2016-06-30": "100.00000", "2016-03-31": "100.00000", "2015-12-31": "100.00000", "2015-09-30": "100.00000", "2015-06-30": "100.00000", "2015-03-31": "100.00000", "2014-12-31": "100.00000", "2014-09-30": "100.00000", "2014-06-30": "100.00000", "2014-03-31": "100.00000", "2013-12-31": "100.00000", "2013-09-30": "100.00000", "2013-06-30": "100.00000", "2013-03-31": "100.00000", "2012-12-31": "100.00000", "2012-09-30": "100.00000", "2012-06-30": "100.00000", "2012-03-31": "100.00000", "2011-12-31": "104.89450", "2011-09-30": "100.00000", "2011-06-30": "100.00000", "2011-03-31": "95.22350", "2010-12-31": "95.74810", "2010-09-30": "94.98090", "2010-06-30": "95.22640", "2010-03-31": "94.98750", "2009-12-31": "93.13470", "2009-09-30": "89.56140", "2009-06-30": "87.85230", "2009-03-31": "87.13270", "2008-12-31": "87.40600", "2008-09-30": "88.65200", "2008-06-30": "89.04110", "2008-03-31": "88.00000", "2007-12-31": "90.44760", "2007-09-30": "89.30340", "2007-06-30": "88.05160", "2007-03-31": "86.96150", "2006-12-31": "87.65910", "2006-09-30": "94.92910", "2006-06-30": "95.63080", "2006-03-31": "96.16870", "2005-12-31": "82.49530", "2005-09-30": "100.00000", "2005-06-30": "100.00000", "2005-03-31": "100.00000"}, "Operating Margin": {"2020-09-30": "40.21520", "2020-06-30": "38.54170", "2020-03-31": "18.43670", "2019-12-31": "38.67240", "2019-09-30": "40.68260", "2019-06-30": "36.26560", "2019-03-31": "36.85000", "2018-12-31": "36.28420", "2018-09-30": "39.03800", "2018-06-30": "39.94450", "2018-03-31": "38.37570", "2017-12-31": "39.45270", "2017-09-30": "39.59520", "2017-06-30": "38.22620", "2017-03-31": "36.96640", "2016-12-31": "30.53050", "2016-09-30": "42.61540", "2016-06-30": "41.83310", "2016-03-31": "36.69970", "2015-12-31": "39.71360", "2015-09-30": "41.99310", "2015-06-30": "42.61620", "2015-03-31": "39.18470", "2014-12-31": "41.09200", "2014-09-30": "40.61070", "2014-06-30": "40.38880", "2014-03-31": "39.36330", "2013-12-31": "40.79940", "2013-09-30": "39.07770", "2013-06-30": "34.20630", "2013-03-31": "37.11720", "2012-12-31": "39.58250", "2012-09-30": "37.71550", "2012-06-30": "37.19160", "2012-03-31": "36.23830", "2011-12-31": "36.28200", "2011-09-30": "34.92140", "2011-06-30": "36.89820", "2011-03-31": "34.96930", "2010-12-31": "37.70560", "2010-09-30": "33.79540", "2010-06-30": "34.30120", "2010-03-31": "32.78200", "2009-12-31": "25.19430", "2009-09-30": "31.31580", "2009-06-30": "25.36440", "2009-03-31": "27.45690", "2008-12-31": "31.76690", "2008-09-30": "34.57730", "2008-06-30": "29.19970", "2008-03-31": "30.46150", "2007-12-31": "32.40170", "2007-09-30": "20.93230", "2007-06-30": "25.70600", "2007-03-31": "27.07760", "2006-12-31": "24.17970", "2006-09-30": "8.97920", "2006-06-30": "26.80180", "2006-03-31": "25.28100", "2005-12-31": "30.45050", "2005-09-30": "26.48510", "2005-06-30": "30.17620", "2005-03-31": "26.62400"}, "EBIT Margin": {"2020-09-30": "40.21520", "2020-06-30": "38.54170", "2020-03-31": "18.43670", "2019-12-31": "38.67240", "2019-09-30": "40.68260", "2019-06-30": "36.26560", "2019-03-31": "36.85000", "2018-12-31": "36.28420", "2018-09-30": "39.03800", "2018-06-30": "39.94450", "2018-03-31": "38.37570", "2017-12-31": "39.45270", "2017-09-30": "39.59520", "2017-06-30": "38.22620", "2017-03-31": "36.96640", "2016-12-31": "30.53050", "2016-09-30": "42.61540", "2016-06-30": "41.83310", "2016-03-31": "36.69970", "2015-12-31": "39.71360", "2015-09-30": "41.99310", "2015-06-30": "42.61620", "2015-03-31": "39.18470", "2014-12-31": "41.09200", "2014-09-30": "40.61070", "2014-06-30": "40.38880", "2014-03-31": "39.36330", "2013-12-31": "40.79940", "2013-09-30": "39.07770", "2013-06-30": "34.20630", "2013-03-31": "37.11720", "2012-12-31": "39.58250", "2012-09-30": "37.71550", "2012-06-30": "37.19160", "2012-03-31": "36.23830", "2011-12-31": "36.28200", "2011-09-30": "34.92140", "2011-06-30": "36.89820", "2011-03-31": "34.96930", "2010-12-31": "37.70560", "2010-09-30": "33.79540", "2010-06-30": "34.30120", "2010-03-31": "32.78200", "2009-12-31": "25.19430", "2009-09-30": "31.31580", "2009-06-30": "25.36440", "2009-03-31": "27.45690", "2008-12-31": "31.76690", "2008-09-30": "34.57730", "2008-06-30": "29.19970", "2008-03-31": "30.46150", "2007-12-31": "32.40170", "2007-09-30": "20.93230", "2007-06-30": "25.70600", "2007-03-31": "27.07760", "2006-12-31": "24.17970", "2006-09-30": "8.97920", "2006-06-30": "26.80180", "2006-03-31": "25.28100", "2005-12-31": "30.45050", "2005-09-30": "26.48510", "2005-06-30": "30.17620", "2005-03-31": "26.62400"}, "EBITDA Margin": {"2020-09-30": "", "2020-06-30": "", "2020-03-31": "", "2019-12-31": "", "2019-09-30": "", "2019-06-30": "", "2019-03-31": "", "2018-12-31": "", "2018-09-30": "", "2018-06-30": "", "2018-03-31": "", "2017-12-31": "", "2017-09-30": "", "2017-06-30": "", "2017-03-31": "", "2016-12-31": "", "2016-09-30": "", "2016-06-30": "", "2016-03-31": "", "2015-12-31": "", "2015-09-30": "", "2015-06-30": "", "2015-03-31": "", "2014-12-31": "", "2014-09-30": "", "2014-06-30": "", "2014-03-31": "", "2013-12-31": "", "2013-09-30": "", "2013-06-30": "", "2013-03-31": "", "2012-12-31": "", "2012-09-30": "", "2012-06-30": "", "2012-03-31": "", "2011-12-31": "", "2011-09-30": "", "2011-06-30": "", "2011-03-31": "", "2010-12-31": "", "2010-09-30": "", "2010-06-30": "", "2010-03-31": "", "2009-12-31": "", "2009-09-30": "", "2009-06-30": "", "2009-03-31": "", "2008-12-31": "", "2008-09-30": "", "2008-06-30": "", "2008-03-31": "", "2007-12-31": "", "2007-09-30": "", "2007-06-30": "", "2007-03-31": "", "2006-12-31": "", "2006-09-30": "", "2006-06-30": "", "2006-03-31": "", "2005-12-31": "", "2005-09-30": "", "2005-06-30": "", "2005-03-31": ""}, "Pre-Tax Profit Margin": {"2020-09-30": "45.34220", "2020-06-30": "48.32790", "2020-03-31": "16.52290", "2019-12-31": "41.08620", "2019-09-30": "39.54500", "2019-06-30": "37.88310", "2019-03-31": "40.58580", "2018-12-31": "34.18750", "2018-09-30": "39.96090", "2018-06-30": "39.27880", "2018-03-31": "37.92910", "2017-12-31": "39.47930", "2017-09-30": "39.88030", "2017-06-30": "38.25710", "2017-03-31": "36.74000", "2016-12-31": "29.57960", "2016-09-30": "42.65070", "2016-06-30": "40.94150", "2016-03-31": "34.87040", "2015-12-31": "40.09780", "2015-09-30": "40.34360", "2015-06-30": "41.20480", "2015-03-31": "39.77230", "2014-12-31": "38.93680", "2014-09-30": "38.78550", "2014-06-30": "40.96470", "2014-03-31": "40.00000", "2013-12-31": "41.66370", "2013-09-30": "38.34950", "2013-06-30": "36.98630", "2013-03-31": "38.79130", "2012-12-31": "36.94370", "2012-09-30": "39.00860", "2012-06-30": "35.39700", "2012-03-31": "37.26100", "2011-12-31": "36.59630", "2011-09-30": "29.88760", "2011-06-30": "35.87560", "2011-03-31": "35.62660", "2010-12-31": "38.42760", "2010-09-30": "37.52390", "2010-06-30": "30.61020", "2010-03-31": "32.88220", "2009-12-31": "26.36010", "2009-09-30": "38.15790", "2009-06-30": "32.84740", "2009-03-31": "9.32120", "2008-12-31": "-6.95490", "2008-09-30": "23.83850", "2008-06-30": "28.91130", "2008-03-31": "28.92310", "2007-12-31": "34.22660", "2007-09-30": "30.80760", "2007-06-30": "45.18770", "2007-03-31": "42.76640", "2006-12-31": "27.73190", "2006-09-30": "9.57010", "2006-06-30": "28.13660", "2006-03-31": "28.59070", "2005-12-31": "31.54700", "2005-09-30": "32.94470", "2005-06-30": "31.63690", "2005-03-31": "29.73170"}, "Net Profit Margin": {"2020-09-30": "31.22000", "2020-06-30": "33.27850", "2020-03-31": "21.72510", "2019-12-31": "32.71310", "2019-09-30": "30.30880", "2019-06-30": "28.46200", "2019-03-31": "31.47040", "2018-12-31": "26.99480", "2018-09-30": "34.00450", "2018-06-30": "29.76420", "2018-03-31": "30.39350", "2017-12-31": "60.97240", "2017-09-30": "26.90990", "2017-06-30": "26.39060", "2017-03-31": "27.78140", "2016-12-31": "21.19620", "2016-09-30": "30.84240", "2016-06-30": "28.13840", "2016-03-31": "25.03810", "2015-12-31": "30.07340", "2015-09-30": "28.96910", "2015-06-30": "28.19280", "2015-03-31": "30.18730", "2014-12-31": "29.20260", "2014-09-30": "32.18670", "2014-06-30": "29.08570", "2014-03-31": "28.31460", "2013-12-31": "30.28450", "2013-09-30": "29.53080", "2013-06-30": "29.37150", "2013-03-31": "25.80650", "2012-12-31": "27.17610", "2012-09-30": "27.67240", "2012-06-30": "24.85420", "2012-03-31": "25.43350", "2011-12-31": "25.23570", "2011-09-30": "26.74160", "2011-06-30": "26.37410", "2011-03-31": "24.58370", "2010-12-31": "26.35380", "2010-09-30": "26.33840", "2010-06-30": "21.25980", "2010-03-31": "21.20300", "2009-12-31": "16.58030", "2009-09-30": "27.80700", "2009-06-30": "21.18560", "2009-03-31": "8.51060", "2008-12-31": "4.88720", "2008-09-30": "16.52700", "2008-06-30": "19.75490", "2008-03-31": "18.53850", "2007-12-31": "22.16430", "2007-09-30": "19.65980", "2007-06-30": "20.25880", "2007-03-31": "19.43440", "2006-12-31": "16.67270", "2006-09-30": "5.85470", "2006-06-30": "17.57640", "2006-03-31": "17.90980", "2005-12-31": "19.75530", "2005-09-30": "20.31830", "2005-06-30": "19.65260", "2005-03-31": "18.60820"}, "Asset Turnover": {"2020-09-30": "0.02650", "2020-06-30": "0.02320", "2020-03-31": "0.02490", "2019-12-31": "0.02360", "2019-09-30": "0.02250", "2019-06-30": "0.02160", "2019-03-31": "0.02030", "2018-12-31": "0.02150", "2018-09-30": "0.02050", "2018-06-30": "0.01840", "2018-03-31": "0.01660", "2017-12-31": "0.01710", "2017-09-30": "0.01590", "2017-06-30": "0.01490", "2017-03-31": "0.01340", "2016-12-31": "0.01810", "2016-09-30": "0.01250", "2016-06-30": "0.01260", "2016-03-31": "0.01180", "2015-12-31": "0.01270", "2015-09-30": "0.01310", "2015-06-30": "0.01230", "2015-03-31": "0.01120", "2014-12-31": "0.01160", "2014-09-30": "0.01280", "2014-06-30": "0.01200", "2014-03-31": "0.01230", "2013-12-31": "0.01260", "2013-09-30": "0.01160", "2013-06-30": "0.01280", "2013-03-31": "0.01220", "2012-12-31": "0.01270", "2012-09-30": "0.01200", "2012-06-30": "0.01220", "2012-03-31": "0.01210", "2011-12-31": "0.01240", "2011-09-30": "0.01280", "2011-06-30": "0.01270", "2011-03-31": "0.01280", "2010-12-31": "0.01400", "2010-09-30": "0.01200", "2010-06-30": "0.01250", "2010-03-31": "0.01190", "2009-12-31": "0.00870", "2009-09-30": "0.05330", "2009-06-30": "0.05040", "2009-03-31": "0.05130", "2008-12-31": "0.05340", "2008-09-30": "0.06050", "2008-06-30": "0.06300", "2008-03-31": "0.05960", "2007-12-31": "0.06400", "2007-09-30": "0.05620", "2007-06-30": "0.04990", "2007-03-31": "0.04810", "2006-12-31": "0.04980", "2006-09-30": "0.01810", "2006-06-30": "0.18750", "2006-03-31": "0.21490", "2005-12-31": "0.19970", "2005-09-30": "0.17980", "2005-06-30": "0.17370", "2005-03-31": "0.16740"}, "Inventory Turnover Ratio": {"2020-09-30": "", "2020-06-30": "", "2020-03-31": "", "2019-12-31": "", "2019-09-30": "", "2019-06-30": "", "2019-03-31": "", "2018-12-31": "", "2018-09-30": "", "2018-06-30": "", "2018-03-31": "", "2017-12-31": "", "2017-09-30": "", "2017-06-30": "", "2017-03-31": "", "2016-12-31": "", "2016-09-30": "", "2016-06-30": "", "2016-03-31": "", "2015-12-31": "", "2015-09-30": "", "2015-06-30": "", "2015-03-31": "", "2014-12-31": "", "2014-09-30": "", "2014-06-30": "", "2014-03-31": "", "2013-12-31": "", "2013-09-30": "", "2013-06-30": "", "2013-03-31": "", "2012-12-31": "", "2012-09-30": "", "2012-06-30": "", "2012-03-31": "", "2011-12-31": "", "2011-09-30": "", "2011-06-30": "", "2011-03-31": "", "2010-12-31": "", "2010-09-30": "", "2010-06-30": "", "2010-03-31": "", "2009-12-31": "", "2009-09-30": "", "2009-06-30": "", "2009-03-31": "", "2008-12-31": "", "2008-09-30": "", "2008-06-30": "", "2008-03-31": "", "2007-12-31": "", "2007-09-30": "", "2007-06-30": "", "2007-03-31": "", "2006-12-31": "", "2006-09-30": "", "2006-06-30": "", "2006-03-31": "", "2005-12-31": "", "2005-09-30": "", "2005-06-30": "", "2005-03-31": ""}, "Receiveable Turnover": {"2020-09-30": "1.17890", "2020-06-30": "1.22010", "2020-03-31": "1.19870", "2019-12-31": "1.25100", "2019-09-30": "1.22010", "2019-06-30": "1.23090", "2019-03-31": "1.20750", "2018-12-31": "1.29240", "2018-09-30": "1.33330", "2018-06-30": "1.40440", "2018-03-31": "1.33840", "2017-12-31": "1.39460", "2017-09-30": "1.10210", "2017-06-30": "1.08450", "2017-03-31": "0.95820", "2016-12-31": "1.88940", "2016-09-30": "1.09070", "2016-06-30": "0.97190", "2016-03-31": "1.03880", "2015-12-31": "1.27980", "2015-09-30": "1.14480", "2015-06-30": "1.23780", "2015-03-31": "0.96020", "2014-12-31": "1.31320", "2014-09-30": "1.08290", "2014-06-30": "0.66030", "2014-03-31": "0.93100", "2013-12-31": "1.23590", "2013-09-30": "0.57340", "2013-06-30": "1.10360", "2013-03-31": "0.93540", "2012-12-31": "1.12840", "2012-09-30": "0.94160", "2012-06-30": "1.06960", "2012-03-31": "0.97280", "2011-12-31": "1.13620", "2011-09-30": "1.07330", "2011-06-30": "1.12620", "2011-03-31": "1.02650", "2010-12-31": "1.19000", "2010-09-30": "1.01950", "2010-06-30": "1.02160", "2010-03-31": "1.06800", "2009-12-31": "0.89870", "2009-09-30": "0.93520", "2009-06-30": "0.96440", "2009-03-31": "1.03570", "2008-12-31": "1.18090", "2008-09-30": "1.08640", "2008-06-30": "0.88390", "2008-03-31": "0.87200", "2007-12-31": "1.16870", "2007-09-30": "1.12290", "2007-06-30": "1.01800", "2007-03-31": "0.78400", "2006-12-31": "1.05620", "2006-09-30": "0.30950", "2006-06-30": "0.82310", "2006-03-31": "1.02160", "2005-12-31": "1.18900", "2005-09-30": "1.09520", "2005-06-30": "1.11320", "2005-03-31": "1.02030"}, "Days Sales In Receivables": {"2020-09-30": "76.34240", "2020-06-30": "73.76650", "2020-03-31": "75.08090", "2019-12-31": "71.94120", "2019-09-30": "73.76490", "2019-06-30": "73.11860", "2019-03-31": "74.53380", "2018-12-31": "69.63600", "2018-09-30": "67.50000", "2018-06-30": "64.08600", "2018-03-31": "67.24250", "2017-12-31": "64.53510", "2017-09-30": "81.66190", "2017-06-30": "82.99140", "2017-03-31": "93.92950", "2016-12-31": "47.63510", "2016-09-30": "82.51320", "2016-06-30": "92.59990", "2016-03-31": "86.63870", "2015-12-31": "70.32130", "2015-09-30": "78.61860", "2015-06-30": "72.71260", "2015-03-31": "93.73490", "2014-12-31": "68.53450", "2014-09-30": "83.11340", "2014-06-30": "136.29590", "2014-03-31": "96.67420", "2013-12-31": "72.82320", "2013-09-30": "156.95390", "2013-06-30": "81.55120", "2013-03-31": "96.21070", "2012-12-31": "79.75580", "2012-09-30": "95.58620", "2012-06-30": "84.14540", "2012-03-31": "92.52110", "2011-12-31": "79.20970", "2011-09-30": "83.85170", "2011-06-30": "79.91480", "2011-03-31": "87.67310", "2010-12-31": "75.63180", "2010-09-30": "88.27920", "2010-06-30": "88.09550", "2010-03-31": "84.27070", "2009-12-31": "100.14250", "2009-09-30": "96.23690", "2009-06-30": "93.32360", "2009-03-31": "86.89970", "2008-12-31": "76.21240", "2008-09-30": "82.84230", "2008-06-30": "101.81720", "2008-03-31": "103.21180", "2007-12-31": "77.00810", "2007-09-30": "80.14890", "2007-06-30": "88.41100", "2007-03-31": "114.79150", "2006-12-31": "85.21230", "2006-09-30": "290.80100", "2006-06-30": "109.34640", "2006-03-31": "88.09360", "2005-12-31": "75.69100", "2005-09-30": "82.18050", "2005-06-30": "80.84940", "2005-03-31": "88.20670"}, "ROE - Return On Equity": {"2020-09-30": "4.47070", "2020-06-30": "4.27620", "2020-03-31": "1.89600", "2019-12-31": "3.96870", "2019-09-30": "3.44660", "2019-06-30": "3.17060", "2019-03-31": "3.37990", "2018-12-31": "2.85820", "2018-09-30": "3.70500", "2018-06-30": "3.34950", "2018-03-31": "3.41640", "2017-12-31": "7.22490", "2017-09-30": "3.17640", "2017-06-30": "2.91730", "2017-03-31": "2.97200", "2016-12-31": "2.90570", "2016-09-30": "3.02820", "2016-06-30": "2.77630", "2016-03-31": "2.27260", "2015-12-31": "3.04060", "2015-09-30": "2.94800", "2015-06-30": "2.96350", "2015-03-31": "3.00260", "2014-12-31": "2.93250", "2014-09-30": "3.20540", "2014-06-30": "3.11260", "2014-03-31": "2.79560", "2013-12-31": "3.19360", "2013-09-30": "2.78830", "2013-06-30": "2.74120", "2013-03-31": "2.59840", "2012-12-31": "2.54060", "2012-09-30": "2.59290", "2012-06-30": "2.25040", "2012-03-31": "2.25280", "2011-12-31": "2.30710", "2011-09-30": "2.28570", "2011-06-30": "2.52170", "2011-03-31": "2.11150", "2010-12-31": "2.46520", "2010-09-30": "2.27900", "2010-06-30": "1.54650", "2010-03-31": "1.72120", "2009-12-31": "1.04680", "2009-09-30": "2.51320", "2009-06-30": "1.88320", "2009-03-31": "0.50520", "2008-12-31": "-0.54500", "2008-09-30": "1.60830", "2008-06-30": "2.09410", "2008-03-31": "2.08230", "2007-12-31": "5.90000", "2007-09-30": "2.26480", "2007-06-30": "2.00170", "2007-03-31": "1.77650", "2006-12-31": "1.57510", "2006-09-30": "0.17830", "2006-06-30": "6.08980", "2006-03-31": "7.16540", "2005-12-31": "7.90660", "2005-09-30": "7.04790", "2005-06-30": "6.24810", "2005-03-31": "5.49810"}, "Return On Tangible Equity": {"2020-09-30": "139.43010", "2020-06-30": "-1611.49400", "2020-03-31": "375.44910", "2019-12-31": "195.60120", "2019-09-30": "-227.43900", "2019-06-30": "-97.59150", "2019-03-31": "7571.42900", "2018-12-31": "86.79780", "2018-09-30": "110.36700", "2018-06-30": "67.29090", "2018-03-31": "76.66430", "2017-12-31": "185.71430", "2017-09-30": "-180.71830", "2017-06-30": "-85.88470", "2017-03-31": "-69.71890", "2016-12-31": "-63.63640", "2016-09-30": "-56.58070", "2016-06-30": "-41.73230", "2016-03-31": "-32.39860", "2015-12-31": "-45.37860", "2015-09-30": "-39.58140", "2015-06-30": "-33.14610", "2015-03-31": "-28.17620", "2014-12-31": "-28.58160", "2014-09-30": "-28.07980", "2014-06-30": "-24.95550", "2014-03-31": "-19.47130", "2013-12-31": "-21.99220", "2013-09-30": "-16.92990", "2013-06-30": "-15.80830", "2013-03-31": "-14.36890", "2012-12-31": "-13.75080", "2012-09-30": "-12.87090", "2012-06-30": "-10.28470", "2012-03-31": "-11.84350", "2011-12-31": "-11.95160", "2011-09-30": "-10.84890", "2011-06-30": "-11.16700", "2011-03-31": "-15.82490", "2010-12-31": "-16.26970", "2010-09-30": "-12.80420", "2010-06-30": "-7.66960", "2010-03-31": "-7.92740", "2009-12-31": "-4.43640", "2009-09-30": "26.97900", "2009-06-30": "28.24070", "2009-03-31": "46.61650", "2008-12-31": "-20.93750", "2008-09-30": "117.78960", "2008-06-30": "290.45750", "2008-03-31": "-107.04560", "2007-12-31": "-143.43140", "2007-09-30": "1039.52000", "2007-06-30": "-124.04900", "2007-03-31": "-122.47330", "2006-12-31": "-47.49310", "2006-09-30": "1.54960", "2006-06-30": "11.49720", "2006-03-31": "14.27370", "2005-12-31": "16.63800", "2005-09-30": "16.27760", "2005-06-30": "15.08240", "2005-03-31": "11.55570"}, "ROA - Return On Assets": {"2020-09-30": "0.91870", "2020-06-30": "0.89110", "2020-03-31": "0.42070", "2019-12-31": "0.79110", "2019-09-30": "0.68290", "2019-06-30": "0.62020", "2019-03-31": "0.64240", "2018-12-31": "0.58090", "2018-09-30": "0.68800", "2018-06-30": "0.55130", "2018-03-31": "0.50640", "2017-12-31": "1.04480", "2017-09-30": "0.43340", "2017-06-30": "0.39730", "2017-03-31": "0.37640", "2016-12-31": "0.38470", "2016-09-30": "0.38680", "2016-06-30": "0.35800", "2016-03-31": "0.29020", "2015-12-31": "0.38580", "2015-09-30": "0.37440", "2015-06-30": "0.34850", "2015-03-31": "0.33990", "2014-12-31": "0.33610", "2014-09-30": "0.39180", "2014-06-30": "0.36300", "2014-03-31": "0.34400", "2013-12-31": "0.38660", "2013-09-30": "0.34270", "2013-06-30": "0.36440", "2013-03-31": "0.33180", "2012-12-31": "0.32430", "2012-09-30": "0.33970", "2012-06-30": "0.30690", "2012-03-31": "0.30990", "2011-12-31": "0.32410", "2011-09-30": "0.32710", "2011-06-30": "0.33610", "2011-03-31": "0.31610", "2010-12-31": "0.36370", "2010-09-30": "0.33470", "2010-06-30": "0.23970", "2010-03-31": "0.25470", "2009-12-31": "0.14430", "2009-09-30": "1.56220", "2009-06-30": "1.19560", "2009-03-31": "0.32250", "2008-12-31": "-0.33630", "2008-09-30": "0.90340", "2008-06-30": "1.15360", "2008-03-31": "1.12760", "2007-12-31": "3.03250", "2007-09-30": "1.10580", "2007-06-30": "1.01060", "2007-03-31": "0.93570", "2006-12-31": "0.82960", "2006-09-30": "0.10580", "2006-06-30": "3.29560", "2006-03-31": "3.84900", "2005-12-31": "3.94580", "2005-09-30": "3.65300", "2005-06-30": "3.41330", "2005-03-31": "3.11500"}, "ROI - Return On Investment": {"2020-09-30": "3.09160", "2020-06-30": "2.57990", "2020-03-31": "1.16590", "2019-12-31": "2.71810", "2019-09-30": "1.95340", "2019-06-30": "1.79290", "2019-03-31": "1.85140", "2018-12-31": "1.59640", "2018-09-30": "2.10760", "2018-06-30": "1.77870", "2018-03-31": "1.69010", "2017-12-31": "4.10610", "2017-09-30": "1.52120", "2017-06-30": "1.41290", "2017-03-31": "1.33390", "2016-12-31": "1.36450", "2016-09-30": "1.36960", "2016-06-30": "1.23270", "2016-03-31": "1.01070", "2015-12-31": "1.34010", "2015-09-30": "1.30090", "2015-06-30": "1.26580", "2015-03-31": "1.14990", "2014-12-31": "1.16050", "2014-09-30": "1.53090", "2014-06-30": "1.40850", "2014-03-31": "1.41570", "2013-12-31": "1.52570", "2013-09-30": "1.32270", "2013-06-30": "1.35080", "2013-03-31": "1.22000", "2012-12-31": "1.14650", "2012-09-30": "1.17270", "2012-06-30": "1.02460", "2012-03-31": "1.06280", "2011-12-31": "1.11150", "2011-09-30": "1.12800", "2011-06-30": "1.27290", "2011-03-31": "1.16290", "2010-12-31": "1.33810", "2010-09-30": "1.18940", "2010-06-30": "0.81150", "2010-03-31": "1.00040", "2009-12-31": "0.54310", "2009-09-30": "2.34630", "2009-06-30": "1.75510", "2009-03-31": "0.46900", "2008-12-31": "-0.50620", "2008-09-30": "1.49230", "2008-06-30": "1.94250", "2008-03-31": "1.92770", "2007-12-31": "5.45460", "2007-09-30": "2.08920", "2007-06-30": "1.95710", "2007-03-31": "1.73650", "2006-12-31": "1.53890", "2006-09-30": "0.17420", "2006-06-30": "4.89860", "2006-03-31": "5.70210", "2005-12-31": "6.20030", "2005-09-30": "5.47080", "2005-06-30": "4.83280", "2005-03-31": "4.24450"}, "Book Value Per Share": {"2020-09-30": "222.51020", "2020-06-30": "215.04620", "2020-03-31": "214.37470", "2019-12-31": "217.73490", "2019-09-30": "210.34670", "2019-06-30": "206.73770", "2019-03-31": "202.99030", "2018-12-31": "205.85390", "2018-09-30": "204.42250", "2018-06-30": "201.38540", "2018-03-31": "199.75250", "2017-12-31": "199.07850", "2017-09-30": "187.48750", "2017-06-30": "183.79330", "2017-03-31": "180.50800", "2016-12-31": "180.45740", "2016-09-30": "178.47280", "2016-06-30": "175.80860", "2016-03-31": "174.02950", "2015-12-31": "174.84290", "2015-09-30": "172.17340", "2015-06-30": "169.69870", "2015-03-31": "166.57170", "2014-12-31": "166.79110", "2014-09-30": "164.58680", "2014-06-30": "162.54180", "2014-03-31": "159.35640", "2013-12-31": "159.77040", "2013-09-30": "156.29670", "2013-06-30": "153.16680", "2013-03-31": "151.69240", "2012-12-31": "151.50260", "2012-09-30": "151.17020", "2012-06-30": "148.67390", "2012-03-31": "182.88780", "2011-12-31": "182.50360", "2011-09-30": "179.39070", "2011-06-30": "182.66920", "2011-03-31": "201.95360", "2010-12-31": "200.64470", "2010-09-30": "408.31740", "2010-06-30": "395.96380", "2010-03-31": "392.48120", "2009-12-31": "396.68150", "2009-09-30": "265.43780", "2009-06-30": "259.60130", "2009-03-31": "260.25740", "2008-12-31": "104.81620", "2008-09-30": "103.95590", "2008-06-30": "103.60990", "2008-03-31": "101.46790", "2007-12-31": "99.91380", "2007-09-30": "97.68210", "2007-06-30": "95.96560", "2007-03-31": "94.53070", "2006-12-31": "92.62070", "2006-09-30": "91.10280", "2006-06-30": "16.23250", "2006-03-31": "15.42110", "2005-12-31": "14.16830", "2005-09-30": "13.56190", "2005-06-30": "13.28210", "2005-03-31": "13.10310"}, "Operating Cash Flow Per Share": {"2020-09-30": 6.5033, "2020-06-30": 10.9673, "2020-03-31": "-5.99680", "2019-12-31": 7.9097, "2019-09-30": 5.9485, "2019-06-30": 5.8696, "2019-03-31": "-1.41200", "2018-12-31": 3.1737, "2018-09-30": 7.8773, "2018-06-30": 8.802, "2018-03-31": "-0.86550", "2017-12-31": 8.5154, "2017-09-30": 8.3206, "2017-06-30": 8.1834, "2017-03-31": "-0.99480", "2016-12-31": 7.8589, "2016-09-30": 6.3743, "2016-06-30": 2.7871, "2016-03-31": "-3.37520", "2015-12-31": 6.8204, "2015-09-30": 8.0178, "2015-06-30": 5.9319, "2015-03-31": "-2.99900", "2014-12-31": 7.4072, "2014-09-30": 7.5252, "2014-06-30": 4.3065, "2014-03-31": "-1.19810", "2013-12-31": 6.6701, "2013-09-30": 6.6323, "2013-06-30": 6.5608, "2013-03-31": "1.08840", "2012-12-31": 1.8335, "2012-09-30": 5.933, "2012-06-30": 5.3772, "2012-03-31": "-0.56070", "2011-12-31": 4.3618, "2011-09-30": 6.9789, "2011-06-30": 4.5651, "2011-03-31": "-0.80290", "2010-12-31": 5.5545, "2010-09-30": 5.7475, "2010-06-30": 2.4633, "2010-03-31": "-0.85350", "2009-12-31": 3.9153, "2009-09-30": 4.0602, "2009-06-30": 3.0105, "2009-03-31": "-0.95600", "2008-12-31": 5.8443, "2008-09-30": 5.0967, "2008-06-30": 4.6307, "2008-03-31": "-0.98770", "2007-12-31": 1.7165, "2007-09-30": 3.3422, "2007-06-30": 3.088, "2007-03-31": "-3.67870", "2006-12-31": 5.1244, "2006-09-30": 3.0424, "2006-06-30": 1.4123, "2006-03-31": "-0.92970", "2005-12-31": 2.5407, "2005-09-30": 1.4248, "2005-06-30": 1.876, "2005-03-31": "-2.02940"}, "Free Cash Flow Per Share": {"2020-09-30": 6.2389, "2020-06-30": 10.6534, "2020-03-31": "-6.32920", "2019-12-31": 7.3194, "2019-09-30": 5.5972, "2019-06-30": 5.5621, "2019-03-31": "-1.77600", "2018-12-31": 2.5832, "2018-09-30": 7.5966, "2018-06-30": 8.616, "2018-03-31": "-1.06800", "2017-12-31": 8.1832, "2017-09-30": 8.0451, "2017-06-30": 7.9636, "2017-03-31": "-1.11010", "2016-12-31": 7.6738, "2016-09-30": 6.2471, "2016-06-30": 2.5642, "2016-03-31": "-3.55440", "2015-12-31": 6.4616, "2015-09-30": 7.8615, "2015-06-30": 5.717, "2015-03-31": "-3.57640", "2014-12-31": 7.2557, "2014-09-30": 7.4897, "2014-06-30": 4.1951, "2014-03-31": "-1.28540", "2013-12-31": 6.4755, "2013-09-30": 6.5507, "2013-06-30": 6.3994, "2013-03-31": "0.98530", "2012-12-31": 1.6805, "2012-09-30": 5.7891, "2012-06-30": 5.0569, "2012-03-31": "-0.78610", "2011-12-31": 4.2408, "2011-09-30": 6.6142, "2011-06-30": 4.158, "2011-03-31": "-1.23010", "2010-12-31": 5.3739, "2010-09-30": 5.591, "2010-06-30": 2.3496, "2010-03-31": "-1.08250", "2009-12-31": 3.8319, "2009-09-30": 3.925, "2009-06-30": 2.8845, "2009-03-31": "-1.07740", "2008-12-31": 5.8025, "2008-09-30": 4.8553, "2008-06-30": 4.5177, "2008-03-31": "-1.17760", "2007-12-31": 1.5184, "2007-09-30": 3.1696, "2007-06-30": 2.8259, "2007-03-31": "-3.89080", "2006-12-31": 4.8135, "2006-09-30": 2.7587, "2006-06-30": 1.218, "2006-03-31": "-1.14850", "2005-12-31": 2.3555, "2005-09-30": 1.2195, "2005-06-30": 1.6914, "2005-03-31": "-0.60150"}}, "revenue": {"BlackRock Annual Revenue (Millions of US $)": {"2020": "$16,205", "2019": "$14,539", "2018": "$14,198", "2017": "$13,600", "2016": "$12,261", "2015": "$11,401", "2014": "$11,081", "2013": "$10,180", "2012": "$9,337", "2011": "$9,081", "2010": "$8,612", "2009": "$4,700", "2008": "$5,064", "2007": "$4,845", "2006": "$2,098", "2005": "$1,191"}, "BlackRock Quarterly Revenue (Millions of US $)": {"2020-12-31": "$4,478", "2020-09-30": "$4,369", "2020-06-30": "$3,648", "2020-03-31": "$3,710", "2019-12-31": "$3,977", "2019-09-30": "$3,692", "2019-06-30": "$3,524", "2019-03-31": "$3,346", "2018-12-31": "$3,434", "2018-09-30": "$3,576", "2018-06-30": "$3,605", "2018-03-31": "$3,583", "2017-12-31": "$3,764", "2017-09-30": "$3,508", "2017-06-30": "$3,236", "2017-03-31": "$3,092", "2016-12-31": "$3,996", "2016-09-30": "$2,837", "2016-06-30": "$2,804", "2016-03-31": "$2,624", "2015-12-31": "$2,863", "2015-09-30": "$2,910", "2015-06-30": "$2,905", "2015-03-31": "$2,723", "2014-12-31": "$2,784", "2014-09-30": "$2,849", "2014-06-30": "$2,778", "2014-03-31": "$2,670", "2013-12-31": "$2,777", "2013-09-30": "$2,472", "2013-06-30": "$2,482", "2013-03-31": "$2,449", "2012-12-31": "$2,539", "2012-09-30": "$2,320", "2012-06-30": "$2,229", "2012-03-31": "$2,249", "2011-12-31": "$2,227", "2011-09-30": "$2,225", "2011-06-30": "$2,347", "2011-03-31": "$2,282", "2010-12-31": "$2,493", "2010-09-30": "$2,092", "2010-06-30": "$2,032", "2010-03-31": "$1,995", "2009-12-31": "$1,544", "2009-09-30": "$1,140", "2009-06-30": "$1,029", "2009-03-31": "$987", "2008-12-31": "$1,064", "2008-09-30": "$1,313", "2008-06-30": "$1,387", "2008-03-31": "$1,300", "2007-12-31": "$1,445", "2007-09-30": "$1,298", "2007-06-30": "$1,097", "2007-03-31": "$1,005", "2006-12-31": "$1,019", "2006-09-30": "$323", "2006-06-30": "$361", "2006-03-31": "$396", "2005-12-31": "$369", "2005-09-30": "$301", "2005-06-30": "$271", "2005-03-31": "$250"}}, "gross-profit": {"BlackRock Annual Gross Profit (Millions of US $)": {"2020": "$16,205", "2019": "$14,539", "2018": "$14,198", "2017": "$13,600", "2016": "$12,261", "2015": "$11,401", "2014": "$11,081", "2013": "$10,180", "2012": "$9,337", "2011": "$9,081", "2010": "$8,204", "2009": "$4,223", "2008": "$4,473", "2007": "$4,306", "2006": "$1,925", "2005": "$1,127"}, "BlackRock Quarterly Gross Profit (Millions of US $)": {"2020-12-31": "$4,478", "2020-09-30": "$4,369", "2020-06-30": "$3,648", "2020-03-31": "$3,710", "2019-12-31": "$3,977", "2019-09-30": "$3,692", "2019-06-30": "$3,524", "2019-03-31": "$3,346", "2018-12-31": "$3,434", "2018-09-30": "$3,576", "2018-06-30": "$3,605", "2018-03-31": "$3,583", "2017-12-31": "$3,764", "2017-09-30": "$3,508", "2017-06-30": "$3,236", "2017-03-31": "$3,092", "2016-12-31": "$3,996", "2016-09-30": "$2,837", "2016-06-30": "$2,804", "2016-03-31": "$2,624", "2015-12-31": "$2,863", "2015-09-30": "$2,910", "2015-06-30": "$2,905", "2015-03-31": "$2,723", "2014-12-31": "$2,784", "2014-09-30": "$2,849", "2014-06-30": "$2,778", "2014-03-31": "$2,670", "2013-12-31": "$2,777", "2013-09-30": "$2,472", "2013-06-30": "$2,482", "2013-03-31": "$2,449", "2012-12-31": "$2,539", "2012-09-30": "$2,320", "2012-06-30": "$2,229", "2012-03-31": "$2,249", "2011-12-31": "$2,227", "2011-09-30": "$2,225", "2011-06-30": "$2,347", "2011-03-31": "$2,173", "2010-12-31": "$2,387", "2010-09-30": "$1,987", "2010-06-30": "$1,935", "2010-03-31": "$1,895", "2009-12-31": "$1,438", "2009-09-30": "$1,021", "2009-06-30": "$904", "2009-03-31": "$860", "2008-12-31": "$930", "2008-09-30": "$1,164", "2008-06-30": "$1,235", "2008-03-31": "$1,144", "2007-12-31": "$1,307", "2007-09-30": "$1,159", "2007-06-30": "$966", "2007-03-31": "$874", "2006-12-31": "$893", "2006-09-30": "$307", "2006-06-30": "$345", "2006-03-31": "$381", "2005-12-31": "$369", "2005-09-30": "$301", "2005-06-30": "$271", "2005-03-31": "$250"}}, "operating-income": {"BlackRock Annual Operating Income (Millions of US $)": {"2020": "$5,695", "2019": "$5,551", "2018": "$5,457", "2017": "$5,254", "2016": "$4,565", "2015": "$4,664", "2014": "$4,474", "2013": "$3,857", "2012": "$3,524", "2011": "$3,249", "2010": "$2,998", "2009": "$1,278", "2008": "$1,593", "2007": "$1,294", "2006": "$472", "2005": "$341"}, "BlackRock Quarterly Operating Income (Millions of US $)": {"2020-12-31": "$1,848", "2020-09-30": "$1,757", "2020-06-30": "$1,406", "2020-03-31": "$684", "2019-12-31": "$1,538", "2019-09-30": "$1,502", "2019-06-30": "$1,278", "2019-03-31": "$1,233", "2018-12-31": "$1,246", "2018-09-30": "$1,396", "2018-06-30": "$1,440", "2018-03-31": "$1,375", "2017-12-31": "$1,485", "2017-09-30": "$1,389", "2017-06-30": "$1,237", "2017-03-31": "$1,143", "2016-12-31": "$1,220", "2016-09-30": "$1,209", "2016-06-30": "$1,173", "2016-03-31": "$963", "2015-12-31": "$1,137", "2015-09-30": "$1,222", "2015-06-30": "$1,238", "2015-03-31": "$1,067", "2014-12-31": "$1,144", "2014-09-30": "$1,157", "2014-06-30": "$1,122", "2014-03-31": "$1,051", "2013-12-31": "$1,133", "2013-09-30": "$966", "2013-06-30": "$849", "2013-03-31": "$909", "2012-12-31": "$1,005", "2012-09-30": "$875", "2012-06-30": "$829", "2012-03-31": "$815", "2011-12-31": "$808", "2011-09-30": "$777", "2011-06-30": "$866", "2011-03-31": "$798", "2010-12-31": "$940", "2010-09-30": "$707", "2010-06-30": "$697", "2010-03-31": "$654", "2009-12-31": "$389", "2009-09-30": "$357", "2009-06-30": "$261", "2009-03-31": "$271", "2008-12-31": "$338", "2008-09-30": "$454", "2008-06-30": "$405", "2008-03-31": "$396", "2007-12-31": "$468", "2007-09-30": "$272", "2007-06-30": "$282", "2007-03-31": "$272", "2006-12-31": "$246", "2006-09-30": "$29", "2006-06-30": "$97", "2006-03-31": "$100", "2005-12-31": "$112", "2005-09-30": "$80", "2005-06-30": "$82", "2005-03-31": "$67"}}, "ebitda": {"BlackRock Annual EBITDA (Millions of US $)": {"2019": "$5,956", "2018": "$5,677", "2017": "$5,494", "2016": "$4,828", "2015": "$4,959", "2014": "$4,808", "2013": "$4,200", "2012": "$3,874", "2011": "$3,629", "2010": "$3,410", "2009": "$1,617", "2008": "$1,959", "2007": "$1,604", "2006": "$575", "2005": "$381"}, "BlackRock Quarterly EBITDA (Millions of US $)": {"2020-09-30": "$1,874", "2020-06-30": "$1,520", "2020-03-31": "$795", "2019-12-31": "$1,649", "2019-09-30": "$1,607", "2019-06-30": "$1,378", "2019-03-31": "$1,322", "2018-12-31": "$1,302", "2018-09-30": "$1,453", "2018-06-30": "$1,494", "2018-03-31": "$1,428", "2017-12-31": "$1,535", "2017-09-30": "$1,454", "2017-06-30": "$1,299", "2017-03-31": "$1,206", "2016-12-31": "$1,285", "2016-09-30": "$1,274", "2016-06-30": "$1,240", "2016-03-31": "$1,029", "2015-12-31": "$1,199", "2015-09-30": "$1,302", "2015-06-30": "$1,315", "2015-03-31": "$1,143", "2014-12-31": "$1,220", "2014-09-30": "$1,241", "2014-06-30": "$1,208", "2014-03-31": "$1,139", "2013-12-31": "$1,223", "2013-09-30": "$1,051", "2013-06-30": "$933", "2013-03-31": "$993", "2012-12-31": "$1,093", "2012-09-30": "$962", "2012-06-30": "$915", "2012-03-31": "$904", "2011-12-31": "$903", "2011-09-30": "$873", "2011-06-30": "$960", "2011-03-31": "$893", "2010-12-31": "$1,042", "2010-09-30": "$807", "2010-06-30": "$803", "2010-03-31": "$758", "2009-12-31": "$477", "2009-09-30": "$440", "2009-06-30": "$345", "2009-03-31": "$355", "2008-12-31": "$429", "2008-09-30": "$549", "2008-06-30": "$496", "2008-03-31": "$485", "2007-12-31": "$556", "2007-09-30": "$349", "2007-06-30": "$359", "2007-03-31": "$340", "2006-12-31": "$315", "2006-09-30": "$39", "2006-06-30": "$109", "2006-03-31": "$112", "2005-12-31": "$121", "2005-09-30": "$91", "2005-06-30": "$93", "2005-03-31": "$76"}}, "net-income": {"BlackRock Annual Net Income (Millions of US $)": {"2020": "$4,932", "2019": "$4,476", "2018": "$4,305", "2017": "$4,952", "2016": "$3,168", "2015": "$3,345", "2014": "$3,294", "2013": "$2,932", "2012": "$2,458", "2011": "$2,337", "2010": "$2,063", "2009": "$875", "2008": "$784", "2007": "$993", "2006": "$323", "2005": "$234"}, "BlackRock Quarterly Net Income (Millions of US $)": {"2020-12-31": "$1,548", "2020-09-30": "$1,364", "2020-06-30": "$1,214", "2020-03-31": "$806", "2019-12-31": "$1,301", "2019-09-30": "$1,119", "2019-06-30": "$1,003", "2019-03-31": "$1,053", "2018-12-31": "$927", "2018-09-30": "$1,216", "2018-06-30": "$1,073", "2018-03-31": "$1,089", "2017-12-31": "$2,295", "2017-09-30": "$944", "2017-06-30": "$854", "2017-03-31": "$859", "2016-12-31": "$847", "2016-09-30": "$875", "2016-06-30": "$789", "2016-03-31": "$657", "2015-12-31": "$861", "2015-09-30": "$843", "2015-06-30": "$819", "2015-03-31": "$822", "2014-12-31": "$813", "2014-09-30": "$917", "2014-06-30": "$808", "2014-03-31": "$756", "2013-12-31": "$841", "2013-09-30": "$730", "2013-06-30": "$729", "2013-03-31": "$632", "2012-12-31": "$690", "2012-09-30": "$642", "2012-06-30": "$554", "2012-03-31": "$572", "2011-12-31": "$562", "2011-09-30": "$595", "2011-06-30": "$619", "2011-03-31": "$561", "2010-12-31": "$657", "2010-09-30": "$551", "2010-06-30": "$432", "2010-03-31": "$423", "2009-12-31": "$256", "2009-09-30": "$317", "2009-06-30": "$218", "2009-03-31": "$84", "2008-12-31": "$52", "2008-09-30": "$217", "2008-06-30": "$274", "2008-03-31": "$241", "2007-12-31": "$320", "2007-09-30": "$255", "2007-06-30": "$222", "2007-03-31": "$195", "2006-12-31": "$170", "2006-09-30": "$19", "2006-06-30": "$63", "2006-03-31": "$71", "2005-12-31": "$73", "2005-09-30": "$61", "2005-06-30": "$53", "2005-03-31": "$47"}}, "eps-earnings-per-share-diluted": {"BlackRock Annual EPS": {"2020": "$31.85", "2019": "$28.43", "2018": "$26.58", "2017": "$30.12", "2016": "$19.02", "2015": "$19.79", "2014": "$19.25", "2013": "$16.87", "2012": "$13.79", "2011": "$12.37", "2010": "$10.55", "2009": "$6.11", "2008": "$5.78", "2007": "$7.37", "2006": "$3.87", "2005": "$3.50"}, "BlackRock Quarterly EPS": {"2020-12-31": "$10.02", "2020-09-30": "$8.87", "2020-06-30": "$7.85", "2020-03-31": "$5.15", "2019-12-31": "$8.26", "2019-09-30": "$7.15", "2019-06-30": "$6.41", "2019-03-31": "$6.61", "2018-12-31": "$5.74", "2018-09-30": "$7.54", "2018-06-30": "$6.62", "2018-03-31": "$6.68", "2017-12-31": "$13.95", "2017-09-30": "$5.76", "2017-06-30": "$5.20", "2017-03-31": "$5.21", "2016-12-31": "$5.11", "2016-09-30": "$5.26", "2016-06-30": "$4.73", "2016-03-31": "$3.92", "2015-12-31": "$5.11", "2015-09-30": "$5.00", "2015-06-30": "$4.84", "2015-03-31": "$4.84", "2014-12-31": "$4.76", "2014-09-30": "$5.37", "2014-06-30": "$4.72", "2014-03-31": "$4.40", "2013-12-31": "$4.85", "2013-09-30": "$4.21", "2013-06-30": "$4.19", "2013-03-31": "$3.62", "2012-12-31": "$3.92", "2012-09-30": "$3.65", "2012-06-30": "$3.08", "2012-03-31": "$3.14", "2011-12-31": "$3.04", "2011-09-30": "$3.23", "2011-06-30": "$3.21", "2011-03-31": "$2.89", "2010-12-31": "$3.34", "2010-09-30": "$2.83", "2010-06-30": "$2.21", "2010-03-31": "$2.17", "2009-12-31": "$1.63", "2009-09-30": "$2.27", "2009-06-30": "$1.59", "2009-03-31": "$0.62", "2008-12-31": "$0.42", "2008-09-30": "$1.59", "2008-06-30": "$2.00", "2008-03-31": "$1.77", "2007-12-31": "$2.26", "2007-09-30": "$1.94", "2007-06-30": "$1.69", "2007-03-31": "$1.48", "2006-12-31": "$1.58", "2006-09-30": "$0.28", "2006-06-30": "$0.95", "2006-03-31": "$1.06", "2005-12-31": "$1.08", "2005-09-30": "$0.92", "2005-06-30": "$0.80", "2005-03-31": "$0.70"}}, "shares-outstanding": {"BlackRock Annual Shares Outstanding (Millions of Shares)": {"2020": "155", "2019": "157", "2018": "162", "2017": "164", "2016": "167", "2015": "169", "2014": "171", "2013": "174", "2012": "178", "2011": "187", "2010": "193", "2009": "139", "2008": "131", "2007": "131", "2006": "83", "2005": "67"}, "BlackRock Quarterly Shares Outstanding (Millions of Shares)": {"2020-12-31": "155", "2020-09-30": "154", "2020-06-30": "155", "2020-03-31": "156", "2019-12-31": "157", "2019-09-30": "156", "2019-06-30": "156", "2019-03-31": "159", "2018-12-31": "162", "2018-09-30": "161", "2018-06-30": "162", "2018-03-31": "163", "2017-12-31": "164", "2017-09-30": "164", "2017-06-30": "164", "2017-03-31": "165", "2016-12-31": "167", "2016-09-30": "166", "2016-06-30": "167", "2016-03-31": "167", "2015-12-31": "169", "2015-09-30": "169", "2015-06-30": "169", "2015-03-31": "170", "2014-12-31": "171", "2014-09-30": "171", "2014-06-30": "171", "2014-03-31": "172", "2013-12-31": "174", "2013-09-30": "173", "2013-06-30": "174", "2013-03-31": "175", "2012-12-31": "178", "2012-09-30": "175", "2012-06-30": "180", "2012-03-31": "182", "2011-12-31": "187", "2011-09-30": "182", "2011-06-30": "191", "2011-03-31": "194", "2010-12-31": "193", "2010-09-30": "192", "2010-06-30": "193", "2010-03-31": "192", "2009-12-31": "139", "2009-09-30": "136", "2009-06-30": "133", "2009-03-31": "132", "2008-12-31": "131", "2008-09-30": "132", "2008-06-30": "132", "2008-03-31": "132", "2007-12-31": "131", "2007-09-30": "131", "2007-06-30": "131", "2007-03-31": "132", "2006-12-31": "83", "2006-09-30": "67", "2006-06-30": "67", "2006-03-31": "67", "2005-12-31": "67", "2005-09-30": "67", "2005-06-30": "67", "2005-03-31": "67"}}, "total-assets": {"BlackRock Annual Total Assets (Millions of US $)": {"2019": "$168,622", "2018": "$159,573", "2017": "$220,241", "2016": "$220,177", "2015": "$225,261", "2014": "$239,792", "2013": "$219,873", "2012": "$200,451", "2011": "$179,896", "2010": "$178,459", "2009": "$178,124", "2008": "$19,924", "2007": "$22,561", "2006": "$20,469", "2005": "$1,848"}, "BlackRock Quarterly Total Assets (Millions of US $)": {"2020-09-30": "$165,118", "2020-06-30": "$157,342", "2020-03-31": "$149,020", "2019-12-31": "$168,622", "2019-09-30": "$163,872", "2019-06-30": "$163,347", "2019-03-31": "$165,008", "2018-12-31": "$159,573", "2018-09-30": "$174,862", "2018-06-30": "$195,549", "2018-03-31": "$216,017", "2017-12-31": "$220,241", "2017-09-30": "$220,567", "2017-06-30": "$217,488", "2017-03-31": "$230,586", "2016-12-31": "$220,177", "2016-09-30": "$226,739", "2016-06-30": "$222,055", "2016-03-31": "$222,958", "2015-12-31": "$225,261", "2015-09-30": "$222,216", "2015-06-30": "$237,008", "2015-03-31": "$242,714", "2014-12-31": "$239,792", "2014-09-30": "$222,812", "2014-06-30": "$231,693", "2014-03-31": "$216,297", "2013-12-31": "$219,873", "2013-09-30": "$212,717", "2013-06-30": "$193,745", "2013-03-31": "$200,738", "2012-12-31": "$200,451", "2012-09-30": "$192,828", "2012-06-30": "$182,480", "2012-03-31": "$185,518", "2011-12-31": "$179,896", "2011-09-30": "$174,282", "2011-06-30": "$185,048", "2011-03-31": "$178,422", "2010-12-31": "$178,459", "2010-09-30": "$174,504", "2010-06-30": "$162,266", "2010-03-31": "$168,060", "2009-12-31": "$178,124", "2009-09-30": "$21,380", "2009-06-30": "$20,409", "2009-03-31": "$19,223", "2008-12-31": "$19,924", "2008-09-30": "$21,697", "2008-06-30": "$22,017", "2008-03-31": "$21,816", "2007-12-31": "$22,561", "2007-09-30": "$23,079", "2007-06-30": "$21,992", "2007-03-31": "$20,882", "2006-12-31": "$20,469", "2006-09-30": "$17,875", "2006-06-30": "$1,924", "2006-03-31": "$1,841", "2005-12-31": "$1,848", "2005-09-30": "$1,673", "2005-06-30": "$1,563", "2005-03-31": "$1,494"}}, "cash-on-hand": {"BlackRock Annual Cash on Hand (Millions of US $)": {"2019": "$4,829", "2018": "$6,488", "2017": "$7,038", "2016": "$6,175", "2015": "$6,231", "2014": "$6,001", "2013": "$4,551", "2012": "$4,903", "2011": "$3,560", "2010": "$3,460", "2009": "$4,708", "2008": "$2,032", "2007": "$1,656", "2006": "$1,160", "2005": "$484"}, "BlackRock Quarterly Cash on Hand (Millions of US $)": {"2020-09-30": "$6,507", "2020-06-30": "$5,466", "2020-03-31": "$4,406", "2019-12-31": "$4,829", "2019-09-30": "$4,607", "2019-06-30": "$4,023", "2019-03-31": "$4,061", "2018-12-31": "$6,488", "2018-09-30": "$6,580", "2018-06-30": "$6,724", "2018-03-31": "$6,081", "2017-12-31": "$7,038", "2017-09-30": "$6,247", "2017-06-30": "$5,582", "2017-03-31": "$5,814", "2016-12-31": "$6,175", "2016-09-30": "$5,615", "2016-06-30": "$5,237", "2016-03-31": "$5,084", "2015-12-31": "$6,231", "2015-09-30": "$5,749", "2015-06-30": "$4,971", "2015-03-31": "$4,572", "2014-12-31": "$6,001", "2014-09-30": "$6,324", "2014-06-30": "$5,497", "2014-03-31": "$4,585", "2013-12-31": "$4,551", "2013-09-30": "$4,080", "2013-06-30": "$3,793", "2013-03-31": "$4,232", "2012-12-31": "$4,903", "2012-09-30": "$4,515", "2012-06-30": "$3,639", "2012-03-31": "$2,647", "2011-12-31": "$3,560", "2011-09-30": "$3,053", "2011-06-30": "$2,861", "2011-03-31": "$2,912", "2010-12-31": "$3,460", "2010-09-30": "$2,727", "2010-06-30": "$2,244", "2010-03-31": "$2,793", "2009-12-31": "$4,708", "2009-09-30": "$2,763", "2009-06-30": "$2,305", "2009-03-31": "$1,793", "2008-12-31": "$2,032", "2008-09-30": "$1,793", "2008-06-30": "$1,428", "2008-03-31": "$1,194", "2007-12-31": "$1,656", "2007-09-30": "$2,321", "2007-06-30": "$1,356", "2007-03-31": "$1,019", "2006-12-31": "$1,160", "2006-09-30": "$944", "2006-06-30": "$369", "2006-03-31": "$368", "2005-12-31": "$484", "2005-09-30": "$397", "2005-06-30": "$367", "2005-03-31": "$312"}}, "long-term-debt": {"BlackRock Annual Long Term Debt (Millions of US $)": {"2019": "$20,421", "2018": "$25,634", "2017": "$24,190", "2016": "$32,923", "2015": "$36,266", "2014": "$41,965", "2013": "$29,096", "2012": "$31,110", "2011": "$27,182", "2010": "$22,175", "2009": "$22,769", "2008": "$942", "2007": "$947", "2006": "$253", "2005": "$254"}, "BlackRock Quarterly Long Term Debt (Millions of US $)": {"2020-09-30": "$15,137", "2020-06-30": "$21,557", "2020-03-31": "$20,710", "2019-12-31": "$15,466", "2019-09-30": "$24,817", "2019-06-30": "$24,552", "2019-03-31": "$25,891", "2018-12-31": "$25,634", "2018-09-30": "$24,610", "2018-06-30": "$28,421", "2018-03-31": "$32,708", "2017-12-31": "$24,190", "2017-09-30": "$32,750", "2017-06-30": "$31,534", "2017-03-31": "$35,864", "2016-12-31": "$32,923", "2016-09-30": "$35,072", "2016-06-30": "$35,858", "2016-03-31": "$35,544", "2015-12-31": "$36,266", "2015-09-30": "$35,734", "2015-06-30": "$37,384", "2015-03-31": "$44,269", "2014-12-31": "$41,965", "2014-09-30": "$29,792", "2014-06-30": "$32,689", "2014-03-31": "$25,942", "2013-12-31": "$29,096", "2013-09-30": "$28,968", "2013-06-30": "$26,509", "2013-03-31": "$28,958", "2012-12-31": "$31,110", "2012-09-30": "$30,591", "2012-06-30": "$29,769", "2012-03-31": "$28,579", "2011-12-31": "$27,182", "2011-09-30": "$25,593", "2011-06-30": "$24,197", "2011-03-31": "$21,788", "2010-12-31": "$22,175", "2010-09-30": "$23,476", "2010-06-30": "$22,781", "2010-03-31": "$17,917", "2009-12-31": "$22,769", "2009-09-30": "$944", "2009-06-30": "$944", "2009-03-31": "$946", "2008-12-31": "$942", "2008-09-30": "$947", "2008-06-30": "$947", "2008-03-31": "$947", "2007-12-31": "$947", "2007-09-30": "$947", "2007-06-30": "$252", "2007-03-31": "$253", "2006-12-31": "$253", "2006-09-30": "$253", "2006-06-30": "$253", "2006-03-31": "$254", "2005-12-31": "$254", "2005-09-30": "$250", "2005-06-30": "$250", "2005-03-31": "$250"}}, "total-liabilities": {"BlackRock Annual Total Liabilities (Millions of US $)": {"2019": "$135,009", "2018": "$127,140", "2017": "$188,393", "2016": "$191,027", "2015": "$196,681", "2014": "$212,307", "2013": "$193,257", "2012": "$174,866", "2011": "$154,626", "2010": "$152,131", "2009": "$153,571", "2008": "$7,630", "2007": "$10,965", "2006": "$9,688", "2005": "$926"}, "BlackRock Quarterly Total Liabilities (Millions of US $)": {"2020-09-30": "$131,186", "2020-06-30": "$124,556", "2020-03-31": "$115,950", "2019-12-31": "$135,009", "2019-09-30": "$131,405", "2019-06-30": "$131,397", "2019-03-31": "$133,646", "2018-12-31": "$127,140", "2018-09-30": "$142,392", "2018-06-30": "$163,365", "2018-03-31": "$183,995", "2017-12-31": "$188,393", "2017-09-30": "$190,470", "2017-06-30": "$187,872", "2017-03-31": "$201,380", "2016-12-31": "$191,027", "2016-09-30": "$197,778", "2016-06-30": "$193,420", "2016-03-31": "$194,489", "2015-12-31": "$196,681", "2015-09-30": "$193,993", "2015-06-30": "$209,136", "2015-03-31": "$215,238", "2014-12-31": "$212,307", "2014-09-30": "$195,577", "2014-06-30": "$204,674", "2014-03-31": "$189,684", "2013-12-31": "$193,257", "2013-09-30": "$186,572", "2013-06-30": "$167,990", "2013-03-31": "$175,107", "2012-12-31": "$174,866", "2012-09-30": "$167,567", "2012-06-30": "$157,596", "2012-03-31": "$159,994", "2011-12-31": "$154,626", "2011-09-30": "$149,344", "2011-06-30": "$160,382", "2011-03-31": "$151,710", "2010-12-31": "$152,131", "2010-09-30": "$148,878", "2010-06-30": "$137,112", "2010-03-31": "$143,192", "2009-12-31": "$153,571", "2009-09-30": "$8,089", "2009-06-30": "$7,451", "2009-03-31": "$6,949", "2008-12-31": "$7,630", "2008-09-30": "$9,510", "2008-06-30": "$9,888", "2008-03-31": "$10,002", "2007-12-31": "$10,965", "2007-09-30": "$11,810", "2007-06-30": "$10,889", "2007-03-31": "$9,883", "2006-12-31": "$9,688", "2006-09-30": "$7,267", "2006-06-30": "$883", "2006-03-31": "$852", "2005-12-31": "$926", "2005-09-30": "$806", "2005-06-30": "$709", "2005-03-31": "$648"}}, "total-share-holder-equity": {"BlackRock Annual Share Holder Equity (Millions of US $)": {"2019": "$33,613", "2018": "$32,433", "2017": "$31,848", "2016": "$29,150", "2015": "$28,580", "2014": "$27,485", "2013": "$26,616", "2012": "$25,585", "2011": "$25,270", "2010": "$26,328", "2009": "$24,553", "2008": "$12,294", "2007": "$11,596", "2006": "$10,782", "2005": "$922"}, "BlackRock Quarterly Share Holder Equity (Millions of US $)": {"2020-09-30": "$33,932", "2020-06-30": "$32,786", "2020-03-31": "$33,070", "2019-12-31": "$33,613", "2019-09-30": "$32,467", "2019-06-30": "$31,950", "2019-03-31": "$31,362", "2018-12-31": "$32,433", "2018-09-30": "$32,470", "2018-06-30": "$32,184", "2018-03-31": "$32,022", "2017-12-31": "$31,848", "2017-09-30": "$30,097", "2017-06-30": "$29,616", "2017-03-31": "$29,206", "2016-12-31": "$29,150", "2016-09-30": "$28,961", "2016-06-30": "$28,635", "2016-03-31": "$28,469", "2015-12-31": "$28,580", "2015-09-30": "$28,223", "2015-06-30": "$27,872", "2015-03-31": "$27,476", "2014-12-31": "$27,485", "2014-09-30": "$27,235", "2014-06-30": "$27,019", "2014-03-31": "$26,613", "2013-12-31": "$26,616", "2013-09-30": "$26,145", "2013-06-30": "$25,755", "2013-03-31": "$25,631", "2012-12-31": "$25,585", "2012-09-30": "$25,261", "2012-06-30": "$24,884", "2012-03-31": "$25,524", "2011-12-31": "$25,270", "2011-09-30": "$24,938", "2011-06-30": "$24,666", "2011-03-31": "$26,712", "2010-12-31": "$26,328", "2010-09-30": "$25,626", "2010-06-30": "$25,154", "2010-03-31": "$24,868", "2009-12-31": "$24,553", "2009-09-30": "$13,291", "2009-06-30": "$12,958", "2009-03-31": "$12,274", "2008-12-31": "$12,294", "2008-09-30": "$12,187", "2008-06-30": "$12,130", "2008-03-31": "$11,814", "2007-12-31": "$11,596", "2007-09-30": "$11,268", "2007-06-30": "$11,103", "2007-03-31": "$10,999", "2006-12-31": "$10,782", "2006-09-30": "$10,607", "2006-06-30": "$1,041", "2006-03-31": "$989", "2005-12-31": "$922", "2005-09-30": "$867", "2005-06-30": "$854", "2005-03-31": "$846"}}, "profit-margins": {"current": "30.43%"}, "gross margin": {"2020-12-31": "100.00%", "2020-09-30": "100.00%", "2020-06-30": "100.00%", "2020-03-31": "100.00%", "2019-12-31": "100.00%", "2019-09-30": "100.00%", "2019-06-30": "100.00%", "2019-03-31": "100.00%", "2018-12-31": "100.00%", "2018-09-30": "100.00%", "2018-06-30": "100.00%", "2018-03-31": "100.00%", "2017-12-31": "100.00%", "2017-09-30": "100.00%", "2017-06-30": "100.00%", "2017-03-31": "100.00%", "2016-12-31": "100.00%", "2016-09-30": "100.00%", "2016-06-30": "100.00%", "2016-03-31": "100.00%", "2015-12-31": "100.00%", "2015-09-30": "100.00%", "2015-06-30": "100.00%", "2015-03-31": "100.00%", "2014-12-31": "100.00%", "2014-09-30": "100.00%", "2014-06-30": "100.00%", "2014-03-31": "100.00%", "2013-12-31": "100.00%", "2013-09-30": "100.00%", "2013-06-30": "100.00%", "2013-03-31": "100.00%", "2012-12-31": "100.00%", "2012-09-30": "100.00%", "2012-06-30": "100.00%", "2012-03-31": "100.00%", "2011-12-31": "98.80%", "2011-09-30": "97.70%", "2011-06-30": "96.53%", "2011-03-31": "95.31%", "2010-12-31": "95.26%", "2010-09-30": "94.68%", "2010-06-30": "93.71%", "2010-03-31": "92.12%", "2009-12-31": "89.85%", "2009-09-30": "88.03%", "2009-06-30": "87.82%", "2009-03-31": "88.17%", "2008-12-31": "88.33%", "2008-09-30": "89.07%", "2008-06-30": "89.23%", "2008-03-31": "89.03%", "2007-12-31": "88.88%", "2007-09-30": "88.07%", "2007-06-30": "88.27%", "2007-03-31": "89.33%", "2006-12-31": "91.76%", "2006-09-30": "96.76%", "2006-06-30": "97.83%", "2006-03-31": "98.88%", "2005-12-31": "100.00%"}, "operating margin": {"2020-12-31": "35.14%", "2020-09-30": "34.29%", "2020-06-30": "34.14%", "2020-03-31": "33.56%", "2019-12-31": "38.18%", "2019-09-30": "37.58%", "2019-06-30": "37.13%", "2019-03-31": "38.07%", "2018-12-31": "38.43%", "2018-09-30": "39.21%", "2018-06-30": "39.34%", "2018-03-31": "38.93%", "2017-12-31": "38.63%", "2017-09-30": "36.07%", "2017-06-30": "36.54%", "2017-03-31": "37.28%", "2016-12-31": "37.23%", "2016-09-30": "40.28%", "2016-06-30": "40.13%", "2016-03-31": "40.35%", "2015-12-31": "40.91%", "2015-09-30": "41.26%", "2015-06-30": "40.90%", "2015-03-31": "40.33%", "2014-12-31": "40.38%", "2014-09-30": "40.30%", "2014-06-30": "39.94%", "2014-03-31": "38.45%", "2013-12-31": "37.89%", "2013-09-30": "37.51%", "2013-06-30": "37.16%", "2013-03-31": "37.94%", "2012-12-31": "37.74%", "2012-09-30": "36.86%", "2012-06-30": "36.16%", "2012-03-31": "36.10%", "2011-12-31": "35.78%", "2011-09-30": "36.17%", "2011-06-30": "35.93%", "2011-03-31": "35.31%", "2010-12-31": "34.81%", "2010-09-30": "31.93%", "2010-06-30": "31.25%", "2010-03-31": "29.10%", "2009-12-31": "27.19%", "2009-09-30": "29.08%", "2009-06-30": "30.14%", "2009-03-31": "30.90%", "2008-12-31": "31.46%", "2008-09-30": "31.64%", "2008-06-30": "28.38%", "2008-03-31": "27.59%", "2007-12-31": "26.71%", "2007-09-30": "24.26%", "2007-06-30": "24.07%", "2007-03-31": "23.78%", "2006-12-31": "22.49%", "2006-09-30": "23.33%", "2006-06-30": "27.26%", "2006-03-31": "27.97%", "2005-12-31": "28.63%"}, "ebitda margin": {"2020-09-30": "37.18%", "2020-06-30": "37.07%", "2020-03-31": "36.43%", "2019-12-31": "40.97%", "2019-09-30": "40.08%", "2019-06-30": "39.30%", "2019-03-31": "39.90%", "2018-12-31": "39.98%", "2018-09-30": "40.68%", "2018-06-30": "40.88%", "2018-03-31": "40.56%", "2017-12-31": "40.40%", "2017-09-30": "37.91%", "2017-06-30": "38.48%", "2017-03-31": "39.32%", "2016-12-31": "39.38%", "2016-09-30": "42.61%", "2016-06-30": "42.59%", "2016-03-31": "42.87%", "2015-12-31": "43.50%", "2015-09-30": "43.99%", "2015-06-30": "43.68%", "2015-03-31": "43.22%", "2014-12-31": "43.39%", "2014-09-30": "43.44%", "2014-06-30": "43.20%", "2014-03-31": "41.78%", "2013-12-31": "41.26%", "2013-09-30": "40.94%", "2013-06-30": "40.66%", "2013-03-31": "41.55%", "2012-12-31": "41.49%", "2012-09-30": "40.82%", "2012-06-30": "40.26%", "2012-03-31": "40.23%", "2011-12-31": "39.96%", "2011-09-30": "40.31%", "2011-06-30": "40.18%", "2011-03-31": "39.84%", "2010-12-31": "39.60%", "2010-09-30": "37.13%", "2010-06-30": "36.92%", "2010-03-31": "35.39%", "2009-12-31": "34.40%", "2009-09-30": "37.18%", "2009-06-30": "38.20%", "2009-03-31": "38.50%", "2008-12-31": "38.68%", "2008-09-30": "38.31%", "2008-06-30": "34.73%", "2008-03-31": "34.03%", "2007-12-31": "33.11%", "2007-09-30": "30.84%", "2007-06-30": "30.57%", "2007-03-31": "29.65%", "2006-12-31": "27.39%", "2006-09-30": "26.29%", "2006-06-30": "30.34%", "2006-03-31": "31.19%", "2005-12-31": "31.99%"}, "pre tax profit margin": {"2020-12-31": "40.26%", "2020-09-30": "38.15%", "2020-06-30": "36.40%", "2020-03-31": "33.83%", "2019-12-31": "39.80%", "2019-09-30": "38.06%", "2019-06-30": "38.16%", "2019-03-31": "38.51%", "2018-12-31": "37.88%", "2018-09-30": "39.17%", "2018-06-30": "39.14%", "2018-03-31": "38.90%", "2017-12-31": "38.67%", "2017-09-30": "35.82%", "2017-06-30": "36.21%", "2017-03-31": "36.74%", "2016-12-31": "36.33%", "2016-09-30": "39.73%", "2016-06-30": "39.15%", "2016-03-31": "39.23%", "2015-12-31": "40.36%", "2015-09-30": "40.08%", "2015-06-30": "39.69%", "2015-03-31": "39.61%", "2014-12-31": "39.66%", "2014-09-30": "40.35%", "2014-06-30": "40.30%", "2014-03-31": "39.33%", "2013-12-31": "39.03%", "2013-09-30": "37.76%", "2013-06-30": "37.91%", "2013-03-31": "37.56%", "2012-12-31": "37.16%", "2012-09-30": "37.09%", "2012-06-30": "34.79%", "2012-03-31": "34.92%", "2011-12-31": "34.52%", "2011-09-30": "35.07%", "2011-06-30": "36.88%", "2011-03-31": "35.71%", "2010-12-31": "35.08%", "2010-09-30": "32.23%", "2010-06-30": "31.59%", "2010-03-31": "32.17%", "2009-12-31": "27.06%", "2009-09-30": "18.74%", "2009-06-30": "15.23%", "2009-03-31": "15.41%", "2008-12-31": "20.06%", "2008-09-30": "29.09%", "2008-06-30": "30.77%", "2008-03-31": "34.36%", "2007-12-31": "37.56%", "2007-09-30": "36.39%", "2007-06-30": "35.98%", "2007-03-31": "31.17%", "2006-12-31": "25.11%", "2006-09-30": "24.91%", "2006-06-30": "30.06%", "2006-03-31": "30.96%", "2005-12-31": "31.49%"}, "net profit margin": {"2020-12-31": "30.44%", "2020-09-30": "29.83%", "2020-06-30": "29.55%", "2020-03-31": "28.38%", "2019-12-31": "30.79%", "2019-09-30": "29.31%", "2019-06-30": "30.25%", "2019-03-31": "30.58%", "2018-12-31": "30.32%", "2018-09-30": "39.05%", "2018-06-30": "37.35%", "2018-03-31": "36.78%", "2017-12-31": "36.41%", "2017-09-30": "25.33%", "2017-06-30": "26.10%", "2017-03-31": "26.47%", "2016-12-31": "25.84%", "2016-09-30": "28.59%", "2016-06-30": "28.12%", "2016-03-31": "28.14%", "2015-12-31": "29.34%", "2015-09-30": "29.12%", "2015-06-30": "29.94%", "2015-03-31": "30.18%", "2014-12-31": "29.73%", "2014-09-30": "30.00%", "2014-06-30": "29.31%", "2014-03-31": "29.38%", "2013-12-31": "28.80%", "2013-09-30": "27.97%", "2013-06-30": "27.51%", "2013-03-31": "26.40%", "2012-12-31": "26.33%", "2012-09-30": "25.82%", "2012-06-30": "25.57%", "2012-03-31": "25.95%", "2011-12-31": "25.74%", "2011-09-30": "26.02%", "2011-06-30": "25.92%", "2011-03-31": "24.73%", "2010-12-31": "23.95%", "2010-09-30": "21.69%", "2010-06-30": "21.28%", "2010-03-31": "21.27%", "2009-12-31": "18.62%", "2009-09-30": "15.90%", "2009-06-30": "13.00%", "2009-03-31": "13.20%", "2008-12-31": "15.48%", "2008-09-30": "19.32%", "2008-06-30": "20.07%", "2008-03-31": "20.19%", "2007-12-31": "20.47%", "2007-09-30": "19.05%", "2007-06-30": "17.60%", "2007-03-31": "16.51%", "2006-12-31": "15.39%", "2006-09-30": "15.60%", "2006-06-30": "18.78%", "2006-03-31": "19.30%", "2005-12-31": "19.65%"}, "pe ratio": {"current": "21.46", "2021-02-05": "33.21", "2020-12-31": "32.99", "2020-09-30": "18.59", "2020-06-30": "18.92", "2020-03-31": "16.01", "2019-12-31": "17.22", "2019-09-30": "16.63", "2019-06-30": "17.12", "2019-03-31": "15.35", "2018-12-31": "14.07", "2018-09-30": "12.77", "2018-06-30": "14.15", "2018-03-31": "15.95", "2017-12-31": "15.77", "2017-09-30": "19.37", "2017-06-30": "18.65", "2017-03-31": "17.24", "2016-12-31": "18.16", "2016-09-30": "17.22", "2016-06-30": "16.39", "2016-03-31": "16.10", "2015-12-31": "15.24", "2015-09-30": "13.47", "2015-06-30": "15.26", "2015-03-31": "16.14", "2014-12-31": "16.04", "2014-09-30": "14.58", "2014-06-30": "15.01", "2014-03-31": "15.12", "2013-12-31": "15.82", "2013-09-30": "14.24", "2013-06-30": "13.91", "2013-03-31": "14.81", "2012-12-31": "12.25", "2012-09-30": "11.20", "2012-06-30": "10.93", "2012-03-31": "12.94", "2011-12-31": "11.39", "2011-09-30": "9.16", "2011-06-30": "12.16", "2011-03-31": "13.77", "2010-12-31": "13.86", "2010-09-30": "14.72", "2010-06-30": "13.14", "2010-03-31": "21.44", "2009-12-31": "28.54", "2009-09-30": "33.20", "2009-06-30": "30.87", "2009-03-31": "20.54", "2008-12-31": "16.73", "2008-09-30": "17.91", "2008-06-30": "15.61", "2008-03-31": "18.76", "2007-12-31": "20.74", "2007-09-30": "19.51", "2007-06-30": "23.69", "2007-03-31": "27.92", "2006-12-31": "30.19"}, "price sales": {"2021-02-05": "6.94", "2020-12-31": "6.89", "2020-09-30": "5.55", "2020-06-30": "5.59", "2020-03-31": "4.54", "2019-12-31": "5.31", "2019-09-30": "4.89", "2019-06-30": "5.19", "2019-03-31": "4.71", "2018-12-31": "4.28", "2018-09-30": "5.00", "2018-06-30": "5.30", "2018-03-31": "5.89", "2017-12-31": "5.77", "2017-09-30": "4.93", "2017-06-30": "4.89", "2017-03-31": "4.58", "2016-12-31": "4.70", "2016-09-30": "4.92", "2016-06-30": "4.61", "2016-03-31": "4.53", "2015-12-31": "4.48", "2015-09-30": "3.93", "2015-06-30": "4.57", "2015-03-31": "4.87", "2014-12-31": "4.77", "2014-09-30": "4.38", "2014-06-30": "4.40", "2014-03-31": "4.45", "2013-12-31": "4.56", "2013-09-30": "4.00", "2013-06-30": "3.84", "2013-03-31": "3.92", "2012-12-31": "3.23", "2012-09-30": "2.90", "2012-06-30": "2.79", "2012-03-31": "3.35", "2011-12-31": "2.93", "2011-09-30": "2.36", "2011-06-30": "3.12", "2011-03-31": "3.37", "2010-12-31": "3.27", "2010-09-30": "3.03", "2010-06-30": "2.69", "2010-03-31": "4.37", "2009-12-31": "5.02", "2009-09-30": "5.11", "2009-06-30": "3.93", "2009-03-31": "2.67", "2008-12-31": "2.57", "2008-09-30": "3.43", "2008-06-30": "3.12", "2008-03-31": "3.78", "2007-12-31": "4.24", "2007-09-30": "3.27", "2007-06-30": "3.40", "2007-03-31": "3.71", "2006-12-31": "3.80"}, "price book": {"current": "3.26", "2021-02-05": "3.26", "2020-09-30": "2.52", "2020-06-30": "2.50", "2020-03-31": "2.02", "2019-12-31": "2.25", "2019-09-30": "2.05", "2019-06-30": "2.18", "2019-03-31": "2.01", "2018-12-31": "1.82", "2018-09-30": "2.18", "2018-06-30": "2.33", "2018-03-31": "2.54", "2017-12-31": "2.40", "2017-09-30": "2.21", "2017-06-30": "2.11", "2017-03-31": "1.94", "2016-12-31": "1.92", "2016-09-30": "1.83", "2016-06-30": "1.75", "2016-03-31": "1.75", "2015-12-31": "1.73", "2015-09-30": "1.52", "2015-06-30": "1.78", "2015-03-31": "1.91", "2014-12-31": "1.85", "2014-09-30": "1.71", "2014-06-30": "1.68", "2014-03-31": "1.68", "2013-12-31": "1.67", "2013-09-30": "1.45", "2013-06-30": "1.40", "2013-03-31": "1.39", "2012-12-31": "1.12", "2012-09-30": "0.96", "2012-06-30": "0.92", "2012-03-31": "0.89", "2011-12-31": "0.77", "2011-09-30": "0.65", "2011-06-30": "0.82", "2011-03-31": "0.77", "2010-12-31": "0.73", "2010-09-30": "0.32", "2010-06-30": "0.27", "2010-03-31": "0.42", "2009-12-31": "0.44", "2009-09-30": "0.61", "2009-06-30": "0.50", "2009-03-31": "0.37", "2008-12-31": "0.94", "2008-09-30": "1.36", "2008-06-30": "1.24", "2008-03-31": "1.46", "2007-12-31": "1.57", "2007-09-30": "1.28", "2007-06-30": "1.17", "2007-03-31": "1.18", "2006-12-31": "1.16", "2006-09-30": "1.16", "2006-06-30": "6.05", "2006-03-31": "6.38"}, "price fcf": {"2021-02-05": "", "2020-09-30": "$17.88", "2020-06-30": "$17.24", "2020-03-31": "$12.15", "2019-12-31": "$16.70", "2019-09-30": "$11.97", "2019-06-30": "$13.97", "2019-03-31": "$17.02", "2018-12-31": "$17.73", "2018-09-30": "$23.33", "2018-06-30": "$23.78", "2018-03-31": "$23.12", "2017-12-31": "$23.08", "2017-09-30": "$22.57", "2017-06-30": "$20.77", "2017-03-31": "$15.38", "2016-12-31": "$12.93", "2016-09-30": "$11.72", "2016-06-30": "$13.33", "2016-03-31": "$16.49", "2015-12-31": "$16.46", "2015-09-30": "$17.26", "2015-06-30": "$16.89", "2015-03-31": "$15.36", "2014-12-31": "$17.66", "2014-09-30": "$16.87", "2014-06-30": "$15.94", "2014-03-31": "$18.14", "2013-12-31": "$20.41", "2013-09-30": "$15.62", "2013-06-30": "$14.85", "2013-03-31": "$13.51", "2012-12-31": "$11.74", "2012-09-30": "$14.30", "2012-06-30": "$15.13", "2012-03-31": "$14.23", "2011-12-31": "$13.78", "2011-09-30": "$14.92", "2011-06-30": "$13.89", "2011-03-31": "$12.08", "2010-12-31": "$12.23", "2010-09-30": "$10.69", "2010-06-30": "$9.02", "2010-03-31": "$9.56", "2009-12-31": "$9.56", "2009-09-30": "$11.53", "2009-06-30": "$12.46", "2009-03-31": "$14.10", "2008-12-31": "$14.00", "2008-09-30": "$9.71", "2008-06-30": "$8.03", "2008-03-31": "$6.34", "2007-12-31": "$3.62", "2007-09-30": "$6.92", "2007-06-30": "$6.51", "2007-03-31": "$4.90", "2006-12-31": "$7.64"}, "net worth": {"value": "$110.77B"}, "current ratio": {"2020-12-31": "0.00", "2020-09-30": "1.02", "2020-06-30": "4.02", "2020-03-31": "4.08", "2019-12-31": "0.98", "2019-09-30": "2.33", "2019-06-30": "2.92", "2019-03-31": "3.50", "2018-12-31": "2.79", "2018-09-30": "3.07", "2018-06-30": "3.87", "2018-03-31": "3.97", "2017-12-31": "1.17", "2017-09-30": "2.89", "2017-06-30": "3.22", "2017-03-31": "3.27", "2016-12-31": "3.00", "2016-09-30": "2.90", "2016-06-30": "3.03", "2016-03-31": "3.70", "2015-12-31": "2.79", "2015-09-30": "2.86", "2015-06-30": "3.02", "2015-03-31": "3.09", "2014-12-31": "2.80", "2014-09-30": "2.77", "2014-06-30": "2.25", "2014-03-31": "3.27", "2013-12-31": "2.40", "2013-09-30": "1.81", "2013-06-30": "2.72", "2013-03-31": "3.03", "2012-12-31": "2.65", "2012-09-30": "2.54", "2012-06-30": "2.88", "2012-03-31": "2.56", "2011-12-31": "2.27", "2011-09-30": "2.14", "2011-06-30": "2.49", "2011-03-31": "2.66", "2010-12-31": "2.02", "2010-09-30": "2.39", "2010-06-30": "1.68", "2010-03-31": "1.59", "2009-12-31": "1.27", "2009-09-30": "2.48", "2009-06-30": "2.53", "2009-03-31": "3.57", "2008-12-31": "1.75", "2008-09-30": "1.60", "2008-06-30": "1.43", "2008-03-31": "1.39", "2007-12-31": "1.26", "2007-09-30": "1.52", "2007-06-30": "1.28", "2007-03-31": "1.20", "2006-12-31": "1.04", "2006-09-30": "1.05", "2006-06-30": "1.38", "2006-03-31": "1.35", "2005-12-31": "1.33", "2005-09-30": "1.37", "2005-06-30": "1.67", "2005-03-31": "1.58"}, "quick ratio": {"2020-12-31": "0.00", "2020-09-30": "0.00", "2020-06-30": "0.00", "2020-03-31": "0.00", "2019-12-31": "0.00", "2019-09-30": "0.00", "2019-06-30": "0.00", "2019-03-31": "0.00", "2018-12-31": "0.00", "2018-09-30": "0.00", "2018-06-30": "0.00", "2018-03-31": "0.00", "2017-12-31": "0.00", "2017-09-30": "0.00", "2017-06-30": "0.00", "2017-03-31": "0.00", "2016-12-31": "0.00", "2016-09-30": "0.00", "2016-06-30": "0.00", "2016-03-31": "0.00", "2015-12-31": "0.00", "2015-09-30": "0.00", "2015-06-30": "0.00", "2015-03-31": "0.00", "2014-12-31": "0.00", "2014-09-30": "0.00", "2014-06-30": "0.00", "2014-03-31": "0.00", "2013-12-31": "0.00", "2013-09-30": "0.00", "2013-06-30": "0.00", "2013-03-31": "0.00", "2012-12-31": "0.00", "2012-09-30": "0.00", "2012-06-30": "0.00", "2012-03-31": "0.00", "2011-12-31": "0.00", "2011-09-30": "0.00", "2011-06-30": "1.88", "2011-03-31": "0.00", "2010-12-31": "0.00", "2010-09-30": "1.82", "2010-06-30": "0.00", "2010-03-31": "0.00", "2009-12-31": "0.00", "2009-09-30": "0.00", "2009-06-30": "0.00", "2009-03-31": "2.52", "2008-12-31": "0.00", "2008-09-30": "0.00", "2008-06-30": "0.00", "2008-03-31": "0.00", "2007-12-31": "0.00", "2007-09-30": "0.00", "2007-06-30": "0.00", "2007-03-31": "0.00", "2006-12-31": "0.00", "2006-09-30": "0.00", "2006-06-30": "0.00", "2006-03-31": "0.00", "2005-12-31": "0.00", "2005-09-30": "0.00", "2005-06-30": "0.00", "2005-03-31": "0.00"}, "debt equity ratio": {"current": "0.45", "2020-12-31": "0.00", "2020-09-30": "3.87", "2020-06-30": "3.80", "2020-03-31": "3.51", "2019-12-31": "4.02", "2019-09-30": "4.05", "2019-06-30": "4.11", "2019-03-31": "4.26", "2018-12-31": "3.92", "2018-09-30": "4.39", "2018-06-30": "5.08", "2018-03-31": "5.75", "2017-12-31": "5.92", "2017-09-30": "6.33", "2017-06-30": "6.34", "2017-03-31": "6.90", "2016-12-31": "6.55", "2016-09-30": "6.83", "2016-06-30": "6.76", "2016-03-31": "6.83", "2015-12-31": "6.88", "2015-09-30": "6.87", "2015-06-30": "7.50", "2015-03-31": "7.83", "2014-12-31": "7.72", "2014-09-30": "7.18", "2014-06-30": "7.58", "2014-03-31": "7.13", "2013-12-31": "7.26", "2013-09-30": "7.14", "2013-06-30": "6.52", "2013-03-31": "6.83", "2012-12-31": "6.84", "2012-09-30": "6.63", "2012-06-30": "6.33", "2012-03-31": "6.27", "2011-12-31": "6.12", "2011-09-30": "5.99", "2011-06-30": "6.50", "2011-03-31": "5.68", "2010-12-31": "5.78", "2010-09-30": "5.81", "2010-06-30": "5.45", "2010-03-31": "5.76", "2009-12-31": "6.26", "2009-09-30": "0.61", "2009-06-30": "0.58", "2009-03-31": "0.57", "2008-12-31": "0.62", "2008-09-30": "0.78", "2008-06-30": "0.82", "2008-03-31": "0.85", "2007-12-31": "0.95", "2007-09-30": "1.05", "2007-06-30": "0.98", "2007-03-31": "0.90", "2006-12-31": "0.90", "2006-09-30": "0.69", "2006-06-30": "0.85", "2006-03-31": "0.86", "2005-12-31": "1.00", "2005-09-30": "0.93", "2005-06-30": "0.83", "2005-03-31": "0.77"}, "return on equity": {"2020-12-31": "19.77%", "2020-09-30": "14.05%", "2020-06-30": "13.46%", "2020-03-31": "12.90%", "2019-12-31": "13.84%", "2019-09-30": "12.80%", "2019-06-30": "13.10%", "2019-03-31": "13.29%", "2018-12-31": "13.34%", "2018-09-30": "17.66%", "2018-06-30": "17.13%", "2018-03-31": "16.77%", "2017-12-31": "16.40%", "2017-09-30": "11.87%", "2017-06-30": "11.75%", "2017-03-31": "11.63%", "2016-12-31": "11.00%", "2016-09-30": "11.10%", "2016-06-30": "11.06%", "2016-03-31": "11.24%", "2015-12-31": "11.93%", "2015-09-30": "11.88%", "2015-06-30": "12.25%", "2015-03-31": "12.31%", "2014-12-31": "12.16%", "2014-09-30": "12.36%", "2014-06-30": "11.79%", "2014-03-31": "11.63%", "2013-12-31": "11.26%", "2013-09-30": "10.79%", "2013-06-30": "10.54%", "2013-03-31": "9.94%", "2012-12-31": "9.71%", "2012-09-30": "9.23%", "2012-06-30": "9.08%", "2012-03-31": "9.35%", "2011-12-31": "9.20%", "2011-09-30": "9.48%", "2011-06-30": "9.24%", "2011-03-31": "8.48%", "2010-12-31": "8.09%", "2010-09-30": "6.63%", "2010-06-30": "6.50%", "2010-03-31": "6.42%", "2009-12-31": "5.55%", "2009-09-30": "5.28%", "2009-06-30": "4.59%", "2009-03-31": "5.13%", "2008-12-31": "6.48%", "2008-09-30": "8.82%", "2008-06-30": "9.31%", "2008-03-31": "9.07%", "2007-12-31": "8.82%", "2007-09-30": "7.63%", "2007-06-30": "5.57%", "2007-03-31": "5.35%", "2006-12-31": "5.52%", "2006-09-30": "6.67%", "2006-06-30": "28.07%", "2006-03-31": "28.41%", "2005-12-31": "26.83%"}, "return on assets": {"2020-12-31": "4.18%", "2020-09-30": "2.93%", "2020-06-30": "2.78%", "2020-03-31": "2.62%", "2019-12-31": "2.71%", "2019-09-30": "2.52%", "2019-06-30": "2.53%", "2019-03-31": "2.46%", "2018-12-31": "2.31%", "2018-09-30": "2.81%", "2018-06-30": "2.53%", "2018-03-31": "2.37%", "2017-12-31": "2.23%", "2017-09-30": "1.58%", "2017-06-30": "1.54%", "2017-03-31": "1.50%", "2016-12-31": "1.42%", "2016-09-30": "1.42%", "2016-06-30": "1.41%", "2016-03-31": "1.40%", "2015-12-31": "1.44%", "2015-09-30": "1.40%", "2015-06-30": "1.43%", "2015-03-31": "1.43%", "2014-12-31": "1.45%", "2014-09-30": "1.49%", "2014-06-30": "1.42%", "2014-03-31": "1.45%", "2013-12-31": "1.42%", "2013-09-30": "1.38%", "2013-06-30": "1.37%", "2013-03-31": "1.30%", "2012-12-31": "1.29%", "2012-09-30": "1.26%", "2012-06-30": "1.26%", "2012-03-31": "1.30%", "2011-12-31": "1.30%", "2011-09-30": "1.36%", "2011-06-30": "1.33%", "2011-03-31": "1.27%", "2010-12-31": "1.21%", "2010-09-30": "0.97%", "2010-06-30": "1.08%", "2010-03-31": "1.25%", "2009-12-31": "1.46%", "2009-09-30": "3.32%", "2009-06-30": "2.81%", "2009-03-31": "3.03%", "2008-12-31": "3.67%", "2008-09-30": "4.78%", "2008-06-30": "4.87%", "2008-03-31": "4.64%", "2007-12-31": "4.48%", "2007-09-30": "3.90%", "2007-06-30": "2.98%", "2007-03-31": "2.92%", "2006-12-31": "3.07%", "2006-09-30": "3.85%", "2006-06-30": "14.71%", "2006-03-31": "14.90%", "2005-12-31": "14.23%"}, "return on investments": {"2020-12-31": "14.49%", "2020-09-30": "10.44%", "2020-06-30": "9.57%", "2020-03-31": "9.24%", "2019-12-31": "10.09%", "2019-09-30": "9.18%", "2019-06-30": "9.00%", "2019-03-31": "9.12%", "2018-12-31": "9.08%", "2018-09-30": "9.55%", "2018-06-30": "9.32%", "2018-03-31": "8.97%", "2017-12-31": "8.57%", "2017-09-30": "7.95%", "2017-06-30": "7.62%", "2017-03-31": "7.42%", "2016-12-31": "7.17%", "2016-09-30": "6.97%", "2016-06-30": "6.99%", "2016-03-31": "7.07%", "2015-12-31": "7.02%", "2015-09-30": "6.91%", "2015-06-30": "6.99%", "2015-03-31": "6.96%", "2014-12-31": "7.50%", "2014-09-30": "7.93%", "2014-06-30": "7.66%", "2014-03-31": "7.42%", "2013-12-31": "7.09%", "2013-09-30": "6.82%", "2013-06-30": "6.63%", "2013-03-31": "6.53%", "2012-12-31": "6.37%", "2012-09-30": "6.13%", "2012-06-30": "6.10%", "2012-03-31": "6.34%", "2011-12-31": "6.49%", "2011-09-30": "6.89%", "2011-06-30": "6.79%", "2011-03-31": "6.48%", "2010-12-31": "6.37%", "2010-09-30": "5.23%", "2010-06-30": "5.51%", "2010-03-31": "5.62%", "2009-12-31": "5.76%", "2009-09-30": "8.99%", "2009-06-30": "9.90%", "2009-03-31": "11.15%", "2008-12-31": "12.21%", "2008-09-30": "13.38%", "2008-06-30": "12.18%", "2008-03-31": "11.61%", "2007-12-31": "10.93%", "2007-09-30": "9.35%", "2007-06-30": "7.45%", "2007-03-31": "7.48%", "2006-12-31": "7.73%", "2006-09-30": "9.28%", "2006-06-30": "32.22%", "2006-03-31": "32.24%", "2005-12-31": "30.36%"}, "return on tangible equity": {"2020-09-30": "1012.97%", "2020-06-30": "6577.78%", "2020-03-31": "-2483.99%", "2019-12-31": "-2146.76%", "2019-09-30": "-3662.50%", "2019-06-30": "1481.13%", "2019-03-31": "452.46%", "2018-12-31": "331.98%", "2018-09-30": "423.52%", "2018-06-30": "577.80%", "2018-03-31": "1832.71%", "2017-12-31": "-1285.40%", "2017-09-30": "-340.94%", "2017-06-30": "-267.73%", "2017-03-31": "-223.51%", "2016-12-31": "-186.82%", "2016-09-30": "-172.77%", "2016-06-30": "-159.11%", "2016-03-31": "-149.54%", "2015-12-31": "-141.78%", "2015-09-30": "-127.52%", "2015-06-30": "-118.81%", "2015-03-31": "-109.92%", "2014-12-31": "-100.43%", "2014-09-30": "-93.81%", "2014-06-30": "-81.63%", "2014-03-31": "-74.27%", "2013-12-31": "-67.90%", "2013-09-30": "-61.34%", "2013-06-30": "-56.94%", "2013-03-31": "-50.62%", "2012-12-31": "-48.88%", "2012-09-30": "-45.99%", "2012-06-30": "-44.69%", "2012-03-31": "-45.69%", "2011-12-31": "-48.52%", "2011-09-30": "-52.94%", "2011-06-30": "-54.01%", "2011-03-31": "-51.23%", "2010-12-31": "-43.38%", "2010-09-30": "-31.92%", "2010-06-30": "-38.01%", "2010-03-31": "-53.42%", "2009-12-31": "-98.37%", "2009-09-30": "105.05%", "2009-06-30": "154.01%", "2009-03-31": "355.24%", "2008-12-31": "914.29%", "2008-09-30": "-926.87%", "2008-06-30": "-732.77%", "2008-03-31": "-482.23%", "2007-12-31": "-501.64%", "2007-09-30": "-501.19%", "2007-06-30": "462.60%", "2007-03-31": "142.58%", "2006-12-31": "67.64%", "2006-09-30": "33.41%", "2006-06-30": "57.63%", "2006-03-31": "62.06%", "2005-12-31": "59.62%"}, "dividend yield history": {"last payout": "$14.52", "last yield": "2.00%"}}