{"ticker": "BLL", "price": {"title": "Ball Historical Annual Stock Price Data", "value": 88.53, "historical": {"2021": {"Average Stock Price": "89.8807", "Year Open": "89.7600", "Year High": "92.2600", "Year Low": "85.3300", "Year Close": "88.5300", "Annual % Change": "-4.99%"}, "2020": {"Average Stock Price": "76.8282", "Year Open": "63.8800", "Year High": "97.9100", "Year Low": "51.9400", "Year Close": "93.1800", "Annual % Change": "44.09%"}, "2019": {"Average Stock Price": "64.5658", "Year Open": "44.6700", "Year High": "80.7800", "Year Low": "44.2600", "Year Close": "64.6700", "Annual % Change": "40.65%"}, "2018": {"Average Stock Price": "41.2045", "Year Open": "38.6300", "Year High": "50.5000", "Year Low": "35.2500", "Year Close": "45.9800", "Annual % Change": "21.48%"}, "2017": {"Average Stock Price": "39.6133", "Year Open": "37.8750", "Year High": "42.9300", "Year Low": "35.7650", "Year Close": "37.8500", "Annual % Change": "0.84%"}, "2016": {"Average Stock Price": "36.8140", "Year Open": "36.0550", "Year High": "41.0100", "Year Low": "31.9450", "Year Close": "37.5350", "Annual % Change": "3.22%"}, "2015": {"Average Stock Price": "34.6863", "Year Open": "34.1550", "Year High": "38.5800", "Year Low": "30.2500", "Year Close": "36.3650", "Annual % Change": "6.69%"}, "2014": {"Average Stock Price": "30.1948", "Year Open": "25.7050", "Year High": "35.0750", "Year Low": "24.1350", "Year Close": "34.0850", "Annual % Change": "31.96%"}, "2013": {"Average Stock Price": "23.0166", "Year Open": "23.0250", "Year High": "25.8950", "Year Low": "20.7700", "Year Close": "25.8300", "Annual % Change": "15.44%"}, "2012": {"Average Stock Price": "20.7938", "Year Open": "18.1600", "Year High": "22.7300", "Year Low": "18.1250", "Year Close": "22.3750", "Annual % Change": "25.32%"}, "2011": {"Average Stock Price": "17.9535", "Year Open": "17.2225", "Year High": "20.1800", "Year Low": "15.1100", "Year Close": "17.8550", "Annual % Change": "4.95%"}, "2010": {"Average Stock Price": "14.2342", "Year Open": "13.1225", "Year High": "17.4125", "Year Low": "12.0625", "Year Close": "17.0125", "Annual % Change": "31.62%"}, "2009": {"Average Stock Price": "11.3330", "Year Open": "10.6975", "Year High": "13.0650", "Year Low": "9.2225", "Year Close": "12.9250", "Annual % Change": "24.31%"}, "2008": {"Average Stock Price": "10.9858", "Year Open": "11.1150", "Year High": "13.9600", "Year Low": "7.0325", "Year Close": "10.3975", "Annual % Change": "-7.58%"}, "2007": {"Average Stock Price": "12.4357", "Year Open": "11.0300", "Year High": "13.9375", "Year Low": "10.9775", "Year Close": "11.2500", "Annual % Change": "3.21%"}, "2006": {"Average Stock Price": "10.1028", "Year Open": "10.0525", "Year High": "11.1975", "Year Low": "8.6775", "Year Close": "10.9000", "Annual % Change": "9.77%"}, "2005": {"Average Stock Price": "9.9272", "Year Open": "10.8450", "Year High": "11.4675", "Year Low": "8.8900", "Year Close": "9.9300", "Annual % Change": "-9.69%"}, "2004": {"Average Stock Price": "8.9822", "Year Open": "7.3100", "Year High": "11.2350", "Year Low": "7.1475", "Year Close": "10.9950", "Annual % Change": "47.66%"}, "2003": {"Average Stock Price": "6.6069", "Year Open": "6.6138", "Year High": "7.4463", "Year Low": "5.3225", "Year Close": "7.4463", "Annual % Change": "16.37%"}, "2002": {"Average Stock Price": "5.6580", "Year Open": "4.4063", "Year High": "6.7375", "Year Low": "4.0813", "Year Close": "6.3988", "Annual % Change": "44.81%"}, "2001": {"Average Stock Price": "3.2197", "Year Open": "2.7775", "Year High": "4.4388", "Year Low": "2.4463", "Year Close": "4.4188", "Annual % Change": "53.49%"}, "2000": {"Average Stock Price": "2.1312", "Year Open": "2.4881", "Year High": "2.9531", "Year Low": "1.6563", "Year Close": "2.8788", "Annual % Change": "16.96%"}, "1999": {"Average Stock Price": "2.8064", "Year Open": "2.8050", "Year High": "3.6600", "Year Low": "2.2381", "Year Close": "2.4613", "Annual % Change": "-13.92%"}, "1998": {"Average Stock Price": "2.3594", "Year Open": "2.2069", "Year High": "2.8750", "Year Low": "1.8206", "Year Close": "2.8594", "Annual % Change": "29.31%"}, "1997": {"Average Stock Price": "1.9165", "Year Open": "1.6175", "Year High": "2.4338", "Year Low": "1.4925", "Year Close": "2.2113", "Annual % Change": "34.79%"}, "1996": {"Average Stock Price": "1.6791", "Year Open": "1.7813", "Year High": "1.9766", "Year Low": "1.4609", "Year Close": "1.6406", "Annual % Change": "-5.41%"}, "1995": {"Average Stock Price": "2.0256", "Year Open": "2.0000", "Year High": "2.4063", "Year Low": "1.6406", "Year Close": "1.7344", "Annual % Change": "-11.91%"}, "1994": {"Average Stock Price": "1.7140", "Year Open": "1.8438", "Year High": "2.0000", "Year Low": "1.5313", "Year Close": "1.9688", "Annual % Change": "4.14%"}, "1993": {"Average Stock Price": "1.9564", "Year Open": "2.1875", "Year High": "2.3125", "Year Low": "1.6094", "Year Close": "1.8906", "Annual % Change": "-14.50%"}, "1992": {"Average Stock Price": "2.1471", "Year Open": "2.3750", "Year High": "2.4300", "Year Low": "1.7656", "Year Close": "2.2113", "Annual % Change": "-6.89%"}, "1991": {"Average Stock Price": "1.9593", "Year Open": "1.6800", "Year High": "2.3750", "Year Low": "1.6094", "Year Close": "2.3750", "Annual % Change": "41.37%"}, "1990": {"Average Stock Price": "1.8889", "Year Open": "2.1175", "Year High": "2.1406", "Year Low": "1.6331", "Year Close": "1.6800", "Annual % Change": "-20.07%"}, "1989": {"Average Stock Price": "1.8169", "Year Open": "1.7500", "Year High": "2.1331", "Year Low": "1.5856", "Year Close": "2.1019", "Annual % Change": "20.67%"}, "1988": {"Average Stock Price": "1.8868", "Year Open": "2.2113", "Year High": "2.2344", "Year Low": "1.6719", "Year Close": "1.7419", "Annual % Change": "-21.23%"}, "1987": {"Average Stock Price": "2.5168", "Year Open": "2.2894", "Year High": "3.0313", "Year Low": "1.7888", "Year Close": "2.2113", "Annual % Change": "0.37%"}, "1986": {"Average Stock Price": "2.2854", "Year Open": "1.8750", "Year High": "2.8438", "Year Low": "1.6563", "Year Close": "2.2031", "Annual % Change": "14.19%"}, "1985": {"Average Stock Price": "1.6781", "Year Open": "1.3713", "Year High": "1.9688", "Year Low": "1.3634", "Year Close": "1.9294", "Annual % Change": "37.20%"}}}, "market cap": {"value": "$29.04B"}, "income statement": {"Revenue": {"2020-12-31": "11781.00000", "2019-12-31": "11474.00000", "2018-12-31": "11635.00000", "2017-12-31": "10983.00000", "2016-12-31": "9061.00000", "2015-12-31": "7997.00000", "2014-12-31": "8570.00000", "2013-12-31": "8468.10000", "2012-12-31": "8735.70000", "2011-12-31": "8630.90000", "2010-12-31": "7630.00000", "2009-12-31": "6710.40000", "2008-12-31": "6826.10000", "2007-12-31": "7389.70000", "2006-12-31": "6621.50000", "2005-12-31": "5751.20000"}, "Cost Of Goods Sold": {"2020-12-31": "9323.00000", "2019-12-31": "9203.00000", "2018-12-31": "9329.00000", "2017-12-31": "8717.00000", "2016-12-31": "7296.00000", "2015-12-31": "6460.00000", "2014-12-31": "6903.00000", "2013-12-31": "6875.40000", "2012-12-31": "7174.00000", "2011-12-31": "7081.20000", "2010-12-31": "6254.10000", "2009-12-31": "5517.90000", "2008-12-31": "5699.50000", "2007-12-31": "6226.50000", "2006-12-31": "5540.40000", "2005-12-31": "4802.70000"}, "Gross Profit": {"2020-12-31": "2458.00000", "2019-12-31": "2271.00000", "2018-12-31": "2306.00000", "2017-12-31": "2266.00000", "2016-12-31": "1765.00000", "2015-12-31": "1537.00000", "2014-12-31": "1667.00000", "2013-12-31": "1592.70000", "2012-12-31": "1561.70000", "2011-12-31": "1549.70000", "2010-12-31": "1375.90000", "2009-12-31": "1192.50000", "2008-12-31": "1126.60000", "2007-12-31": "1163.20000", "2006-12-31": "1081.10000", "2005-12-31": "948.50000"}, "Research And Development Expenses": {"2020-12-31": "", "2019-12-31": "", "2018-12-31": "", "2017-12-31": "", "2016-12-31": "", "2015-12-31": "", "2014-12-31": "", "2013-12-31": "", "2012-12-31": "", "2011-12-31": "", "2010-12-31": "", "2009-12-31": "", "2008-12-31": "", "2007-12-31": "", "2006-12-31": "", "2005-12-31": ""}, "SG&A Expenses": {"2020-12-31": "525.00000", "2019-12-31": "417.00000", "2018-12-31": "478.00000", "2017-12-31": "514.00000", "2016-12-31": "512.00000", "2015-12-31": "450.00000", "2014-12-31": "466.00000", "2013-12-31": "418.60000", "2012-12-31": "385.50000", "2011-12-31": "381.40000", "2010-12-31": "356.80000", "2009-12-31": "309.00000", "2008-12-31": "259.40000", "2007-12-31": "323.70000", "2006-12-31": "287.20000", "2005-12-31": "233.80000"}, "Other Operating Income Or Expenses": {"2020-12-31": "", "2019-12-31": "", "2018-12-31": "", "2017-12-31": "", "2016-12-31": "", "2015-12-31": "", "2014-12-31": "", "2013-12-31": "", "2012-12-31": "", "2011-12-31": "", "2010-12-31": "", "2009-12-31": "34.80000", "2008-12-31": "7.10000", "2007-12-31": "", "2006-12-31": "", "2005-12-31": ""}, "Operating Expenses": {"2020-12-31": "10778.00000", "2019-12-31": "10542.00000", "2018-12-31": "10700.00000", "2017-12-31": "10181.00000", "2016-12-31": "8598.00000", "2015-12-31": "7391.00000", "2014-12-31": "7731.00000", "2013-12-31": "7672.70000", "2012-12-31": "7945.20000", "2011-12-31": "7794.00000", "2010-12-31": "6865.40000", "2009-12-31": "6056.60000", "2008-12-31": "6245.50000", "2007-12-31": "6875.80000", "2006-12-31": "6115.70000", "2005-12-31": "5271.20000"}, "Operating Income": {"2020-12-31": "1003.00000", "2019-12-31": "932.00000", "2018-12-31": "935.00000", "2017-12-31": "802.00000", "2016-12-31": "463.00000", "2015-12-31": "606.00000", "2014-12-31": "839.00000", "2013-12-31": "795.39990", "2012-12-31": "790.50050", "2011-12-31": "836.90040", "2010-12-31": "764.60010", "2009-12-31": "653.79980", "2008-12-31": "580.60060", "2007-12-31": "513.89990", "2006-12-31": "505.79980", "2005-12-31": "480.00000"}, "Total Non-Operating Income/Expense": {"2020-12-31": "-316.00000", "2019-12-31": "-324.00000", "2018-12-31": "-302.00000", "2017-12-31": "-288.00000", "2016-12-31": "-338.00000", "2015-12-31": "-260.00000", "2014-12-31": "-193.00000", "2013-12-31": "-211.80000", "2012-12-31": "-194.90000", "2011-12-31": "-177.10000", "2010-12-31": "-158.20000", "2009-12-31": "-117.20000", "2008-12-31": "-137.70000", "2007-12-31": "-149.40000", "2006-12-31": "-58.90000", "2005-12-31": "-116.40000"}, "Pre-Tax Income": {"2020-12-31": "687.00000", "2019-12-31": "608.00000", "2018-12-31": "633.00000", "2017-12-31": "514.00000", "2016-12-31": "125.00000", "2015-12-31": "346.00000", "2014-12-31": "646.00000", "2013-12-31": "583.60000", "2012-12-31": "595.60000", "2011-12-31": "659.80000", "2010-12-31": "606.40000", "2009-12-31": "536.60000", "2008-12-31": "442.90000", "2007-12-31": "364.50000", "2006-12-31": "446.90000", "2005-12-31": "363.60000"}, "Income Taxes": {"2020-12-31": "99.00000", "2019-12-31": "71.00000", "2018-12-31": "185.00000", "2017-12-31": "165.00000", "2016-12-31": "-126.00000", "2015-12-31": "47.00000", "2014-12-31": "150.00000", "2013-12-31": "149.60000", "2012-12-31": "172.20000", "2011-12-31": "201.30000", "2010-12-31": "175.80000", "2009-12-31": "159.80000", "2008-12-31": "142.10000", "2007-12-31": "95.70000", "2006-12-31": "131.60000", "2005-12-31": "106.20000"}, "Income After Taxes": {"2020-12-31": "588.00000", "2019-12-31": "537.00000", "2018-12-31": "448.00000", "2017-12-31": "349.00000", "2016-12-31": "251.00000", "2015-12-31": "299.00000", "2014-12-31": "496.00000", "2013-12-31": "434.00000", "2012-12-31": "423.40000", "2011-12-31": "458.50000", "2010-12-31": "430.60000", "2009-12-31": "376.80000", "2008-12-31": "300.80000", "2007-12-31": "268.80000", "2006-12-31": "315.30000", "2005-12-31": "257.40000"}, "Other Income": {"2020-12-31": "", "2019-12-31": "", "2018-12-31": "", "2017-12-31": "", "2016-12-31": "", "2015-12-31": "", "2014-12-31": "", "2013-12-31": "", "2012-12-31": "", "2011-12-31": "", "2010-12-31": "", "2009-12-31": "", "2008-12-31": "", "2007-12-31": "", "2006-12-31": "", "2005-12-31": ""}, "Income From Continuous Operations": {"2020-12-31": "582.00000", "2019-12-31": "536.00000", "2018-12-31": "453.00000", "2017-12-31": "380.00000", "2016-12-31": "266.00000", "2015-12-31": "303.00000", "2014-12-31": "498.00000", "2013-12-31": "434.60000", "2012-12-31": "422.10000", "2011-12-31": "468.60000", "2010-12-31": "548.60000", "2009-12-31": "390.60000", "2008-12-31": "315.30000", "2007-12-31": "281.70000", "2006-12-31": "329.60000", "2005-12-31": "272.10000"}, "Income From Discontinued Operations": {"2020-12-31": "", "2019-12-31": "", "2018-12-31": "", "2017-12-31": "", "2016-12-31": "", "2015-12-31": "", "2014-12-31": "", "2013-12-31": "0.40000", "2012-12-31": "-2.80000", "2011-12-31": "-2.30000", "2010-12-31": "-74.90000", "2009-12-31": "-2.20000", "2008-12-31": "4.60000", "2007-12-31": "", "2006-12-31": "", "2005-12-31": ""}, "Net Income": {"2020-12-31": "585.00000", "2019-12-31": "566.00000", "2018-12-31": "454.00000", "2017-12-31": "374.00000", "2016-12-31": "263.00000", "2015-12-31": "281.00000", "2014-12-31": "470.00000", "2013-12-31": "406.80000", "2012-12-31": "396.30000", "2011-12-31": "444.00000", "2010-12-31": "468.00000", "2009-12-31": "387.90000", "2008-12-31": "319.50000", "2007-12-31": "281.30000", "2006-12-31": "329.60000", "2005-12-31": "272.10000"}, "EBITDA": {"2020-12-31": "1671.00000", "2019-12-31": "1610.00000", "2018-12-31": "1637.00000", "2017-12-31": "1531.00000", "2016-12-31": "916.00000", "2015-12-31": "892.00000", "2014-12-31": "1120.00000", "2013-12-31": "1095.30000", "2012-12-31": "1073.40100", "2011-12-31": "1138.00000", "2010-12-31": "1030.10000", "2009-12-31": "896.89980", "2008-12-31": "830.50060", "2007-12-31": "794.89990", "2006-12-31": "758.39980", "2005-12-31": "693.50000"}, "EBIT": {"2020-12-31": "1003.00000", "2019-12-31": "932.00000", "2018-12-31": "935.00000", "2017-12-31": "802.00000", "2016-12-31": "463.00000", "2015-12-31": "606.00000", "2014-12-31": "839.00000", "2013-12-31": "795.39990", "2012-12-31": "790.50050", "2011-12-31": "836.90040", "2010-12-31": "764.60010", "2009-12-31": "653.79980", "2008-12-31": "580.60060", "2007-12-31": "513.89990", "2006-12-31": "505.79980", "2005-12-31": "480.00000"}, "Basic Shares Outstanding": {"2020-12-31": "326.26000", "2019-12-31": "331.10200", "2018-12-31": "344.79600", "2017-12-31": "350.26900", "2016-12-31": "316.54200", "2015-12-31": "274.60000", "2014-12-31": "277.01600", "2013-12-31": "291.88600", "2012-12-31": "309.29600", "2011-12-31": "330.55000", "2010-12-31": "361.49200", "2009-12-31": "375.14400", "2008-12-31": "383.42800", "2007-12-31": "404.74400", "2006-12-31": "413.35200", "2005-12-31": "431.03200"}, "Shares Outstanding": {"2020-12-31": "332.81500", "2019-12-31": "340.12100", "2018-12-31": "352.32100", "2017-12-31": "356.98500", "2016-12-31": "322.88400", "2015-12-31": "281.96800", "2014-12-31": "284.86000", "2013-12-31": "298.44600", "2012-12-31": "316.16800", "2011-12-31": "337.18000", "2010-12-31": "367.07600", "2009-12-31": "379.95600", "2008-12-31": "388.07600", "2007-12-31": "411.04000", "2006-12-31": "419.80400", "2005-12-31": "438.92800"}, "Basic EPS": {"2020-12-31": "1.79000", "2019-12-31": "1.71000", "2018-12-31": "1.32000", "2017-12-31": "1.07000", "2016-12-31": "0.83000", "2015-12-31": "1.02000", "2014-12-31": "1.69500", "2013-12-31": "1.39500", "2012-12-31": "1.28000", "2011-12-31": "1.34500", "2010-12-31": "1.29500", "2009-12-31": "1.03500", "2008-12-31": "0.83500", "2007-12-31": "0.69500", "2006-12-31": "0.79750", "2005-12-31": "0.63000"}, "EPS - Earnings Per Share": {"2020-12-31": "1.76000", "2019-12-31": "1.66000", "2018-12-31": "1.29000", "2017-12-31": "1.05000", "2016-12-31": "0.81000", "2015-12-31": "1.00000", "2014-12-31": "1.65000", "2013-12-31": "1.36500", "2012-12-31": "1.25000", "2011-12-31": "1.31500", "2010-12-31": "1.27500", "2009-12-31": "1.02000", "2008-12-31": "0.82500", "2007-12-31": "0.68500", "2006-12-31": "0.78500", "2005-12-31": "0.62000"}}, "income statement, quarterly": {"Revenue": {"2020-12-31": "3102.00000", "2020-09-30": "3093.00000", "2020-06-30": "2801.00000", "2020-03-31": "2785.00000", "2019-12-31": "2719.00000", "2019-09-30": "2953.00000", "2019-06-30": "3017.00000", "2019-03-31": "2785.00000", "2018-12-31": "2803.00000", "2018-09-30": "2946.00000", "2018-06-30": "3101.00000", "2018-03-31": "2785.00000", "2017-12-31": "2747.00000", "2017-09-30": "2908.00000", "2017-06-30": "2855.00000", "2017-03-31": "2473.00000", "2016-12-31": "2523.00000", "2016-09-30": "2752.00000", "2016-06-30": "2030.00000", "2016-03-31": "1756.00000", "2015-12-31": "1805.00000", "2015-09-30": "2097.00000", "2015-06-30": "2172.00000", "2015-03-31": "1923.00000", "2014-12-31": "2032.40000", "2014-09-30": "2238.90000", "2014-06-30": "2291.90000", "2014-03-31": "2006.80000", "2013-12-31": "1996.80000", "2013-09-30": "2277.90000", "2013-06-30": "2202.40000", "2013-03-31": "1991.00000", "2012-12-31": "2114.20000", "2012-09-30": "2282.50000", "2012-06-30": "2296.30000", "2012-03-31": "2042.70000", "2011-12-31": "2051.70100", "2011-09-30": "2258.30000", "2011-06-30": "2309.70000", "2011-03-31": "2011.20000", "2010-12-31": "1995.20000", "2010-09-30": "2035.00000", "2010-06-30": "2007.50000", "2010-03-31": "1592.30000", "2009-12-31": "1567.90000", "2009-09-30": "1812.30000", "2009-06-30": "1744.60000", "2009-03-31": "1585.60000", "2008-12-31": "997.40040", "2008-09-30": "2008.20000", "2008-06-30": "2080.30000", "2008-03-31": "1740.20000", "2007-12-31": "1756.20000", "2007-09-30": "1906.50000", "2007-06-30": "2032.80000", "2007-03-31": "1694.20000", "2006-12-31": "1591.80000", "2006-09-30": "1822.30000", "2006-06-30": "1842.50000", "2006-03-31": "1364.90000", "2005-12-31": "1291.20000", "2005-09-30": "1583.90000", "2005-06-30": "1552.00000", "2005-03-31": "1324.10000"}, "Cost Of Goods Sold": {"2020-12-31": "2448.00000", "2020-09-30": "2430.00000", "2020-06-30": "2230.00000", "2020-03-31": "2215.00000", "2019-12-31": "2159.00000", "2019-09-30": "2363.00000", "2019-06-30": "2428.00000", "2019-03-31": "2253.00000", "2018-12-31": "2246.00000", "2018-09-30": "2362.00000", "2018-06-30": "2484.00000", "2018-03-31": "2237.00000", "2017-12-31": "2134.00000", "2017-09-30": "2338.00000", "2017-06-30": "2270.00000", "2017-03-31": "1975.00000", "2016-12-31": "2009.00000", "2016-09-30": "2275.00000", "2016-06-30": "1596.00000", "2016-03-31": "1416.00000", "2015-12-31": "1434.00000", "2015-09-30": "1690.00000", "2015-06-30": "1775.00000", "2015-03-31": "1561.00000", "2014-12-31": "1636.40000", "2014-09-30": "1807.30000", "2014-06-30": "1846.40000", "2014-03-31": "1612.90000", "2013-12-31": "1586.10000", "2013-09-30": "1846.90000", "2013-06-30": "1798.90000", "2013-03-31": "1643.50000", "2012-12-31": "1729.40000", "2012-09-30": "1866.10000", "2012-06-30": "1890.80000", "2012-03-31": "1687.70000", "2011-12-31": "1702.80000", "2011-09-30": "1862.20000", "2011-06-30": "1885.50000", "2011-03-31": "1630.70000", "2010-12-31": "1639.40000", "2010-09-30": "1653.40000", "2010-06-30": "1643.10000", "2010-03-31": "1318.20000", "2009-12-31": "1297.70000", "2009-09-30": "1471.60000", "2009-06-30": "1436.10000", "2009-03-31": "1312.50000", "2008-12-31": "843.40010", "2008-09-30": "1679.90000", "2008-06-30": "1738.50000", "2008-03-31": "1437.70000", "2007-12-31": "1490.10000", "2007-09-30": "1659.50000", "2007-06-30": "1682.60000", "2007-03-31": "1394.30000", "2006-12-31": "1312.20000", "2006-09-30": "1516.70000", "2006-06-30": "1554.80000", "2006-03-31": "1156.70000", "2005-12-31": "1076.20000", "2005-09-30": "1329.50000", "2005-06-30": "1300.20000", "2005-03-31": "1096.80000"}, "Gross Profit": {"2020-12-31": "654.00000", "2020-09-30": "663.00000", "2020-06-30": "571.00000", "2020-03-31": "570.00000", "2019-12-31": "560.00000", "2019-09-30": "590.00000", "2019-06-30": "589.00000", "2019-03-31": "532.00000", "2018-12-31": "557.00000", "2018-09-30": "584.00000", "2018-06-30": "617.00000", "2018-03-31": "548.00000", "2017-12-31": "613.00000", "2017-09-30": "570.00000", "2017-06-30": "585.00000", "2017-03-31": "498.00000", "2016-12-31": "514.00000", "2016-09-30": "477.00000", "2016-06-30": "434.00000", "2016-03-31": "340.00000", "2015-12-31": "371.00000", "2015-09-30": "407.00000", "2015-06-30": "397.00000", "2015-03-31": "362.00000", "2014-12-31": "395.99990", "2014-09-30": "431.59990", "2014-06-30": "445.49990", "2014-03-31": "393.90000", "2013-12-31": "410.69970", "2013-09-30": "430.99990", "2013-06-30": "403.49990", "2013-03-31": "347.50000", "2012-12-31": "384.80050", "2012-09-30": "416.40000", "2012-06-30": "405.50000", "2012-03-31": "355.00000", "2011-12-31": "348.90060", "2011-09-30": "396.10010", "2011-06-30": "424.20000", "2011-03-31": "380.50000", "2010-12-31": "355.79980", "2010-09-30": "381.60000", "2010-06-30": "364.40000", "2010-03-31": "274.10010", "2009-12-31": "270.19980", "2009-09-30": "340.70010", "2009-06-30": "308.50000", "2009-03-31": "273.10000", "2008-12-31": "154.00020", "2008-09-30": "328.29990", "2008-06-30": "341.80000", "2008-03-31": "302.50000", "2007-12-31": "266.10030", "2007-09-30": "247.00000", "2007-06-30": "350.20010", "2007-03-31": "299.89990", "2006-12-31": "279.60020", "2006-09-30": "305.60010", "2006-06-30": "287.70000", "2006-03-31": "208.20010", "2005-12-31": "215.00010", "2005-09-30": "254.40000", "2005-06-30": "251.80000", "2005-03-31": "227.29990"}, "Research And Development Expenses": {"2020-12-31": "", "2020-09-30": "", "2020-06-30": "", "2020-03-31": "", "2019-12-31": "", "2019-09-30": "", "2019-06-30": "", "2019-03-31": "", "2018-12-31": "", "2018-09-30": "", "2018-06-30": "", "2018-03-31": "", "2017-12-31": "", "2017-09-30": "", "2017-06-30": "", "2017-03-31": "", "2016-12-31": "", "2016-09-30": "", "2016-06-30": "", "2016-03-31": "", "2015-12-31": "", "2015-09-30": "", "2015-06-30": "", "2015-03-31": "", "2014-12-31": "", "2014-09-30": "", "2014-06-30": "", "2014-03-31": "", "2013-12-31": "", "2013-09-30": "", "2013-06-30": "", "2013-03-31": "", "2012-12-31": "", "2012-09-30": "", "2012-06-30": "", "2012-03-31": "", "2011-12-31": "", "2011-09-30": "", "2011-06-30": "", "2011-03-31": "", "2010-12-31": "", "2010-09-30": "", "2010-06-30": "", "2010-03-31": "", "2009-12-31": "", "2009-09-30": "", "2009-06-30": "", "2009-03-31": "", "2008-12-31": "", "2008-09-30": "", "2008-06-30": "", "2008-03-31": "", "2007-12-31": "", "2007-09-30": "", "2007-06-30": "", "2007-03-31": "", "2006-12-31": "", "2006-09-30": "", "2006-06-30": "", "2006-03-31": "", "2005-12-31": "", "2005-09-30": "", "2005-06-30": "", "2005-03-31": ""}, "SG&A Expenses": {"2020-12-31": "162.00000", "2020-09-30": "121.00000", "2020-06-30": "111.00000", "2020-03-31": "131.00000", "2019-12-31": "89.00000", "2019-09-30": "90.00000", "2019-06-30": "111.00000", "2019-03-31": "127.00000", "2018-12-31": "126.00000", "2018-09-30": "113.00000", "2018-06-30": "127.00000", "2018-03-31": "112.00000", "2017-12-31": "116.00000", "2017-09-30": "127.00000", "2017-06-30": "128.00000", "2017-03-31": "143.00000", "2016-12-31": "164.00000", "2016-09-30": "135.00000", "2016-06-30": "105.00000", "2016-03-31": "108.00000", "2015-12-31": "109.00000", "2015-09-30": "107.00000", "2015-06-30": "118.00000", "2015-03-31": "116.00000", "2014-12-31": "123.80000", "2014-09-30": "123.10000", "2014-06-30": "111.40000", "2014-03-31": "107.70000", "2013-12-31": "107.40000", "2013-09-30": "99.00000", "2013-06-30": "102.90000", "2013-03-31": "109.30000", "2012-12-31": "101.00000", "2012-09-30": "86.30000", "2012-06-30": "98.60000", "2012-03-31": "99.60000", "2011-12-31": "99.20000", "2011-09-30": "89.70000", "2011-06-30": "93.10000", "2011-03-31": "99.40000", "2010-12-31": "106.90000", "2010-09-30": "93.00000", "2010-06-30": "77.60000", "2010-03-31": "79.30000", "2009-12-31": "77.70000", "2009-09-30": "83.20000", "2009-06-30": "72.90000", "2009-03-31": "75.20000", "2008-12-31": "31.80000", "2008-09-30": "67.50000", "2008-06-30": "78.50000", "2008-03-31": "81.60000", "2007-12-31": "69.90000", "2007-09-30": "84.30000", "2007-06-30": "87.30000", "2007-03-31": "82.20000", "2006-12-31": "76.90000", "2006-09-30": "66.50000", "2006-06-30": "73.50000", "2006-03-31": "70.30000", "2005-12-31": "60.10000", "2005-09-30": "52.20000", "2005-06-30": "58.50000", "2005-03-31": "63.00000"}, "Other Operating Income Or Expenses": {"2020-12-31": "", "2020-09-30": "", "2020-06-30": "", "2020-03-31": "", "2019-12-31": "", "2019-09-30": "", "2019-06-30": "", "2019-03-31": "", "2018-12-31": "", "2018-09-30": "", "2018-06-30": "", "2018-03-31": "", "2017-12-31": "", "2017-09-30": "", "2017-06-30": "", "2017-03-31": "", "2016-12-31": "", "2016-09-30": "", "2016-06-30": "", "2016-03-31": "", "2015-12-31": "", "2015-09-30": "", "2015-06-30": "", "2015-03-31": "", "2014-12-31": "", "2014-09-30": "", "2014-06-30": "", "2014-03-31": "", "2013-12-31": "", "2013-09-30": "", "2013-06-30": "", "2013-03-31": "", "2012-12-31": "", "2012-09-30": "", "2012-06-30": "", "2012-03-31": "", "2011-12-31": "", "2011-09-30": "", "2011-06-30": "", "2011-03-31": "", "2010-12-31": "", "2010-09-30": "", "2010-06-30": "", "2010-03-31": "", "2009-12-31": "", "2009-09-30": "", "2009-06-30": "", "2009-03-31": "", "2008-12-31": "", "2008-09-30": "", "2008-06-30": "", "2008-03-31": "", "2007-12-31": "", "2007-09-30": "", "2007-06-30": "", "2007-03-31": "", "2006-12-31": "", "2006-09-30": "", "2006-06-30": "", "2006-03-31": "", "2005-12-31": "", "2005-09-30": "", "2005-06-30": "", "2005-03-31": ""}, "Operating Expenses": {"2020-12-31": "2806.00000", "2020-09-30": "2719.00000", "2020-06-30": "2623.00000", "2020-03-31": "2630.00000", "2019-12-31": "2513.00000", "2019-09-30": "2755.00000", "2019-06-30": "2710.00000", "2019-03-31": "2564.00000", "2018-12-31": "2605.00000", "2018-09-30": "2678.00000", "2018-06-30": "2858.00000", "2018-03-31": "2559.00000", "2017-12-31": "2408.00000", "2017-09-30": "2784.00000", "2017-06-30": "2668.00000", "2017-03-31": "2321.00000", "2016-12-31": "2361.00000", "2016-09-30": "2620.00000", "2016-06-30": "1751.00000", "2016-03-31": "1866.00000", "2015-12-31": "1675.00000", "2015-09-30": "2021.00000", "2015-06-30": "1898.00000", "2015-03-31": "1797.00000", "2014-12-31": "1894.70000", "2014-09-30": "2010.90000", "2014-06-30": "2036.00000", "2014-03-31": "1789.40000", "2013-12-31": "1759.50000", "2013-09-30": "2066.30000", "2013-06-30": "1998.90000", "2013-03-31": "1848.00000", "2012-12-31": "1961.90000", "2012-09-30": "2063.90000", "2012-06-30": "2058.70000", "2012-03-31": "1860.70000", "2011-12-31": "1891.50000", "2011-09-30": "2029.70000", "2011-06-30": "2055.60000", "2011-03-31": "1817.20000", "2010-12-31": "1818.40000", "2010-09-30": "1801.90000", "2010-06-30": "1785.40000", "2010-03-31": "1459.70000", "2009-12-31": "1397.60100", "2009-09-30": "1624.80000", "2009-06-30": "1574.80000", "2009-03-31": "1459.40000", "2008-12-31": "923.59970", "2008-09-30": "1830.40000", "2008-06-30": "1904.70000", "2008-03-31": "1586.80000", "2007-12-31": "1678.90000", "2007-09-30": "1815.60000", "2007-06-30": "1839.80000", "2007-03-31": "1541.50000", "2006-12-31": "1491.50000", "2006-09-30": "1647.70000", "2006-06-30": "1692.80000", "2006-03-31": "1283.70000", "2005-12-31": "1182.10000", "2005-09-30": "1455.40000", "2005-06-30": "1420.50000", "2005-03-31": "1213.20000"}, "Operating Income": {"2020-12-31": "296.00000", "2020-09-30": "374.00000", "2020-06-30": "178.00000", "2020-03-31": "155.00000", "2019-12-31": "206.00000", "2019-09-30": "198.00000", "2019-06-30": "307.00000", "2019-03-31": "221.00000", "2018-12-31": "198.00000", "2018-09-30": "268.00000", "2018-06-30": "243.00000", "2018-03-31": "226.00000", "2017-12-31": "339.00000", "2017-09-30": "124.00000", "2017-06-30": "187.00000", "2017-03-31": "152.00000", "2016-12-31": "162.00000", "2016-09-30": "132.00000", "2016-06-30": "279.00000", "2016-03-31": "-110.00000", "2015-12-31": "130.00000", "2015-09-30": "76.00000", "2015-06-30": "274.00000", "2015-03-31": "126.00000", "2014-12-31": "137.70010", "2014-09-30": "227.99990", "2014-06-30": "255.89990", "2014-03-31": "217.40000", "2013-12-31": "237.30030", "2013-09-30": "211.59990", "2013-06-30": "203.49990", "2013-03-31": "143.00000", "2012-12-31": "152.30080", "2012-09-30": "218.60010", "2012-06-30": "237.59990", "2012-03-31": "182.00000", "2011-12-31": "160.20070", "2011-09-30": "228.60010", "2011-06-30": "254.10010", "2011-03-31": "194.00000", "2010-12-31": "176.79980", "2010-09-30": "233.10000", "2010-06-30": "222.10000", "2010-03-31": "132.60010", "2009-12-31": "170.29900", "2009-09-30": "187.50010", "2009-06-30": "169.80000", "2009-03-31": "126.20010", "2008-12-31": "73.80070", "2008-09-30": "177.79990", "2008-06-30": "175.60010", "2008-03-31": "153.40000", "2007-12-31": "77.30010", "2007-09-30": "90.89990", "2007-06-30": "193.00000", "2007-03-31": "152.70000", "2006-12-31": "100.30020", "2006-09-30": "174.60010", "2006-06-30": "149.70000", "2006-03-31": "81.20010", "2005-12-31": "109.10010", "2005-09-30": "128.50000", "2005-06-30": "131.50000", "2005-03-31": "110.89990"}, "Total Non-Operating Income/Expense": {"2020-12-31": "-69.00000", "2020-09-30": "-69.00000", "2020-06-30": "-67.00000", "2020-03-31": "-111.00000", "2019-12-31": "-83.00000", "2019-09-30": "-79.00000", "2019-06-30": "-81.00000", "2019-03-31": "-81.00000", "2018-12-31": "-75.00000", "2018-09-30": "-76.00000", "2018-06-30": "-77.00000", "2018-03-31": "-74.00000", "2017-12-31": "-71.00000", "2017-09-30": "-74.00000", "2017-06-30": "-75.00000", "2017-03-31": "-68.00000", "2016-12-31": "-70.00000", "2016-09-30": "-82.00000", "2016-06-30": "-87.00000", "2016-03-31": "-99.00000", "2015-12-31": "-67.00000", "2015-09-30": "-59.00000", "2015-06-30": "-36.00000", "2015-03-31": "-98.00000", "2014-12-31": "-39.00000", "2014-09-30": "-40.10000", "2014-06-30": "-40.60000", "2014-03-31": "-73.30000", "2013-12-31": "-45.80000", "2013-09-30": "-46.80000", "2013-06-30": "-74.40000", "2013-03-31": "-44.80000", "2012-12-31": "-45.60000", "2012-09-30": "-44.20000", "2012-06-30": "-44.70000", "2012-03-31": "-60.40000", "2011-12-31": "-42.40000", "2011-09-30": "-43.00000", "2011-06-30": "-45.20000", "2011-03-31": "-46.50000", "2010-12-31": "-43.40000", "2010-09-30": "-36.20000", "2010-06-30": "-44.70000", "2010-03-31": "-33.90000", "2009-12-31": "-72.60000", "2009-09-30": "-28.90000", "2009-06-30": "10.10000", "2009-03-31": "-25.80000", "2008-12-31": "-33.70000", "2008-09-30": "-33.10000", "2008-06-30": "-34.70000", "2008-03-31": "-36.20000", "2007-12-31": "-37.20000", "2007-09-30": "-36.20000", "2007-06-30": "-38.10000", "2007-03-31": "-37.90000", "2006-12-31": "-37.70000", "2006-09-30": "-34.40000", "2006-06-30": "36.50000", "2006-03-31": "-23.30000", "2005-12-31": "-40.60000", "2005-09-30": "-25.70000", "2005-06-30": "-24.30000", "2005-03-31": "-25.80000"}, "Pre-Tax Income": {"2020-12-31": "227.00000", "2020-09-30": "305.00000", "2020-06-30": "111.00000", "2020-03-31": "44.00000", "2019-12-31": "123.00000", "2019-09-30": "119.00000", "2019-06-30": "226.00000", "2019-03-31": "140.00000", "2018-12-31": "123.00000", "2018-09-30": "192.00000", "2018-06-30": "166.00000", "2018-03-31": "152.00000", "2017-12-31": "268.00000", "2017-09-30": "50.00000", "2017-06-30": "112.00000", "2017-03-31": "84.00000", "2016-12-31": "92.00000", "2016-09-30": "50.00000", "2016-06-30": "192.00000", "2016-03-31": "-209.00000", "2015-12-31": "63.00000", "2015-09-30": "17.00000", "2015-06-30": "238.00000", "2015-03-31": "28.00000", "2014-12-31": "98.70000", "2014-09-30": "187.90000", "2014-06-30": "215.30000", "2014-03-31": "144.10000", "2013-12-31": "191.50000", "2013-09-30": "164.80000", "2013-06-30": "129.10000", "2013-03-31": "98.20000", "2012-12-31": "106.70000", "2012-09-30": "174.40000", "2012-06-30": "192.90000", "2012-03-31": "121.60000", "2011-12-31": "117.80000", "2011-09-30": "185.60000", "2011-06-30": "208.90000", "2011-03-31": "147.50000", "2010-12-31": "133.40000", "2010-09-30": "196.90000", "2010-06-30": "177.40000", "2010-03-31": "98.70000", "2009-12-31": "97.70000", "2009-09-30": "158.60000", "2009-06-30": "179.90000", "2009-03-31": "100.40000", "2008-12-31": "40.10000", "2008-09-30": "144.70000", "2008-06-30": "140.90000", "2008-03-31": "117.20000", "2007-12-31": "40.10000", "2007-09-30": "54.70000", "2007-06-30": "154.90000", "2007-03-31": "114.80000", "2006-12-31": "62.60000", "2006-09-30": "140.20000", "2006-06-30": "186.20000", "2006-03-31": "57.90000", "2005-12-31": "68.50000", "2005-09-30": "102.80000", "2005-06-30": "107.20000", "2005-03-31": "85.10000"}, "Income Taxes": {"2020-12-31": "7.00000", "2020-09-30": "73.00000", "2020-06-30": "23.00000", "2020-03-31": "-4.00000", "2019-12-31": "-2.00000", "2019-09-30": "32.00000", "2019-06-30": "31.00000", "2019-03-31": "10.00000", "2018-12-31": "-35.00000", "2018-09-30": "140.00000", "2018-06-30": "46.00000", "2018-03-31": "34.00000", "2017-12-31": "117.00000", "2017-09-30": "4.00000", "2017-06-30": "22.00000", "2017-03-31": "22.00000", "2016-12-31": "48.00000", "2016-09-30": "23.00000", "2016-06-30": "-114.00000", "2016-03-31": "-83.00000", "2015-12-31": "-2.00000", "2015-09-30": "-31.00000", "2015-06-30": "79.00000", "2015-03-31": "1.00000", "2014-12-31": "10.40000", "2014-09-30": "39.80000", "2014-06-30": "60.20000", "2014-03-31": "39.60000", "2013-12-31": "56.60000", "2013-09-30": "44.10000", "2013-06-30": "30.80000", "2013-03-31": "18.10000", "2012-12-31": "42.50000", "2012-09-30": "51.70000", "2012-06-30": "50.00000", "2012-03-31": "28.00000", "2011-12-31": "41.10000", "2011-09-30": "47.60000", "2011-06-30": "64.60000", "2011-03-31": "48.00000", "2010-12-31": "33.60000", "2010-09-30": "60.50000", "2010-06-30": "60.80000", "2010-03-31": "20.90000", "2009-12-31": "26.60000", "2009-09-30": "55.10000", "2009-06-30": "50.00000", "2009-03-31": "28.10000", "2008-12-31": "13.70000", "2008-09-30": "45.80000", "2008-06-30": "45.40000", "2008-03-31": "37.20000", "2007-12-31": "9.80000", "2007-09-30": "-3.10000", "2007-06-30": "52.30000", "2007-03-31": "36.70000", "2006-12-31": "17.40000", "2006-09-30": "36.60000", "2006-06-30": "61.10000", "2006-03-31": "16.50000", "2005-12-31": "16.90000", "2005-09-30": "26.60000", "2005-06-30": "32.90000", "2005-03-31": "29.80000"}, "Income After Taxes": {"2020-12-31": "220.00000", "2020-09-30": "232.00000", "2020-06-30": "88.00000", "2020-03-31": "48.00000", "2019-12-31": "125.00000", "2019-09-30": "87.00000", "2019-06-30": "195.00000", "2019-03-31": "130.00000", "2018-12-31": "158.00000", "2018-09-30": "52.00000", "2018-06-30": "120.00000", "2018-03-31": "118.00000", "2017-12-31": "151.00000", "2017-09-30": "46.00000", "2017-06-30": "90.00000", "2017-03-31": "62.00000", "2016-12-31": "44.00000", "2016-09-30": "27.00000", "2016-06-30": "306.00000", "2016-03-31": "-126.00000", "2015-12-31": "65.00000", "2015-09-30": "48.00000", "2015-06-30": "159.00000", "2015-03-31": "27.00000", "2014-12-31": "88.30000", "2014-09-30": "148.10000", "2014-06-30": "155.10000", "2014-03-31": "104.50000", "2013-12-31": "134.90000", "2013-09-30": "120.70000", "2013-06-30": "98.30000", "2013-03-31": "80.10000", "2012-12-31": "64.20000", "2012-09-30": "122.70000", "2012-06-30": "142.90000", "2012-03-31": "93.60000", "2011-12-31": "76.70000", "2011-09-30": "138.00000", "2011-06-30": "144.30000", "2011-03-31": "99.50000", "2010-12-31": "99.80010", "2010-09-30": "136.40000", "2010-06-30": "116.60000", "2010-03-31": "77.80000", "2009-12-31": "71.10000", "2009-09-30": "103.50000", "2009-06-30": "129.90000", "2009-03-31": "72.30000", "2008-12-31": "26.40000", "2008-09-30": "98.90000", "2008-06-30": "95.50000", "2008-03-31": "80.00000", "2007-12-31": "30.30000", "2007-09-30": "57.80000", "2007-06-30": "102.60000", "2007-03-31": "78.10000", "2006-12-31": "45.20000", "2006-09-30": "103.60000", "2006-06-30": "125.10000", "2006-03-31": "41.40000", "2005-12-31": "51.60000", "2005-09-30": "76.20000", "2005-06-30": "74.30000", "2005-03-31": "55.30000"}, "Other Income": {"2020-12-31": "", "2020-09-30": "", "2020-06-30": "", "2020-03-31": "", "2019-12-31": "", "2019-09-30": "", "2019-06-30": "", "2019-03-31": "", "2018-12-31": "", "2018-09-30": "", "2018-06-30": "", "2018-03-31": "", "2017-12-31": "", "2017-09-30": "", "2017-06-30": "", "2017-03-31": "", "2016-12-31": "", "2016-09-30": "", "2016-06-30": "", "2016-03-31": "", "2015-12-31": "", "2015-09-30": "", "2015-06-30": "", "2015-03-31": "", "2014-12-31": "", "2014-09-30": "", "2014-06-30": "", "2014-03-31": "", "2013-12-31": "", "2013-09-30": "", "2013-06-30": "", "2013-03-31": "", "2012-12-31": "", "2012-09-30": "", "2012-06-30": "", "2012-03-31": "", "2011-12-31": "", "2011-09-30": "", "2011-06-30": "", "2011-03-31": "", "2010-12-31": "", "2010-09-30": "", "2010-06-30": "", "2010-03-31": "", "2009-12-31": "", "2009-09-30": "", "2009-06-30": "", "2009-03-31": "", "2008-12-31": "", "2008-09-30": "", "2008-06-30": "", "2008-03-31": "", "2007-12-31": "", "2007-09-30": "", "2007-06-30": "", "2007-03-31": "", "2006-12-31": "", "2006-09-30": "", "2006-06-30": "", "2006-03-31": "", "2005-12-31": "", "2005-09-30": "", "2005-06-30": "", "2005-03-31": ""}, "Income From Continuous Operations": {"2020-12-31": "227.00000", "2020-09-30": "240.00000", "2020-06-30": "92.00000", "2020-03-31": "23.00000", "2019-12-31": "130.00000", "2019-09-30": "92.00000", "2019-06-30": "197.00000", "2019-03-31": "117.00000", "2018-12-31": "149.00000", "2018-09-30": "59.00000", "2018-06-30": "120.00000", "2018-03-31": "125.00000", "2017-12-31": "159.00000", "2017-09-30": "51.00000", "2017-06-30": "100.00000", "2017-03-31": "70.00000", "2016-12-31": "52.00000", "2016-09-30": "34.00000", "2016-06-30": "307.00000", "2016-03-31": "-127.00000", "2015-12-31": "65.00000", "2015-09-30": "50.00000", "2015-06-30": "160.00000", "2015-03-31": "28.00000", "2014-12-31": "88.40000", "2014-09-30": "148.40000", "2014-06-30": "156.30000", "2014-03-31": "104.90000", "2013-12-31": "134.60000", "2013-09-30": "121.60000", "2013-06-30": "99.10000", "2013-03-31": "79.30000", "2012-12-31": "63.90000", "2012-09-30": "121.90000", "2012-06-30": "142.90000", "2012-03-31": "93.40000", "2011-12-31": "84.90000", "2011-09-30": "138.80000", "2011-06-30": "145.40000", "2011-03-31": "99.50000", "2010-12-31": "99.30000", "2010-09-30": "222.20000", "2010-06-30": "144.60000", "2010-03-31": "82.50000", "2009-12-31": "76.90000", "2009-09-30": "109.00000", "2009-06-30": "135.10000", "2009-03-31": "69.60000", "2008-12-31": "29.30000", "2008-09-30": "102.00000", "2008-06-30": "100.10000", "2008-03-31": "83.90000", "2007-12-31": "33.70000", "2007-09-30": "60.90000", "2007-06-30": "105.90000", "2007-03-31": "81.20000", "2006-12-31": "48.30000", "2006-09-30": "107.10000", "2006-06-30": "129.80000", "2006-03-31": "44.40000", "2005-12-31": "55.20000", "2005-09-30": "79.30000", "2005-06-30": "79.00000", "2005-03-31": "58.60000"}, "Income From Discontinued Operations": {"2020-12-31": "", "2020-09-30": "", "2020-06-30": "", "2020-03-31": "", "2019-12-31": "", "2019-09-30": "", "2019-06-30": "", "2019-03-31": "", "2018-12-31": "", "2018-09-30": "", "2018-06-30": "", "2018-03-31": "", "2017-12-31": "", "2017-09-30": "", "2017-06-30": "", "2017-03-31": "", "2016-12-31": "", "2016-09-30": "", "2016-06-30": "", "2016-03-31": "", "2015-12-31": "", "2015-09-30": "", "2015-06-30": "", "2015-03-31": "", "2014-12-31": "", "2014-09-30": "", "2014-06-30": "", "2014-03-31": "", "2013-12-31": "0.00000", "2013-09-30": "0.30000", "2013-06-30": "", "2013-03-31": "0.10000", "2012-12-31": "0.10000", "2012-09-30": "-2.20000", "2012-06-30": "-0.40000", "2012-03-31": "-0.30000", "2011-12-31": "0.60000", "2011-09-30": "-1.30000", "2011-06-30": "-0.30000", "2011-03-31": "-1.30000", "2010-12-31": "-1.50000", "2010-09-30": "5.30000", "2010-06-30": "-75.60000", "2010-03-31": "-3.10000", "2009-12-31": "4.60000", "2009-09-30": "-5.20000", "2009-06-30": "-1.60000", "2009-03-31": "", "2008-12-31": "", "2008-09-30": "", "2008-06-30": "", "2008-03-31": "", "2007-12-31": "", "2007-09-30": "", "2007-06-30": "", "2007-03-31": "", "2006-12-31": "", "2006-09-30": "", "2006-06-30": "", "2006-03-31": "", "2005-12-31": "", "2005-09-30": "", "2005-06-30": "", "2005-03-31": ""}, "Net Income": {"2020-12-31": "227.00000", "2020-09-30": "241.00000", "2020-06-30": "94.00000", "2020-03-31": "23.00000", "2019-12-31": "160.00000", "2019-09-30": "92.00000", "2019-06-30": "197.00000", "2019-03-31": "117.00000", "2018-12-31": "151.00000", "2018-09-30": "59.00000", "2018-06-30": "119.00000", "2018-03-31": "125.00000", "2017-12-31": "159.00000", "2017-09-30": "48.00000", "2017-06-30": "99.00000", "2017-03-31": "68.00000", "2016-12-31": "52.00000", "2016-09-30": "31.00000", "2016-06-30": "307.00000", "2016-03-31": "-127.00000", "2015-12-31": "55.00000", "2015-09-30": "45.00000", "2015-06-30": "160.00000", "2015-03-31": "21.00000", "2014-12-31": "76.00000", "2014-09-30": "147.40000", "2014-06-30": "153.10000", "2014-03-31": "93.50000", "2013-12-31": "124.50000", "2013-09-30": "115.20000", "2013-06-30": "95.10000", "2013-03-31": "72.00000", "2012-12-31": "53.40000", "2012-09-30": "115.10000", "2012-06-30": "139.50000", "2012-03-31": "88.30000", "2011-12-31": "77.50000", "2011-09-30": "132.10000", "2011-06-30": "143.10000", "2011-03-31": "91.30000", "2010-12-31": "92.20000", "2010-09-30": "227.50000", "2010-06-30": "69.00000", "2010-03-31": "79.30000", "2009-12-31": "81.40000", "2009-09-30": "103.70000", "2009-06-30": "133.30000", "2009-03-31": "69.50000", "2008-12-31": "33.80000", "2008-09-30": "101.90000", "2008-06-30": "100.00000", "2008-03-31": "83.80000", "2007-12-31": "33.30000", "2007-09-30": "60.90000", "2007-06-30": "105.90000", "2007-03-31": "81.20000", "2006-12-31": "48.30000", "2006-09-30": "107.10000", "2006-06-30": "129.80000", "2006-03-31": "44.40000", "2005-12-31": "55.20000", "2005-09-30": "79.30000", "2005-06-30": "79.00000", "2005-03-31": "58.60000"}, "EBITDA": {"2020-12-31": "", "2020-09-30": "534.00000", "2020-06-30": "348.00000", "2020-03-31": "324.00000", "2019-12-31": "374.00000", "2019-09-30": "367.00000", "2019-06-30": "478.00000", "2019-03-31": "391.00000", "2018-12-31": "371.00000", "2018-09-30": "439.00000", "2018-06-30": "421.00000", "2018-03-31": "406.00000", "2017-12-31": "529.00000", "2017-09-30": "286.00000", "2017-06-30": "416.00000", "2017-03-31": "300.00000", "2016-12-31": "316.00000", "2016-09-30": "278.00000", "2016-06-30": "357.00000", "2016-03-31": "-35.00000", "2015-12-31": "204.00000", "2015-09-30": "149.00000", "2015-06-30": "345.00000", "2015-03-31": "194.00000", "2014-12-31": "209.00010", "2014-09-30": "299.29990", "2014-06-30": "325.49990", "2014-03-31": "286.20000", "2013-12-31": "313.60030", "2013-09-30": "288.19990", "2013-06-30": "277.99990", "2013-03-31": "215.50000", "2012-12-31": "225.00080", "2012-09-30": "293.30010", "2012-06-30": "304.09990", "2012-03-31": "251.00000", "2011-12-31": "239.10070", "2011-09-30": "303.10010", "2011-06-30": "328.20010", "2011-03-31": "267.60000", "2010-12-31": "250.09980", "2010-09-30": "300.20000", "2010-06-30": "284.50000", "2010-03-31": "195.30010", "2009-12-31": "239.09900", "2009-09-30": "247.40010", "2009-06-30": "217.50010", "2009-03-31": "192.90010", "2008-12-31": "99.00070", "2008-09-30": "251.69990", "2008-06-30": "251.80010", "2008-03-31": "228.00000", "2007-12-31": "151.60010", "2007-09-30": "162.69990", "2007-06-30": "262.90000", "2007-03-31": "217.70000", "2006-12-31": "168.90020", "2006-09-30": "239.10010", "2006-06-30": "214.59990", "2006-03-31": "135.80010", "2005-12-31": "161.80010", "2005-09-30": "182.90000", "2005-06-30": "184.50000", "2005-03-31": "164.29990"}, "EBIT": {"2020-12-31": "296.00000", "2020-09-30": "374.00000", "2020-06-30": "178.00000", "2020-03-31": "155.00000", "2019-12-31": "206.00000", "2019-09-30": "198.00000", "2019-06-30": "307.00000", "2019-03-31": "221.00000", "2018-12-31": "198.00000", "2018-09-30": "268.00000", "2018-06-30": "243.00000", "2018-03-31": "226.00000", "2017-12-31": "339.00000", "2017-09-30": "124.00000", "2017-06-30": "187.00000", "2017-03-31": "152.00000", "2016-12-31": "162.00000", "2016-09-30": "132.00000", "2016-06-30": "279.00000", "2016-03-31": "-110.00000", "2015-12-31": "130.00000", "2015-09-30": "76.00000", "2015-06-30": "274.00000", "2015-03-31": "126.00000", "2014-12-31": "137.70020", "2014-09-30": "227.99990", "2014-06-30": "255.89990", "2014-03-31": "217.40000", "2013-12-31": "237.30020", "2013-09-30": "211.59990", "2013-06-30": "203.49990", "2013-03-31": "143.00000", "2012-12-31": "152.30050", "2012-09-30": "218.60010", "2012-06-30": "237.59990", "2012-03-31": "182.00000", "2011-12-31": "160.20020", "2011-09-30": "228.60010", "2011-06-30": "254.10010", "2011-03-31": "194.00000", "2010-12-31": "176.80000", "2010-09-30": "233.10000", "2010-06-30": "222.10000", "2010-03-31": "132.60010", "2009-12-31": "170.29960", "2009-09-30": "187.50010", "2009-06-30": "169.80000", "2009-03-31": "126.20010", "2008-12-31": "73.80050", "2008-09-30": "177.79990", "2008-06-30": "175.60010", "2008-03-31": "153.40000", "2007-12-31": "77.30010", "2007-09-30": "90.89990", "2007-06-30": "193.00000", "2007-03-31": "152.70000", "2006-12-31": "100.29970", "2006-09-30": "174.60010", "2006-06-30": "149.70000", "2006-03-31": "81.20010", "2005-12-31": "109.10010", "2005-09-30": "128.50000", "2005-06-30": "131.50000", "2005-03-31": "110.89990"}, "Basic Shares Outstanding": {"2020-12-31": "327.13700", "2020-09-30": "326.54900", "2020-06-30": "325.99400", "2020-03-31": "325.34600", "2019-12-31": "331.10200", "2019-09-30": "331.14800", "2019-06-30": "332.82500", "2019-03-31": "334.23900", "2018-12-31": "344.79600", "2018-09-30": "342.98200", "2018-06-30": "348.22100", "2018-03-31": "350.21500", "2017-12-31": "350.26900", "2017-09-30": "350.32700", "2017-06-30": "351.06600", "2017-03-31": "350.04800", "2016-12-31": "316.54200", "2016-09-30": "349.12800", "2016-06-30": "284.07600", "2016-03-31": "283.58600", "2015-12-31": "274.60000", "2015-09-30": "274.67400", "2015-06-30": "275.60200", "2015-03-31": "274.17200", "2014-12-31": "277.01600", "2014-09-30": "276.02000", "2014-06-30": "278.02400", "2014-03-31": "280.81000", "2013-12-31": "291.88600", "2013-09-30": "289.42800", "2013-06-30": "294.17600", "2013-03-31": "297.95200", "2012-12-31": "309.29600", "2012-09-30": "307.20800", "2012-06-30": "311.05200", "2012-03-31": "315.06000", "2011-12-31": "330.55000", "2011-09-30": "327.79600", "2011-06-30": "334.39400", "2011-03-31": "338.37800", "2010-12-31": "361.49200", "2010-09-30": "358.52800", "2010-06-30": "368.40000", "2010-03-31": "372.21200", "2009-12-31": "375.14400", "2009-09-30": "375.90400", "2009-06-30": "375.05200", "2009-03-31": "374.17600", "2008-12-31": "383.42800", "2008-09-30": "381.47200", "2008-06-30": "387.64400", "2008-03-31": "388.79600", "2007-12-31": "404.74400", "2007-09-30": "405.68800", "2007-06-30": "406.16800", "2007-03-31": "408.44000", "2006-12-31": "413.35200", "2006-09-30": "413.16800", "2006-06-30": "414.62000", "2006-03-31": "412.98000", "2005-12-31": "431.03200", "2005-09-30": "426.78400", "2005-06-30": "438.10400", "2005-03-31": "446.51200"}, "Shares Outstanding": {"2020-12-31": "333.89800", "2020-09-30": "332.65400", "2020-06-30": "331.71700", "2020-03-31": "332.32600", "2019-12-31": "340.12100", "2019-09-30": "340.63200", "2019-06-30": "341.63700", "2019-03-31": "342.67600", "2018-12-31": "352.32100", "2018-09-30": "349.70900", "2018-06-30": "354.90400", "2018-03-31": "357.55200", "2017-12-31": "356.98500", "2017-09-30": "358.55600", "2017-06-30": "358.97900", "2017-03-31": "357.93400", "2016-12-31": "322.88400", "2016-09-30": "355.40400", "2016-06-30": "290.45400", "2016-03-31": "283.58600", "2015-12-31": "281.96800", "2015-09-30": "281.71600", "2015-06-30": "283.08000", "2015-03-31": "282.15200", "2014-12-31": "284.86000", "2014-09-30": "284.18000", "2014-06-30": "285.72000", "2014-03-31": "288.11600", "2013-12-31": "298.44600", "2013-09-30": "295.79000", "2013-06-30": "300.61000", "2013-03-31": "304.63200", "2012-12-31": "316.16800", "2012-09-30": "314.21600", "2012-06-30": "317.96200", "2012-03-31": "321.89000", "2011-12-31": "337.18000", "2011-09-30": "334.72600", "2011-06-30": "341.36800", "2011-03-31": "345.84200", "2010-12-31": "367.07600", "2010-09-30": "364.31600", "2010-06-30": "373.83600", "2010-03-31": "377.75200", "2009-12-31": "379.95600", "2009-09-30": "381.40400", "2009-06-30": "379.92400", "2009-03-31": "378.69200", "2008-12-31": "388.07600", "2008-09-30": "386.41600", "2008-06-30": "393.83600", "2008-03-31": "394.35600", "2007-12-31": "411.04000", "2007-09-30": "411.98800", "2007-06-30": "412.66000", "2007-03-31": "415.26000", "2006-12-31": "419.80400", "2006-09-30": "419.60400", "2006-06-30": "420.82000", "2006-03-31": "420.21200", "2005-12-31": "438.92800", "2005-09-30": "434.32000", "2005-06-30": "445.93200", "2005-03-31": "456.14400"}, "Basic EPS": {"2020-12-31": "0.69000", "2020-09-30": "0.74000", "2020-06-30": "0.29000", "2020-03-31": "0.07000", "2019-12-31": "0.49000", "2019-09-30": "0.28000", "2019-06-30": "0.59000", "2019-03-31": "0.35000", "2018-12-31": "0.45000", "2018-09-30": "0.17000", "2018-06-30": "0.34000", "2018-03-31": "0.36000", "2017-12-31": "0.46000", "2017-09-30": "0.14000", "2017-06-30": "0.28000", "2017-03-31": "0.19000", "2016-12-31": "0.11000", "2016-09-30": "0.09000", "2016-06-30": "1.08000", "2016-03-31": "-0.45000", "2015-12-31": "0.20500", "2015-09-30": "0.16000", "2015-06-30": "0.58000", "2015-03-31": "0.07500", "2014-12-31": "0.27500", "2014-09-30": "0.53500", "2014-06-30": "0.55000", "2014-03-31": "0.33500", "2013-12-31": "0.43000", "2013-09-30": "0.40000", "2013-06-30": "0.32500", "2013-03-31": "0.24000", "2012-12-31": "0.17500", "2012-09-30": "0.37500", "2012-06-30": "0.45000", "2012-03-31": "0.28000", "2011-12-31": "0.24000", "2011-09-30": "0.40500", "2011-06-30": "0.43000", "2011-03-31": "0.27000", "2010-12-31": "0.26500", "2010-09-30": "0.63500", "2010-06-30": "0.18500", "2010-03-31": "0.21000", "2009-12-31": "0.22000", "2009-09-30": "0.27500", "2009-06-30": "0.35500", "2009-03-31": "0.18500", "2008-12-31": "0.09500", "2008-09-30": "0.26750", "2008-06-30": "0.25750", "2008-03-31": "0.21500", "2007-12-31": "0.08750", "2007-09-30": "0.15000", "2007-06-30": "0.26000", "2007-03-31": "0.19750", "2006-12-31": "0.11750", "2006-09-30": "0.26000", "2006-06-30": "0.31250", "2006-03-31": "0.10750", "2005-12-31": "0.13500", "2005-09-30": "0.18500", "2005-06-30": "0.18000", "2005-03-31": "0.13000"}, "EPS - Earnings Per Share": {"2020-12-31": "0.68000", "2020-09-30": "0.72000", "2020-06-30": "0.28000", "2020-03-31": "0.07000", "2019-12-31": "0.47000", "2019-09-30": "0.27000", "2019-06-30": "0.58000", "2019-03-31": "0.34000", "2018-12-31": "0.43000", "2018-09-30": "0.17000", "2018-06-30": "0.34000", "2018-03-31": "0.35000", "2017-12-31": "0.45000", "2017-09-30": "0.13000", "2017-06-30": "0.28000", "2017-03-31": "0.19000", "2016-12-31": "0.11000", "2016-09-30": "0.09000", "2016-06-30": "1.06000", "2016-03-31": "-0.45000", "2015-12-31": "0.20000", "2015-09-30": "0.16000", "2015-06-30": "0.56500", "2015-03-31": "0.07500", "2014-12-31": "0.27000", "2014-09-30": "0.52000", "2014-06-30": "0.53500", "2014-03-31": "0.32500", "2013-12-31": "0.42500", "2013-09-30": "0.39000", "2013-06-30": "0.31500", "2013-03-31": "0.23500", "2012-12-31": "0.17000", "2012-09-30": "0.36500", "2012-06-30": "0.44000", "2012-03-31": "0.27500", "2011-12-31": "0.23500", "2011-09-30": "0.39500", "2011-06-30": "0.42000", "2011-03-31": "0.26500", "2010-12-31": "0.25500", "2010-09-30": "0.62500", "2010-06-30": "0.18500", "2010-03-31": "0.21000", "2009-12-31": "0.21500", "2009-09-30": "0.27250", "2009-06-30": "0.35000", "2009-03-31": "0.18250", "2008-12-31": "0.09500", "2008-09-30": "0.26250", "2008-06-30": "0.25500", "2008-03-31": "0.21250", "2007-12-31": "0.08500", "2007-09-30": "0.14750", "2007-06-30": "0.25750", "2007-03-31": "0.19500", "2006-12-31": "0.11750", "2006-09-30": "0.25500", "2006-06-30": "0.30750", "2006-03-31": "0.10500", "2005-12-31": "0.13250", "2005-09-30": "0.18250", "2005-06-30": "0.17750", "2005-03-31": "0.12750"}}, "balance sheet": {"Cash On Hand": {"2020-12-31": "1366.00000", "2019-12-31": "1798.00000", "2018-12-31": "721.00000", "2017-12-31": "448.00000", "2016-12-31": "597.00000", "2015-12-31": "224.00000", "2014-12-31": "191.40000", "2013-12-31": "416.00000", "2012-12-31": "174.10000", "2011-12-31": "165.80000", "2010-12-31": "152.00000", "2009-12-31": "210.60000", "2008-12-31": "127.40000", "2007-12-31": "151.60000", "2006-12-31": "151.50000", "2005-12-31": "61.00000"}, "Receivables": {"2020-12-31": "1738.00000", "2019-12-31": "1631.00000", "2018-12-31": "1802.00000", "2017-12-31": "1634.00000", "2016-12-31": "1491.00000", "2015-12-31": "885.00000", "2014-12-31": "957.10000", "2013-12-31": "859.40000", "2012-12-31": "930.10000", "2011-12-31": "910.40000", "2010-12-31": "849.70000", "2009-12-31": "534.90000", "2008-12-31": "737.40000", "2007-12-31": "582.70000", "2006-12-31": "579.50000", "2005-12-31": "376.60000"}, "Inventory": {"2020-12-31": "1353.00000", "2019-12-31": "1274.00000", "2018-12-31": "1271.00000", "2017-12-31": "1526.00000", "2016-12-31": "1413.00000", "2015-12-31": "898.00000", "2014-12-31": "1016.70000", "2013-12-31": "1028.30000", "2012-12-31": "1044.40000", "2011-12-31": "1072.50000", "2010-12-31": "1083.90000", "2009-12-31": "881.20000", "2008-12-31": "974.20000", "2007-12-31": "998.10000", "2006-12-31": "935.40000", "2005-12-31": "699.90000"}, "Pre-Paid Expenses": {"2020-12-31": "", "2019-12-31": "", "2018-12-31": "", "2017-12-31": "", "2016-12-31": "", "2015-12-31": "", "2014-12-31": "", "2013-12-31": "", "2012-12-31": "", "2011-12-31": "", "2010-12-31": "", "2009-12-31": "", "2008-12-31": "", "2007-12-31": "", "2006-12-31": "", "2005-12-31": ""}, "Other Current Assets": {"2020-12-31": "218.00000", "2019-12-31": "181.00000", "2018-12-31": "146.00000", "2017-12-31": "150.00000", "2016-12-31": "152.00000", "2015-12-31": "177.00000", "2014-12-31": "", "2013-12-31": "", "2012-12-31": "", "2011-12-31": "", "2010-12-31": "", "2009-12-31": "516.40000", "2008-12-31": "197.00000", "2007-12-31": "", "2006-12-31": "", "2005-12-31": ""}, "Total Current Assets": {"2020-12-31": "4675.00000", "2019-12-31": "4884.00000", "2018-12-31": "3940.00000", "2017-12-31": "3758.00000", "2016-12-31": "3653.00000", "2015-12-31": "2184.00000", "2014-12-31": "2313.50000", "2013-12-31": "2470.90000", "2012-12-31": "2339.40000", "2011-12-31": "2321.90000", "2010-12-31": "2305.70000", "2009-12-31": "2262.20000", "2008-12-31": "2165.30000", "2007-12-31": "1842.90000", "2006-12-31": "1761.30000", "2005-12-31": "1243.90000"}, "Property, Plant, And Equipment": {"2020-12-31": "5351.00000", "2019-12-31": "4470.00000", "2018-12-31": "4542.00000", "2017-12-31": "4610.00000", "2016-12-31": "4387.00000", "2015-12-31": "2686.00000", "2014-12-31": "2430.70000", "2013-12-31": "2372.30000", "2012-12-31": "2276.70000", "2011-12-31": "2220.20000", "2010-12-31": "2048.20000", "2009-12-31": "1751.50000", "2008-12-31": "1866.90000", "2007-12-31": "1941.20000", "2006-12-31": "1876.00000", "2005-12-31": "1556.60000"}, "Long-Term Investments": {"2020-12-31": "", "2019-12-31": "", "2018-12-31": "", "2017-12-31": "", "2016-12-31": "", "2015-12-31": "", "2014-12-31": "", "2013-12-31": "", "2012-12-31": "", "2011-12-31": "", "2010-12-31": "", "2009-12-31": "", "2008-12-31": "", "2007-12-31": "", "2006-12-31": "", "2005-12-31": ""}, "Goodwill And Intangible Assets": {"2020-12-31": "6367.00000", "2019-12-31": "6421.00000", "2018-12-31": "6663.00000", "2017-12-31": "7395.00000", "2016-12-31": "7029.00000", "2015-12-31": "2372.00000", "2014-12-31": "2826.80000", "2013-12-31": "2977.20000", "2012-12-31": "2891.00000", "2011-12-31": "2742.50000", "2010-12-31": "2573.80000", "2009-12-31": "2394.00000", "2008-12-31": "2197.50000", "2007-12-31": "2236.50000", "2006-12-31": "2203.60000", "2005-12-31": "1561.00000"}, "Other Long-Term Assets": {"2020-12-31": "1859.00000", "2019-12-31": "1585.00000", "2018-12-31": "1409.00000", "2017-12-31": "1406.00000", "2016-12-31": "1104.00000", "2015-12-31": "2455.00000", "2014-12-31": "", "2013-12-31": "", "2012-12-31": "", "2011-12-31": "", "2010-12-31": "", "2009-12-31": "80.60000", "2008-12-31": "139.00000", "2007-12-31": "", "2006-12-31": "", "2005-12-31": ""}, "Total Long-Term Assets": {"2020-12-31": "13577.00000", "2019-12-31": "12476.00000", "2018-12-31": "12614.00000", "2017-12-31": "13411.00000", "2016-12-31": "12520.00000", "2015-12-31": "7513.00000", "2014-12-31": "5257.50000", "2013-12-31": "5349.50000", "2012-12-31": "5167.70000", "2011-12-31": "4962.70000", "2010-12-31": "4622.00000", "2009-12-31": "4226.10000", "2008-12-31": "4203.40000", "2007-12-31": "4177.70000", "2006-12-31": "4079.60000", "2005-12-31": "3117.60000"}, "Total Assets": {"2020-12-31": "18252.00000", "2019-12-31": "17360.00000", "2018-12-31": "16554.00000", "2017-12-31": "17169.00000", "2016-12-31": "16173.00000", "2015-12-31": "9697.00000", "2014-12-31": "7571.00000", "2013-12-31": "7820.40000", "2012-12-31": "7507.10000", "2011-12-31": "7284.60000", "2010-12-31": "6927.70000", "2009-12-31": "6488.30000", "2008-12-31": "6368.70000", "2007-12-31": "6020.60000", "2006-12-31": "5840.90000", "2005-12-31": "4361.50000"}, "Total Current Liabilities": {"2020-12-31": "4444.00000", "2019-12-31": "5577.00000", "2018-12-31": "4095.00000", "2017-12-31": "4107.00000", "2016-12-31": "2969.00000", "2015-12-31": "2142.00000", "2014-12-31": "2006.80000", "2013-12-31": "1927.40000", "2012-12-31": "1685.80000", "2011-12-31": "1856.10000", "2010-12-31": "1383.30000", "2009-12-31": "1430.20000", "2008-12-31": "1862.40000", "2007-12-31": "1513.10000", "2006-12-31": "1454.30000", "2005-12-31": "1176.00000"}, "Long Term Debt": {"2020-12-31": "7783.00000", "2019-12-31": "6337.00000", "2018-12-31": "6510.00000", "2017-12-31": "6518.00000", "2016-12-31": "7310.00000", "2015-12-31": "4974.00000", "2014-12-31": "2993.80000", "2013-12-31": "3182.50000", "2012-12-31": "3085.30000", "2011-12-31": "2696.70000", "2010-12-31": "2701.60000", "2009-12-31": "2283.90000", "2008-12-31": "2107.10000", "2007-12-31": "2181.80000", "2006-12-31": "2270.40000", "2005-12-31": "1473.30000"}, "Other Non-Current Liabilities": {"2020-12-31": "2688.00000", "2019-12-31": "380.00000", "2018-12-31": "287.00000", "2017-12-31": "340.00000", "2016-12-31": "417.00000", "2015-12-31": "", "2014-12-31": "", "2013-12-31": "", "2012-12-31": "", "2011-12-31": "", "2010-12-31": "", "2009-12-31": "48.00000", "2008-12-31": "189.70000", "2007-12-31": "", "2006-12-31": "", "2005-12-31": ""}, "Total Long Term Liabilities": {"2020-12-31": "10471.00000", "2019-12-31": "8764.00000", "2018-12-31": "8897.00000", "2017-12-31": "9016.00000", "2016-12-31": "9663.00000", "2015-12-31": "6294.00000", "2014-12-31": "4324.60000", "2013-12-31": "4477.00000", "2012-12-31": "4531.30000", "2011-12-31": "4050.50000", "2010-12-31": "3886.30000", "2009-12-31": "3475.10000", "2008-12-31": "3419.00000", "2007-12-31": "3165.00000", "2006-12-31": "3221.20000", "2005-12-31": "2332.10000"}, "Total Liabilities": {"2020-12-31": "14915.00000", "2019-12-31": "14341.00000", "2018-12-31": "12992.00000", "2017-12-31": "13123.00000", "2016-12-31": "12632.00000", "2015-12-31": "8436.00000", "2014-12-31": "6331.40000", "2013-12-31": "6404.40000", "2012-12-31": "6217.10000", "2011-12-31": "5906.60000", "2010-12-31": "5269.60000", "2009-12-31": "4905.30000", "2008-12-31": "5281.40000", "2007-12-31": "4678.10000", "2006-12-31": "4675.50000", "2005-12-31": "3508.10000"}, "Common Stock Net": {"2020-12-31": "", "2019-12-31": "1178.00000", "2018-12-31": "1157.00000", "2017-12-31": "1084.00000", "2016-12-31": "1038.00000", "2015-12-31": "962.00000", "2014-12-31": "1131.30000", "2013-12-31": "1078.40000", "2012-12-31": "1026.30000", "2011-12-31": "941.70000", "2010-12-31": "893.40000", "2009-12-31": "830.80000", "2008-12-31": "788.00000", "2007-12-31": "760.30000", "2006-12-31": "703.40000", "2005-12-31": "633.60000"}, "Retained Earnings (Accumulated Deficit)": {"2020-12-31": "", "2019-12-31": "5803.00000", "2018-12-31": "5341.00000", "2017-12-31": "4987.00000", "2016-12-31": "4739.00000", "2015-12-31": "4557.00000", "2014-12-31": "4346.90000", "2013-12-31": "3947.70000", "2012-12-31": "3580.80000", "2011-12-31": "3228.30000", "2010-12-31": "2829.80000", "2009-12-31": "2397.10000", "2008-12-31": "2047.10000", "2007-12-31": "1765.00000", "2006-12-31": "1535.30000", "2005-12-31": "1246.00000"}, "Comprehensive Income": {"2020-12-31": "", "2019-12-31": "-910.00000", "2018-12-31": "-835.00000", "2017-12-31": "-656.00000", "2016-12-31": "-941.00000", "2015-12-31": "-640.00000", "2014-12-31": "-522.10000", "2013-12-31": "-249.90000", "2012-12-31": "-352.40000", "2011-12-31": "-335.20000", "2010-12-31": "-82.10000", "2009-12-31": "-63.80000", "2008-12-31": "-182.50000", "2007-12-31": "106.90000", "2006-12-31": "-29.50000", "2005-12-31": "-100.70000"}, "Other Share Holders Equity": {"2020-12-31": "", "2019-12-31": "", "2018-12-31": "", "2017-12-31": "", "2016-12-31": "", "2015-12-31": "", "2014-12-31": "", "2013-12-31": "", "2012-12-31": "", "2011-12-31": "", "2010-12-31": "", "2009-12-31": "", "2008-12-31": "", "2007-12-31": "", "2006-12-31": "", "2005-12-31": ""}, "Share Holder Equity": {"2020-12-31": "3337.00000", "2019-12-31": "3019.00000", "2018-12-31": "3562.00000", "2017-12-31": "4046.00000", "2016-12-31": "3541.00000", "2015-12-31": "1261.00000", "2014-12-31": "1239.60000", "2013-12-31": "1416.00000", "2012-12-31": "1290.00000", "2011-12-31": "1378.00000", "2010-12-31": "1658.10000", "2009-12-31": "1583.00000", "2008-12-31": "1087.30000", "2007-12-31": "1342.50000", "2006-12-31": "1165.40000", "2005-12-31": "853.40000"}, "Total Liabilities And Share Holders Equity": {"2020-12-31": "18252.00000", "2019-12-31": "17360.00000", "2018-12-31": "16554.00000", "2017-12-31": "17169.00000", "2016-12-31": "16173.00000", "2015-12-31": "9697.00000", "2014-12-31": "7571.00000", "2013-12-31": "7820.40000", "2012-12-31": "7507.10000", "2011-12-31": "7284.60000", "2010-12-31": "6927.70000", "2009-12-31": "6488.30000", "2008-12-31": "6368.70000", "2007-12-31": "6020.60000", "2006-12-31": "5840.90000", "2005-12-31": "4361.50000"}}, "balance sheet, quarterly": {"Cash On Hand": {"2020-12-31": "1366.00000", "2020-09-30": "771.00000", "2020-06-30": "643.00000", "2020-03-31": "801.00000", "2019-12-31": "1798.00000", "2019-09-30": "483.00000", "2019-06-30": "764.00000", "2019-03-31": "603.00000", "2018-12-31": "721.00000", "2018-09-30": "598.00000", "2018-06-30": "549.00000", "2018-03-31": "477.00000", "2017-12-31": "448.00000", "2017-09-30": "556.00000", "2017-06-30": "433.00000", "2017-03-31": "458.00000", "2016-12-31": "597.00000", "2016-09-30": "645.00000", "2016-06-30": "6399.00000", "2016-03-31": "205.00000", "2015-12-31": "224.00000", "2015-09-30": "244.40000", "2015-06-30": "227.30000", "2015-03-31": "228.80000", "2014-12-31": "191.40000", "2014-09-30": "189.50000", "2014-06-30": "155.30000", "2014-03-31": "175.40000", "2013-12-31": "416.00000", "2013-09-30": "168.20000", "2013-06-30": "169.50000", "2013-03-31": "208.00000", "2012-12-31": "174.10000", "2012-09-30": "181.20000", "2012-06-30": "123.50000", "2012-03-31": "106.80000", "2011-12-31": "165.80000", "2011-09-30": "190.10000", "2011-06-30": "144.80000", "2011-03-31": "193.10000", "2010-12-31": "152.00000", "2010-09-30": "168.70000", "2010-06-30": "75.00000", "2010-03-31": "391.40000", "2009-12-31": "210.60000", "2009-09-30": "418.10000", "2009-06-30": "59.50000", "2009-03-31": "53.10000", "2008-12-31": "127.40000", "2008-09-30": "113.90000", "2008-06-30": "63.40000", "2008-03-31": "89.90000", "2007-12-31": "151.60000", "2007-09-30": "79.40000", "2007-06-30": "91.90000", "2007-03-31": "51.20000", "2006-12-31": "151.50000", "2006-09-30": "59.10000", "2006-06-30": "52.50000", "2006-03-31": "46.90000", "2005-12-31": "61.00000", "2005-09-30": "90.40000", "2005-06-30": "75.70000", "2005-03-31": "86.80000"}, "Receivables": {"2020-12-31": "1738.00000", "2020-09-30": "1772.00000", "2020-06-30": "1810.00000", "2020-03-31": "1862.00000", "2019-12-31": "1631.00000", "2019-09-30": "1957.00000", "2019-06-30": "1956.00000", "2019-03-31": "1885.00000", "2018-12-31": "1802.00000", "2018-09-30": "1872.00000", "2018-06-30": "2013.00000", "2018-03-31": "2090.00000", "2017-12-31": "1634.00000", "2017-09-30": "1793.00000", "2017-06-30": "1637.00000", "2017-03-31": "1695.00000", "2016-12-31": "1491.00000", "2016-09-30": "1789.00000", "2016-06-30": "1910.00000", "2016-03-31": "1022.00000", "2015-12-31": "885.00000", "2015-09-30": "1097.80000", "2015-06-30": "1192.00000", "2015-03-31": "1043.70000", "2014-12-31": "957.10000", "2014-09-30": "1049.40000", "2014-06-30": "1073.50000", "2014-03-31": "981.10000", "2013-12-31": "859.40000", "2013-09-30": "1087.50000", "2013-06-30": "1123.90000", "2013-03-31": "1057.70000", "2012-12-31": "930.10000", "2012-09-30": "1206.30000", "2012-06-30": "1143.10000", "2012-03-31": "1101.20000", "2011-12-31": "910.40000", "2011-09-30": "1107.60000", "2011-06-30": "1215.10000", "2011-03-31": "1079.60000", "2010-12-31": "849.70000", "2010-09-30": "1121.30000", "2010-06-30": "1062.90000", "2010-03-31": "986.70000", "2009-12-31": "534.90000", "2009-09-30": "1126.20000", "2009-06-30": "892.10000", "2009-03-31": "873.40000", "2008-12-31": "737.40000", "2008-09-30": "773.80000", "2008-06-30": "839.00000", "2008-03-31": "675.10000", "2007-12-31": "582.70000", "2007-09-30": "852.80000", "2007-06-30": "772.40000", "2007-03-31": "698.60000", "2006-12-31": "579.50000", "2006-09-30": "768.20000", "2006-06-30": "770.70000", "2006-03-31": "586.50000", "2005-12-31": "376.60000", "2005-09-30": "561.50000", "2005-06-30": "543.00000", "2005-03-31": "441.00000"}, "Inventory": {"2020-12-31": "1353.00000", "2020-09-30": "1309.00000", "2020-06-30": "1388.00000", "2020-03-31": "1354.00000", "2019-12-31": "1274.00000", "2019-09-30": "1180.00000", "2019-06-30": "1183.00000", "2019-03-31": "1275.00000", "2018-12-31": "1271.00000", "2018-09-30": "1243.00000", "2018-06-30": "1257.00000", "2018-03-31": "1447.00000", "2017-12-31": "1526.00000", "2017-09-30": "1433.00000", "2017-06-30": "1524.00000", "2017-03-31": "1554.00000", "2016-12-31": "1413.00000", "2016-09-30": "1418.00000", "2016-06-30": "1483.00000", "2016-03-31": "956.00000", "2015-12-31": "898.00000", "2015-09-30": "876.00000", "2015-06-30": "929.00000", "2015-03-31": "1033.20000", "2014-12-31": "1016.70000", "2014-09-30": "972.70000", "2014-06-30": "1028.20000", "2014-03-31": "1081.60000", "2013-12-31": "1028.30000", "2013-09-30": "980.30000", "2013-06-30": "1100.40000", "2013-03-31": "1143.60000", "2012-12-31": "1044.40000", "2012-09-30": "993.00000", "2012-06-30": "1035.60000", "2012-03-31": "1124.50000", "2011-12-31": "1072.50000", "2011-09-30": "1094.60000", "2011-06-30": "1196.70000", "2011-03-31": "1245.70000", "2010-12-31": "1083.90000", "2010-09-30": "898.90000", "2010-06-30": "876.20000", "2010-03-31": "1019.40000", "2009-12-31": "881.20000", "2009-09-30": "906.90000", "2009-06-30": "1001.40000", "2009-03-31": "1083.20000", "2008-12-31": "974.20000", "2008-09-30": "1000.90000", "2008-06-30": "1092.80000", "2008-03-31": "1134.00000", "2007-12-31": "998.10000", "2007-09-30": "867.60000", "2007-06-30": "898.80000", "2007-03-31": "1018.70000", "2006-12-31": "935.40000", "2006-09-30": "768.40000", "2006-06-30": "830.30000", "2006-03-31": "861.00000", "2005-12-31": "699.90000", "2005-09-30": "578.20000", "2005-06-30": "657.60000", "2005-03-31": "714.50000"}, "Pre-Paid Expenses": {"2020-12-31": "", "2020-09-30": "", "2020-06-30": "", "2020-03-31": "", "2019-12-31": "", "2019-09-30": "", "2019-06-30": "", "2019-03-31": "", "2018-12-31": "", "2018-09-30": "", "2018-06-30": "", "2018-03-31": "", "2017-12-31": "", "2017-09-30": "", "2017-06-30": "", "2017-03-31": "", "2016-12-31": "", "2016-09-30": "", "2016-06-30": "", "2016-03-31": "", "2015-12-31": "", "2015-09-30": "", "2015-06-30": "", "2015-03-31": "", "2014-12-31": "", "2014-09-30": "", "2014-06-30": "", "2014-03-31": "", "2013-12-31": "", "2013-09-30": "", "2013-06-30": "", "2013-03-31": "", "2012-12-31": "", "2012-09-30": "", "2012-06-30": "", "2012-03-31": "", "2011-12-31": "", "2011-09-30": "", "2011-06-30": "", "2011-03-31": "", "2010-12-31": "", "2010-09-30": "", "2010-06-30": "", "2010-03-31": "", "2009-12-31": "", "2009-09-30": "", "2009-06-30": "", "2009-03-31": "", "2008-12-31": "", "2008-09-30": "", "2008-06-30": "", "2008-03-31": "", "2007-12-31": "", "2007-09-30": "", "2007-06-30": "", "2007-03-31": "", "2006-12-31": "", "2006-09-30": "", "2006-06-30": "", "2006-03-31": "", "2005-12-31": "", "2005-09-30": "", "2005-06-30": "", "2005-03-31": "108.50000"}, "Other Current Assets": {"2020-12-31": "218.00000", "2020-09-30": "173.00000", "2020-06-30": "169.00000", "2020-03-31": "224.00000", "2019-12-31": "181.00000", "2019-09-30": "209.00000", "2019-06-30": "630.00000", "2019-03-31": "636.00000", "2018-12-31": "146.00000", "2018-09-30": "147.00000", "2018-06-30": "1056.00000", "2018-03-31": "146.00000", "2017-12-31": "150.00000", "2017-09-30": "148.00000", "2017-06-30": "171.00000", "2017-03-31": "200.00000", "2016-12-31": "152.00000", "2016-09-30": "252.00000", "2016-06-30": "", "2016-03-31": "", "2015-12-31": "177.00000", "2015-09-30": "", "2015-06-30": "", "2015-03-31": "", "2014-12-31": "", "2014-09-30": "", "2014-06-30": "", "2014-03-31": "", "2013-12-31": "", "2013-09-30": "", "2013-06-30": "", "2013-03-31": "", "2012-12-31": "", "2012-09-30": "", "2012-06-30": "", "2012-03-31": "", "2011-12-31": "", "2011-09-30": "", "2011-06-30": "", "2011-03-31": "", "2010-12-31": "", "2010-09-30": "56.00000", "2010-06-30": "400.00000", "2010-03-31": "78.20000", "2009-12-31": "516.40000", "2009-09-30": "113.40000", "2009-06-30": "146.30000", "2009-03-31": "205.10000", "2008-12-31": "197.00000", "2008-09-30": "", "2008-06-30": "", "2008-03-31": "", "2007-12-31": "", "2007-09-30": "", "2007-06-30": "", "2007-03-31": "", "2006-12-31": "", "2006-09-30": "", "2006-06-30": "", "2006-03-31": "", "2005-12-31": "", "2005-09-30": "", "2005-06-30": "", "2005-03-31": ""}, "Total Current Assets": {"2020-12-31": "4675.00000", "2020-09-30": "4025.00000", "2020-06-30": "4010.00000", "2020-03-31": "4241.00000", "2019-12-31": "4884.00000", "2019-09-30": "3829.00000", "2019-06-30": "4533.00000", "2019-03-31": "4399.00000", "2018-12-31": "3940.00000", "2018-09-30": "3860.00000", "2018-06-30": "4875.00000", "2018-03-31": "4160.00000", "2017-12-31": "3758.00000", "2017-09-30": "3930.00000", "2017-06-30": "3765.00000", "2017-03-31": "3907.00000", "2016-12-31": "3653.00000", "2016-09-30": "4104.00000", "2016-06-30": "10086.00000", "2016-03-31": "2323.00000", "2015-12-31": "2184.00000", "2015-09-30": "2382.60000", "2015-06-30": "2505.10000", "2015-03-31": "2467.90000", "2014-12-31": "2313.50000", "2014-09-30": "2378.80000", "2014-06-30": "2419.80000", "2014-03-31": "2404.30000", "2013-12-31": "2470.90000", "2013-09-30": "2425.40000", "2013-06-30": "2619.50000", "2013-03-31": "2622.70000", "2012-12-31": "2339.40000", "2012-09-30": "2570.30000", "2012-06-30": "2511.70000", "2012-03-31": "2516.80000", "2011-12-31": "2321.90000", "2011-09-30": "2573.90000", "2011-06-30": "2724.60000", "2011-03-31": "2714.40000", "2010-12-31": "2305.70000", "2010-09-30": "2358.10000", "2010-06-30": "2549.90000", "2010-03-31": "2587.50000", "2009-12-31": "2262.20000", "2009-09-30": "2677.10000", "2009-06-30": "2211.90000", "2009-03-31": "2326.40000", "2008-12-31": "2165.30000", "2008-09-30": "2016.80000", "2008-06-30": "2165.40000", "2008-03-31": "2055.20000", "2007-12-31": "1842.90000", "2007-09-30": "1879.90000", "2007-06-30": "1856.50000", "2007-03-31": "1859.20000", "2006-12-31": "1761.30000", "2006-09-30": "1694.40000", "2006-06-30": "1792.50000", "2006-03-31": "1597.90000", "2005-12-31": "1243.90000", "2005-09-30": "1326.10000", "2005-06-30": "1364.80000", "2005-03-31": "1435.90000"}, "Property, Plant, And Equipment": {"2020-12-31": "5351.00000", "2020-09-30": "4895.00000", "2020-06-30": "4662.00000", "2020-03-31": "4499.00000", "2019-12-31": "4470.00000", "2019-09-30": "4320.00000", "2019-06-30": "4385.00000", "2019-03-31": "4360.00000", "2018-12-31": "4542.00000", "2018-09-30": "4508.00000", "2018-06-30": "4473.00000", "2018-03-31": "4727.00000", "2017-12-31": "4610.00000", "2017-09-30": "4525.00000", "2017-06-30": "4424.00000", "2017-03-31": "4403.00000", "2016-12-31": "4387.00000", "2016-09-30": "4440.00000", "2016-06-30": "4396.00000", "2016-03-31": "2730.00000", "2015-12-31": "2686.00000", "2015-09-30": "2547.30000", "2015-06-30": "2483.40000", "2015-03-31": "2423.60000", "2014-12-31": "2430.70000", "2014-09-30": "2371.10000", "2014-06-30": "2383.30000", "2014-03-31": "2360.20000", "2013-12-31": "2372.30000", "2013-09-30": "2360.10000", "2013-06-30": "2306.10000", "2013-03-31": "2293.50000", "2012-12-31": "2276.70000", "2012-09-30": "2220.20000", "2012-06-30": "2203.70000", "2012-03-31": "2255.60000", "2011-12-31": "2220.20000", "2011-09-30": "2242.50000", "2011-06-30": "2263.00000", "2011-03-31": "2217.00000", "2010-12-31": "2048.20000", "2010-09-30": "1996.10000", "2010-06-30": "1656.30000", "2010-03-31": "1875.70000", "2009-12-31": "1751.50000", "2009-09-30": "1812.10000", "2009-06-30": "1822.50000", "2009-03-31": "1813.80000", "2008-12-31": "1866.90000", "2008-09-30": "1934.50000", "2008-06-30": "2016.00000", "2008-03-31": "1999.90000", "2007-12-31": "1941.20000", "2007-09-30": "1941.00000", "2007-06-30": "1913.80000", "2007-03-31": "1889.20000", "2006-12-31": "1876.00000", "2006-09-30": "1821.60000", "2006-06-30": "1831.40000", "2006-03-31": "1821.10000", "2005-12-31": "1556.60000", "2005-09-30": "1507.30000", "2005-06-30": "1504.50000", "2005-03-31": "1534.80000"}, "Long-Term Investments": {"2020-12-31": "", "2020-09-30": "", "2020-06-30": "", "2020-03-31": "", "2019-12-31": "", "2019-09-30": "", "2019-06-30": "", "2019-03-31": "", "2018-12-31": "", "2018-09-30": "", "2018-06-30": "", "2018-03-31": "", "2017-12-31": "", "2017-09-30": "", "2017-06-30": "", "2017-03-31": "", "2016-12-31": "", "2016-09-30": "", "2016-06-30": "", "2016-03-31": "", "2015-12-31": "", "2015-09-30": "", "2015-06-30": "", "2015-03-31": "", "2014-12-31": "", "2014-09-30": "", "2014-06-30": "", "2014-03-31": "", "2013-12-31": "", "2013-09-30": "", "2013-06-30": "", "2013-03-31": "", "2012-12-31": "", "2012-09-30": "", "2012-06-30": "", "2012-03-31": "", "2011-12-31": "", "2011-09-30": "", "2011-06-30": "", "2011-03-31": "", "2010-12-31": "", "2010-09-30": "", "2010-06-30": "", "2010-03-31": "", "2009-12-31": "", "2009-09-30": "", "2009-06-30": "", "2009-03-31": "", "2008-12-31": "", "2008-09-30": "", "2008-06-30": "", "2008-03-31": "", "2007-12-31": "", "2007-09-30": "", "2007-06-30": "", "2007-03-31": "", "2006-12-31": "", "2006-09-30": "", "2006-06-30": "", "2006-03-31": "", "2005-12-31": "", "2005-09-30": "", "2005-06-30": "", "2005-03-31": ""}, "Goodwill And Intangible Assets": {"2020-12-31": "6367.00000", "2020-09-30": "6298.00000", "2020-06-30": "6216.00000", "2020-03-31": "6184.00000", "2019-12-31": "6421.00000", "2019-09-30": "6398.00000", "2019-06-30": "6537.00000", "2019-03-31": "6547.00000", "2018-12-31": "6663.00000", "2018-09-30": "6744.00000", "2018-06-30": "6821.00000", "2018-03-31": "7402.00000", "2017-12-31": "7395.00000", "2017-09-30": "7398.00000", "2017-06-30": "7370.00000", "2017-03-31": "7069.00000", "2016-12-31": "7029.00000", "2016-09-30": "7257.00000", "2016-06-30": "7235.00000", "2016-03-31": "2907.00000", "2015-12-31": "2372.00000", "2015-09-30": "2797.10000", "2015-06-30": "2864.40000", "2015-03-31": "2769.00000", "2014-12-31": "2826.80000", "2014-09-30": "2865.00000", "2014-06-30": "2968.30000", "2014-03-31": "2980.00000", "2013-12-31": "2977.20000", "2013-09-30": "2923.70000", "2013-06-30": "2890.00000", "2013-03-31": "2859.80000", "2012-12-31": "2891.00000", "2012-09-30": "2733.50000", "2012-06-30": "2724.10000", "2012-03-31": "2787.00000", "2011-12-31": "2742.50000", "2011-09-30": "2722.00000", "2011-06-30": "2862.80000", "2011-03-31": "2851.60000", "2010-12-31": "2573.80000", "2010-09-30": "2543.10000", "2010-06-30": "2349.00000", "2010-03-31": "2488.50000", "2009-12-31": "2394.00000", "2009-09-30": "2231.60000", "2009-06-30": "2174.50000", "2009-03-31": "2147.20000", "2008-12-31": "2197.50000", "2008-09-30": "2260.40000", "2008-06-30": "2399.20000", "2008-03-31": "2391.10000", "2007-12-31": "2236.50000", "2007-09-30": "2194.50000", "2007-06-30": "2154.80000", "2007-03-31": "2169.60000", "2006-12-31": "2203.60000", "2006-09-30": "2212.70000", "2006-06-30": "2228.90000", "2006-03-31": "2155.60000", "2005-12-31": "1561.00000", "2005-09-30": "1543.00000", "2005-06-30": "1560.70000", "2005-03-31": "1647.60000"}, "Other Long-Term Assets": {"2020-12-31": "1859.00000", "2020-09-30": "1754.00000", "2020-06-30": "1722.00000", "2020-03-31": "1621.00000", "2019-12-31": "1585.00000", "2019-09-30": "1690.00000", "2019-06-30": "1654.00000", "2019-03-31": "1617.00000", "2018-12-31": "1409.00000", "2018-09-30": "1358.00000", "2018-06-30": "1366.00000", "2018-03-31": "1442.00000", "2017-12-31": "1406.00000", "2017-09-30": "1150.00000", "2017-06-30": "1162.00000", "2017-03-31": "1265.00000", "2016-12-31": "1104.00000", "2016-09-30": "1259.00000", "2016-06-30": "3360.00000", "2016-03-31": "2099.00000", "2015-12-31": "2455.00000", "2015-09-30": "", "2015-06-30": "", "2015-03-31": "", "2014-12-31": "", "2014-09-30": "", "2014-06-30": "", "2014-03-31": "", "2013-12-31": "", "2013-09-30": "", "2013-06-30": "", "2013-03-31": "", "2012-12-31": "", "2012-09-30": "", "2012-06-30": "", "2012-03-31": "", "2011-12-31": "", "2011-09-30": "", "2011-06-30": "", "2011-03-31": "", "2010-12-31": "", "2010-09-30": "81.80000", "2010-06-30": "63.10000", "2010-03-31": "84.00000", "2009-12-31": "80.60000", "2009-09-30": "71.30000", "2009-06-30": "97.70000", "2009-03-31": "137.20000", "2008-12-31": "139.00000", "2008-09-30": "", "2008-06-30": "", "2008-03-31": "", "2007-12-31": "", "2007-09-30": "", "2007-06-30": "", "2007-03-31": "", "2006-12-31": "", "2006-09-30": "", "2006-06-30": "", "2006-03-31": "", "2005-12-31": "", "2005-09-30": "", "2005-06-30": "", "2005-03-31": ""}, "Total Long-Term Assets": {"2020-12-31": "13577.00000", "2020-09-30": "12947.00000", "2020-06-30": "12600.00000", "2020-03-31": "12304.00000", "2019-12-31": "12476.00000", "2019-09-30": "12408.00000", "2019-06-30": "12576.00000", "2019-03-31": "12524.00000", "2018-12-31": "12614.00000", "2018-09-30": "12610.00000", "2018-06-30": "12660.00000", "2018-03-31": "13571.00000", "2017-12-31": "13411.00000", "2017-09-30": "13073.00000", "2017-06-30": "12956.00000", "2017-03-31": "12737.00000", "2016-12-31": "12520.00000", "2016-09-30": "12956.00000", "2016-06-30": "14991.00000", "2016-03-31": "7736.00000", "2015-12-31": "7513.00000", "2015-09-30": "5344.40000", "2015-06-30": "5347.80000", "2015-03-31": "5192.60000", "2014-12-31": "5257.50000", "2014-09-30": "5236.10000", "2014-06-30": "5351.60000", "2014-03-31": "5340.20000", "2013-12-31": "5349.50000", "2013-09-30": "5283.80000", "2013-06-30": "5196.10000", "2013-03-31": "5153.30000", "2012-12-31": "5167.70000", "2012-09-30": "4953.70000", "2012-06-30": "4927.80000", "2012-03-31": "5042.60000", "2011-12-31": "4962.70000", "2011-09-30": "4964.50000", "2011-06-30": "5125.80000", "2011-03-31": "5068.60000", "2010-12-31": "4622.00000", "2010-09-30": "4621.00000", "2010-06-30": "4068.40000", "2010-03-31": "4448.20000", "2009-12-31": "4226.10000", "2009-09-30": "4115.00000", "2009-06-30": "4094.70000", "2009-03-31": "4098.20000", "2008-12-31": "4203.40000", "2008-09-30": "4194.90000", "2008-06-30": "4415.20000", "2008-03-31": "4391.00000", "2007-12-31": "4177.70000", "2007-09-30": "4135.50000", "2007-06-30": "4068.60000", "2007-03-31": "4058.80000", "2006-12-31": "4079.60000", "2006-09-30": "4034.30000", "2006-06-30": "4060.30000", "2006-03-31": "3976.70000", "2005-12-31": "3117.60000", "2005-09-30": "3050.30000", "2005-06-30": "3065.20000", "2005-03-31": "3182.40000"}, "Total Assets": {"2020-12-31": "18252.00000", "2020-09-30": "16972.00000", "2020-06-30": "16610.00000", "2020-03-31": "16545.00000", "2019-12-31": "17360.00000", "2019-09-30": "16237.00000", "2019-06-30": "17109.00000", "2019-03-31": "16923.00000", "2018-12-31": "16554.00000", "2018-09-30": "16470.00000", "2018-06-30": "17535.00000", "2018-03-31": "17731.00000", "2017-12-31": "17169.00000", "2017-09-30": "17003.00000", "2017-06-30": "16721.00000", "2017-03-31": "16644.00000", "2016-12-31": "16173.00000", "2016-09-30": "17060.00000", "2016-06-30": "25077.00000", "2016-03-31": "10059.00000", "2015-12-31": "9697.00000", "2015-09-30": "7727.00000", "2015-06-30": "7852.90000", "2015-03-31": "7660.50000", "2014-12-31": "7571.00000", "2014-09-30": "7614.90000", "2014-06-30": "7771.40000", "2014-03-31": "7744.50000", "2013-12-31": "7820.40000", "2013-09-30": "7709.20000", "2013-06-30": "7815.60000", "2013-03-31": "7776.00000", "2012-12-31": "7507.10000", "2012-09-30": "7524.00000", "2012-06-30": "7439.50000", "2012-03-31": "7559.40000", "2011-12-31": "7284.60000", "2011-09-30": "7538.40000", "2011-06-30": "7850.40000", "2011-03-31": "7783.00000", "2010-12-31": "6927.70000", "2010-09-30": "6979.10000", "2010-06-30": "6618.30000", "2010-03-31": "7035.70000", "2009-12-31": "6488.30000", "2009-09-30": "6792.10000", "2009-06-30": "6306.60000", "2009-03-31": "6424.60000", "2008-12-31": "6368.70000", "2008-09-30": "6211.70000", "2008-06-30": "6580.60000", "2008-03-31": "6446.20000", "2007-12-31": "6020.60000", "2007-09-30": "6015.40000", "2007-06-30": "5925.10000", "2007-03-31": "5918.00000", "2006-12-31": "5840.90000", "2006-09-30": "5728.70000", "2006-06-30": "5852.80000", "2006-03-31": "5574.60000", "2005-12-31": "4361.50000", "2005-09-30": "4376.40000", "2005-06-30": "4430.00000", "2005-03-31": "4618.30000"}, "Total Current Liabilities": {"2020-12-31": "4444.00000", "2020-09-30": "3764.00000", "2020-06-30": "4126.00000", "2020-03-31": "4003.00000", "2019-12-31": "5577.00000", "2019-09-30": "3773.00000", "2019-06-30": "4134.00000", "2019-03-31": "4035.00000", "2018-12-31": "4095.00000", "2018-09-30": "3813.00000", "2018-06-30": "3954.00000", "2018-03-31": "3905.00000", "2017-12-31": "4107.00000", "2017-09-30": "3778.00000", "2017-06-30": "3350.00000", "2017-03-31": "3018.00000", "2016-12-31": "2969.00000", "2016-09-30": "2943.00000", "2016-06-30": "10353.00000", "2016-03-31": "2232.00000", "2015-12-31": "2142.00000", "2015-09-30": "2279.60000", "2015-06-30": "2192.30000", "2015-03-31": "2039.30000", "2014-12-31": "2006.80000", "2014-09-30": "2021.90000", "2014-06-30": "1973.60000", "2014-03-31": "1821.30000", "2013-12-31": "1927.40000", "2013-09-30": "1570.20000", "2013-06-30": "1767.40000", "2013-03-31": "1742.90000", "2012-12-31": "1685.80000", "2012-09-30": "1830.10000", "2012-06-30": "1888.50000", "2012-03-31": "1812.50000", "2011-12-31": "1856.10000", "2011-09-30": "1785.60000", "2011-06-30": "1751.80000", "2011-03-31": "1683.40000", "2010-12-31": "1383.30000", "2010-09-30": "1935.30000", "2010-06-30": "1880.80000", "2010-03-31": "2041.40000", "2009-12-31": "1430.20000", "2009-09-30": "1552.10000", "2009-06-30": "1746.70000", "2009-03-31": "1697.60000", "2008-12-31": "1862.40000", "2008-09-30": "1364.70000", "2008-06-30": "1588.50000", "2008-03-31": "1495.80000", "2007-12-31": "1513.10000", "2007-09-30": "1424.80000", "2007-06-30": "1335.50000", "2007-03-31": "1334.00000", "2006-12-31": "1454.30000", "2006-09-30": "1269.00000", "2006-06-30": "1340.50000", "2006-03-31": "1183.80000", "2005-12-31": "1176.00000", "2005-09-30": "1163.70000", "2005-06-30": "1082.60000", "2005-03-31": "1019.30000"}, "Long Term Debt": {"2020-12-31": "7783.00000", "2020-09-30": "7679.00000", "2020-06-30": "7158.00000", "2020-03-31": "7476.00000", "2019-12-31": "6337.00000", "2019-09-30": "6623.00000", "2019-06-30": "6916.00000", "2019-03-31": "6719.00000", "2018-12-31": "6510.00000", "2018-09-30": "6523.00000", "2018-06-30": "7171.00000", "2018-03-31": "7131.00000", "2017-12-31": "6518.00000", "2017-09-30": "7104.00000", "2017-06-30": "7226.00000", "2017-03-31": "7476.00000", "2016-12-31": "7310.00000", "2016-09-30": "7724.00000", "2016-06-30": "8234.00000", "2016-03-31": "5408.00000", "2015-12-31": "4974.00000", "2015-09-30": "2879.40000", "2015-06-30": "2982.10000", "2015-03-31": "3152.10000", "2014-12-31": "2993.80000", "2014-09-30": "3009.00000", "2014-06-30": "3129.20000", "2014-03-31": "3357.70000", "2013-12-31": "3182.50000", "2013-09-30": "3417.50000", "2013-06-30": "3472.60000", "2013-03-31": "3405.30000", "2012-12-31": "3085.30000", "2012-09-30": "2932.10000", "2012-06-30": "2963.50000", "2012-03-31": "3130.50000", "2011-12-31": "2696.70000", "2011-09-30": "2977.50000", "2011-06-30": "3124.90000", "2011-03-31": "3197.30000", "2010-12-31": "2701.60000", "2010-09-30": "2054.80000", "2010-06-30": "2157.10000", "2010-03-31": "2317.90000", "2009-12-31": "2283.90000", "2009-09-30": "2532.70000", "2009-06-30": "2014.00000", "2009-03-31": "2357.10000", "2008-12-31": "2107.10000", "2008-09-30": "2438.00000", "2008-06-30": "2415.30000", "2008-03-31": "2450.50000", "2007-12-31": "2181.80000", "2007-09-30": "2228.90000", "2007-06-30": "2233.00000", "2007-03-31": "2360.70000", "2006-12-31": "2270.40000", "2006-09-30": "2411.70000", "2006-06-30": "2513.00000", "2006-03-31": "2533.70000", "2005-12-31": "1473.30000", "2005-09-30": "1555.60000", "2005-06-30": "1588.00000", "2005-03-31": "1631.00000"}, "Other Non-Current Liabilities": {"2020-12-31": "2688.00000", "2020-09-30": "414.00000", "2020-06-30": "369.00000", "2020-03-31": "384.00000", "2019-12-31": "380.00000", "2019-09-30": "391.00000", "2019-06-30": "424.00000", "2019-03-31": "416.00000", "2018-12-31": "287.00000", "2018-09-30": "296.00000", "2018-06-30": "297.00000", "2018-03-31": "383.00000", "2017-12-31": "340.00000", "2017-09-30": "422.00000", "2017-06-30": "373.00000", "2017-03-31": "85.00000", "2016-12-31": "417.00000", "2016-09-30": "", "2016-06-30": "", "2016-03-31": "", "2015-12-31": "", "2015-09-30": "", "2015-06-30": "", "2015-03-31": "", "2014-12-31": "", "2014-09-30": "", "2014-06-30": "", "2014-03-31": "", "2013-12-31": "", "2013-09-30": "", "2013-06-30": "", "2013-03-31": "", "2012-12-31": "", "2012-09-30": "", "2012-06-30": "", "2012-03-31": "", "2011-12-31": "", "2011-09-30": "", "2011-06-30": "", "2011-03-31": "", "2010-12-31": "", "2010-09-30": "25.90000", "2010-06-30": "32.40000", "2010-03-31": "36.90000", "2009-12-31": "48.00000", "2009-09-30": "116.50000", "2009-06-30": "144.80000", "2009-03-31": "191.60000", "2008-12-31": "189.70000", "2008-09-30": "", "2008-06-30": "", "2008-03-31": "", "2007-12-31": "", "2007-09-30": "", "2007-06-30": "", "2007-03-31": "", "2006-12-31": "", "2006-09-30": "", "2006-06-30": "", "2006-03-31": "", "2005-12-31": "", "2005-09-30": "", "2005-06-30": "", "2005-03-31": ""}, "Total Long Term Liabilities": {"2020-12-31": "10471.00000", "2020-09-30": "10255.00000", "2020-06-30": "9654.00000", "2020-03-31": "9842.00000", "2019-12-31": "8764.00000", "2019-09-30": "8999.00000", "2019-06-30": "9411.00000", "2019-03-31": "9239.00000", "2018-12-31": "8897.00000", "2018-09-30": "8912.00000", "2018-06-30": "9586.00000", "2018-03-31": "9688.00000", "2017-12-31": "9016.00000", "2017-09-30": "9587.00000", "2017-06-30": "9661.00000", "2017-03-31": "9903.00000", "2016-12-31": "9663.00000", "2016-09-30": "10297.00000", "2016-06-30": "10890.00000", "2016-03-31": "6749.00000", "2015-12-31": "6294.00000", "2015-09-30": "4204.00000", "2015-06-30": "4317.80000", "2015-03-31": "4467.80000", "2014-12-31": "4324.60000", "2014-09-30": "4178.30000", "2014-06-30": "4391.20000", "2014-03-31": "4641.10000", "2013-12-31": "4477.00000", "2013-09-30": "4822.20000", "2013-06-30": "4840.80000", "2013-03-31": "4775.60000", "2012-12-31": "4531.30000", "2012-09-30": "4223.80000", "2012-06-30": "4209.60000", "2012-03-31": "4398.20000", "2011-12-31": "4050.50000", "2011-09-30": "4184.80000", "2011-06-30": "4363.80000", "2011-03-31": "4417.30000", "2010-12-31": "3886.30000", "2010-09-30": "3303.40000", "2010-06-30": "3291.10000", "2010-03-31": "3481.90000", "2009-12-31": "3475.10000", "2009-09-30": "3760.90000", "2009-06-30": "3250.10000", "2009-03-31": "3615.00000", "2008-12-31": "3419.00000", "2008-09-30": "3440.40000", "2008-06-30": "3468.90000", "2008-03-31": "3493.10000", "2007-12-31": "3165.00000", "2007-09-30": "3233.30000", "2007-06-30": "3244.00000", "2007-03-31": "3368.60000", "2006-12-31": "3221.20000", "2006-09-30": "3339.80000", "2006-06-30": "3462.00000", "2006-03-31": "3499.30000", "2005-12-31": "2332.10000", "2005-09-30": "2337.50000", "2005-06-30": "2394.70000", "2005-03-31": "2478.20000"}, "Total Liabilities": {"2020-12-31": "14915.00000", "2020-09-30": "14019.00000", "2020-06-30": "13780.00000", "2020-03-31": "13845.00000", "2019-12-31": "14341.00000", "2019-09-30": "12772.00000", "2019-06-30": "13545.00000", "2019-03-31": "13274.00000", "2018-12-31": "12992.00000", "2018-09-30": "12725.00000", "2018-06-30": "13540.00000", "2018-03-31": "13593.00000", "2017-12-31": "13123.00000", "2017-09-30": "13365.00000", "2017-06-30": "13011.00000", "2017-03-31": "12921.00000", "2016-12-31": "12632.00000", "2016-09-30": "13240.00000", "2016-06-30": "21243.00000", "2016-03-31": "8981.00000", "2015-12-31": "8436.00000", "2015-09-30": "6483.60000", "2015-06-30": "6510.10000", "2015-03-31": "6507.10000", "2014-12-31": "6331.40000", "2014-09-30": "6200.20000", "2014-06-30": "6364.80000", "2014-03-31": "6462.40000", "2013-12-31": "6404.40000", "2013-09-30": "6392.40000", "2013-06-30": "6608.20000", "2013-03-31": "6518.50000", "2012-12-31": "6217.10000", "2012-09-30": "6053.90000", "2012-06-30": "6098.10000", "2012-03-31": "6210.70000", "2011-12-31": "5906.60000", "2011-09-30": "5970.40000", "2011-06-30": "6115.60000", "2011-03-31": "6100.70000", "2010-12-31": "5269.60000", "2010-09-30": "5238.70000", "2010-06-30": "5171.90000", "2010-03-31": "5523.30000", "2009-12-31": "4905.30000", "2009-09-30": "5313.00000", "2009-06-30": "4996.80000", "2009-03-31": "5312.60000", "2008-12-31": "5281.40000", "2008-09-30": "4805.10000", "2008-06-30": "5057.40000", "2008-03-31": "4988.90000", "2007-12-31": "4678.10000", "2007-09-30": "4658.10000", "2007-06-30": "4579.50000", "2007-03-31": "4702.60000", "2006-12-31": "4675.50000", "2006-09-30": "4608.80000", "2006-06-30": "4802.50000", "2006-03-31": "4683.10000", "2005-12-31": "3508.10000", "2005-09-30": "3501.20000", "2005-06-30": "3477.30000", "2005-03-31": "3497.50000"}, "Common Stock Net": {"2020-12-31": "", "2020-09-30": "1164.00000", "2020-06-30": "1153.00000", "2020-03-31": "1151.00000", "2019-12-31": "1178.00000", "2019-09-30": "1177.00000", "2019-06-30": "1172.00000", "2019-03-31": "1154.00000", "2018-12-31": "1157.00000", "2018-09-30": "1142.00000", "2018-06-30": "1120.00000", "2018-03-31": "1100.00000", "2017-12-31": "1084.00000", "2017-09-30": "1072.00000", "2017-06-30": "1060.00000", "2017-03-31": "1040.00000", "2016-12-31": "1038.00000", "2016-09-30": "1019.00000", "2016-06-30": "995.00000", "2016-03-31": "978.00000", "2015-12-31": "962.00000", "2015-09-30": "1171.30000", "2015-06-30": "1160.40000", "2015-03-31": "1149.80000", "2014-12-31": "1131.30000", "2014-09-30": "1119.30000", "2014-06-30": "1105.70000", "2014-03-31": "1093.30000", "2013-12-31": "1078.40000", "2013-09-30": "1068.30000", "2013-06-30": "1056.00000", "2013-03-31": "1046.80000", "2012-12-31": "1026.30000", "2012-09-30": "1008.30000", "2012-06-30": "993.70000", "2012-03-31": "977.80000", "2011-12-31": "941.70000", "2011-09-30": "931.20000", "2011-06-30": "922.10000", "2011-03-31": "910.50000", "2010-12-31": "893.40000", "2010-09-30": "876.50000", "2010-06-30": "859.90000", "2010-03-31": "843.30000", "2009-12-31": "830.80000", "2009-09-30": "820.80000", "2009-06-30": "804.40000", "2009-03-31": "795.60000", "2008-12-31": "788.00000", "2008-09-30": "782.80000", "2008-06-30": "778.50000", "2008-03-31": "767.40000", "2007-12-31": "760.30000", "2007-09-30": "752.10000", "2007-06-30": "740.50000", "2007-03-31": "724.80000", "2006-12-31": "703.40000", "2006-09-30": "694.10000", "2006-06-30": "685.20000", "2006-03-31": "678.20000", "2005-12-31": "633.60000", "2005-09-30": "623.50000", "2005-06-30": "618.20000", "2005-03-31": "621.20000"}, "Retained Earnings (Accumulated Deficit)": {"2020-12-31": "", "2020-09-30": "6014.00000", "2020-06-30": "5822.00000", "2020-03-31": "5777.00000", "2019-12-31": "5803.00000", "2019-09-30": "5694.00000", "2019-06-30": "5651.00000", "2019-03-31": "5504.00000", "2018-12-31": "5341.00000", "2018-09-30": "5224.00000", "2018-06-30": "5199.00000", "2018-03-31": "5114.00000", "2017-12-31": "4987.00000", "2017-09-30": "4863.00000", "2017-06-30": "4849.00000", "2017-03-31": "4784.00000", "2016-12-31": "4739.00000", "2016-09-30": "4708.00000", "2016-06-30": "4733.00000", "2016-03-31": "4412.00000", "2015-12-31": "4557.00000", "2015-09-30": "4519.60000", "2015-06-30": "4492.70000", "2015-03-31": "4349.80000", "2014-12-31": "4346.90000", "2014-09-30": "4288.10000", "2014-06-30": "4158.30000", "2014-03-31": "3989.20000", "2013-12-31": "3947.70000", "2013-09-30": "3807.30000", "2013-06-30": "3710.30000", "2013-03-31": "3633.90000", "2012-12-31": "3580.80000", "2012-09-30": "3525.60000", "2012-06-30": "3424.70000", "2012-03-31": "3300.90000", "2011-12-31": "3228.30000", "2011-09-30": "3162.00000", "2011-06-30": "3040.40000", "2011-03-31": "2909.20000", "2010-12-31": "2829.80000", "2010-09-30": "2745.30000", "2010-06-30": "2526.90000", "2010-03-31": "2467.10000", "2009-12-31": "2397.10000", "2009-09-30": "2325.20000", "2009-06-30": "2231.00000", "2009-03-31": "2107.10000", "2008-12-31": "2047.10000", "2008-09-30": "2022.00000", "2008-06-30": "1929.50000", "2008-03-31": "1839.10000", "2007-12-31": "1765.00000", "2007-09-30": "1741.00000", "2007-06-30": "1690.20000", "2007-03-31": "1594.70000", "2006-12-31": "1535.30000", "2006-09-30": "1475.60000", "2006-06-30": "1384.60000", "2006-03-31": "1262.30000", "2005-12-31": "1246.00000", "2005-09-30": "1192.10000", "2005-06-30": "1123.30000", "2005-03-31": "1055.00000"}, "Comprehensive Income": {"2020-12-31": "", "2020-09-30": "-1155.00000", "2020-06-30": "-1068.00000", "2020-03-31": "-1139.00000", "2019-12-31": "-910.00000", "2019-09-30": "-716.00000", "2019-06-30": "-797.00000", "2019-03-31": "-789.00000", "2018-12-31": "-835.00000", "2018-09-30": "-800.00000", "2018-06-30": "-767.00000", "2018-03-31": "-673.00000", "2017-12-31": "-656.00000", "2017-09-30": "-925.00000", "2017-06-30": "-919.00000", "2017-03-31": "-813.00000", "2016-12-31": "-941.00000", "2016-09-30": "-616.00000", "2016-06-30": "-593.00000", "2016-03-31": "-609.00000", "2015-12-31": "-640.00000", "2015-09-30": "-620.10000", "2015-06-30": "-603.70000", "2015-03-31": "-642.10000", "2014-12-31": "-522.10000", "2014-09-30": "-325.50000", "2014-06-30": "-253.10000", "2014-03-31": "-256.50000", "2013-12-31": "-249.90000", "2013-09-30": "-328.10000", "2013-06-30": "-392.40000", "2013-03-31": "-399.10000", "2012-12-31": "-352.40000", "2012-09-30": "-291.20000", "2012-06-30": "-353.10000", "2012-03-31": "-272.00000", "2011-12-31": "-335.20000", "2011-09-30": "-164.90000", "2011-06-30": "-6.00000", "2011-03-31": "-9.40000", "2010-12-31": "-82.10000", "2010-09-30": "-88.20000", "2010-06-30": "-192.70000", "2010-03-31": "-92.30000", "2009-12-31": "-63.80000", "2009-09-30": "-94.70000", "2009-06-30": "-171.30000", "2009-03-31": "-232.00000", "2008-12-31": "-182.50000", "2008-09-30": "125.80000", "2008-06-30": "261.50000", "2008-03-31": "236.40000", "2007-12-31": "106.90000", "2007-09-30": "32.10000", "2007-06-30": "5.60000", "2007-03-31": "-14.90000", "2006-12-31": "-29.50000", "2006-09-30": "-57.50000", "2006-06-30": "-58.00000", "2006-03-31": "-93.60000", "2005-12-31": "-100.70000", "2005-09-30": "-47.50000", "2005-06-30": "-54.30000", "2005-03-31": "6.80000"}, "Other Share Holders Equity": {"2020-12-31": "", "2020-09-30": "", "2020-06-30": "", "2020-03-31": "", "2019-12-31": "", "2019-09-30": "", "2019-06-30": "", "2019-03-31": "", "2018-12-31": "", "2018-09-30": "", "2018-06-30": "", "2018-03-31": "", "2017-12-31": "", "2017-09-30": "", "2017-06-30": "", "2017-03-31": "", "2016-12-31": "", "2016-09-30": "", "2016-06-30": "", "2016-03-31": "", "2015-12-31": "", "2015-09-30": "", "2015-06-30": "", "2015-03-31": "", "2014-12-31": "", "2014-09-30": "", "2014-06-30": "", "2014-03-31": "", "2013-12-31": "", "2013-09-30": "", "2013-06-30": "", "2013-03-31": "", "2012-12-31": "", "2012-09-30": "", "2012-06-30": "", "2012-03-31": "", "2011-12-31": "", "2011-09-30": "", "2011-06-30": "", "2011-03-31": "", "2010-12-31": "", "2010-09-30": "", "2010-06-30": "", "2010-03-31": "", "2009-12-31": "", "2009-09-30": "", "2009-06-30": "", "2009-03-31": "", "2008-12-31": "", "2008-09-30": "", "2008-06-30": "", "2008-03-31": "", "2007-12-31": "", "2007-09-30": "", "2007-06-30": "", "2007-03-31": "", "2006-12-31": "", "2006-09-30": "", "2006-06-30": "", "2006-03-31": "", "2005-12-31": "", "2005-09-30": "", "2005-06-30": "", "2005-03-31": ""}, "Share Holder Equity": {"2020-12-31": "3337.00000", "2020-09-30": "2953.00000", "2020-06-30": "2830.00000", "2020-03-31": "2700.00000", "2019-12-31": "3019.00000", "2019-09-30": "3465.00000", "2019-06-30": "3564.00000", "2019-03-31": "3649.00000", "2018-12-31": "3562.00000", "2018-09-30": "3745.00000", "2018-06-30": "3995.00000", "2018-03-31": "4138.00000", "2017-12-31": "4046.00000", "2017-09-30": "3638.00000", "2017-06-30": "3710.00000", "2017-03-31": "3723.00000", "2016-12-31": "3541.00000", "2016-09-30": "3820.00000", "2016-06-30": "3834.00000", "2016-03-31": "1078.00000", "2015-12-31": "1261.00000", "2015-09-30": "1243.40000", "2015-06-30": "1342.80000", "2015-03-31": "1153.40000", "2014-12-31": "1239.60000", "2014-09-30": "1414.70000", "2014-06-30": "1406.60000", "2014-03-31": "1282.10000", "2013-12-31": "1416.00000", "2013-09-30": "1316.80000", "2013-06-30": "1207.40000", "2013-03-31": "1257.50000", "2012-12-31": "1290.00000", "2012-09-30": "1470.10000", "2012-06-30": "1341.40000", "2012-03-31": "1348.70000", "2011-12-31": "1378.00000", "2011-09-30": "1568.00000", "2011-06-30": "1734.80000", "2011-03-31": "1682.30000", "2010-12-31": "1658.10000", "2010-09-30": "1740.40000", "2010-06-30": "1446.40000", "2010-03-31": "1512.40000", "2009-12-31": "1583.00000", "2009-09-30": "1479.10000", "2009-06-30": "1309.80000", "2009-03-31": "1112.00000", "2008-12-31": "1087.30000", "2008-09-30": "1406.60000", "2008-06-30": "1523.20000", "2008-03-31": "1457.30000", "2007-12-31": "1342.50000", "2007-09-30": "1357.30000", "2007-06-30": "1345.60000", "2007-03-31": "1215.40000", "2006-12-31": "1165.40000", "2006-09-30": "1119.90000", "2006-06-30": "1050.30000", "2006-03-31": "891.50000", "2005-12-31": "853.40000", "2005-09-30": "875.20000", "2005-06-30": "952.70000", "2005-03-31": "1120.80000"}, "Total Liabilities And Share Holders Equity": {"2020-12-31": "18252.00000", "2020-09-30": "16972.00000", "2020-06-30": "16610.00000", "2020-03-31": "16545.00000", "2019-12-31": "17360.00000", "2019-09-30": "16237.00000", "2019-06-30": "17109.00000", "2019-03-31": "16923.00000", "2018-12-31": "16554.00000", "2018-09-30": "16470.00000", "2018-06-30": "17535.00000", "2018-03-31": "17731.00000", "2017-12-31": "17169.00000", "2017-09-30": "17003.00000", "2017-06-30": "16721.00000", "2017-03-31": "16644.00000", "2016-12-31": "16173.00000", "2016-09-30": "17060.00000", "2016-06-30": "25077.00000", "2016-03-31": "10059.00000", "2015-12-31": "9697.00000", "2015-09-30": "7727.00000", "2015-06-30": "7852.90000", "2015-03-31": "7660.50000", "2014-12-31": "7571.00000", "2014-09-30": "7614.90000", "2014-06-30": "7771.40000", "2014-03-31": "7744.50000", "2013-12-31": "7820.40000", "2013-09-30": "7709.20000", "2013-06-30": "7815.60000", "2013-03-31": "7776.00000", "2012-12-31": "7507.10000", "2012-09-30": "7524.00000", "2012-06-30": "7439.50000", "2012-03-31": "7559.40000", "2011-12-31": "7284.60000", "2011-09-30": "7538.40000", "2011-06-30": "7850.40000", "2011-03-31": "7783.00000", "2010-12-31": "6927.70000", "2010-09-30": "6979.10000", "2010-06-30": "6618.30000", "2010-03-31": "7035.70000", "2009-12-31": "6488.30000", "2009-09-30": "6792.10000", "2009-06-30": "6306.60000", "2009-03-31": "6424.60000", "2008-12-31": "6368.70000", "2008-09-30": "6211.70000", "2008-06-30": "6580.60000", "2008-03-31": "6446.20000", "2007-12-31": "6020.60000", "2007-09-30": "6015.40000", "2007-06-30": "5925.10000", "2007-03-31": "5918.00000", "2006-12-31": "5840.90000", "2006-09-30": "5728.70000", "2006-06-30": "5852.80000", "2006-03-31": "5574.60000", "2005-12-31": "4361.50000", "2005-09-30": "4376.40000", "2005-06-30": "4430.00000", "2005-03-31": "4618.30000"}}, "cash flow statement": {"Net Income/Loss": {"2020-12-31": "582.00000", "2019-12-31": "536.00000", "2018-12-31": "453.00000", "2017-12-31": "380.00000", "2016-12-31": "266.00000", "2015-12-31": "303.00000", "2014-12-31": "498.00000", "2013-12-31": "435.00000", "2012-12-31": "419.30000", "2011-12-31": "466.30000", "2010-12-31": "473.70000", "2009-12-31": "388.40000", "2008-12-31": "319.90000", "2007-12-31": "281.70000", "2006-12-31": "329.60000", "2005-12-31": "272.10000"}, "Total Depreciation And Amortization - Cash Flow": {"2020-12-31": "668.00000", "2019-12-31": "678.00000", "2018-12-31": "702.00000", "2017-12-31": "729.00000", "2016-12-31": "453.00000", "2015-12-31": "286.00000", "2014-12-31": "281.00000", "2013-12-31": "299.90000", "2012-12-31": "282.90000", "2011-12-31": "301.10000", "2010-12-31": "265.50000", "2009-12-31": "243.10000", "2008-12-31": "249.90000", "2007-12-31": "281.00000", "2006-12-31": "252.60000", "2005-12-31": "213.50000"}, "Other Non-Cash Items": {"2020-12-31": "288.00000", "2019-12-31": "102.00000", "2018-12-31": "348.00000", "2017-12-31": "-13.00000", "2016-12-31": "-14.00000", "2015-12-31": "294.00000", "2014-12-31": "67.00000", "2013-12-31": "38.30000", "2012-12-31": "109.20000", "2011-12-31": "86.90000", "2010-12-31": "52.90000", "2009-12-31": "64.80000", "2008-12-31": "97.00000", "2007-12-31": "77.60000", "2006-12-31": "-88.70000", "2005-12-31": "30.50000"}, "Total Non-Cash Items": {"2020-12-31": "956.00000", "2019-12-31": "780.00000", "2018-12-31": "1050.00000", "2017-12-31": "716.00000", "2016-12-31": "439.00000", "2015-12-31": "580.00000", "2014-12-31": "348.00000", "2013-12-31": "338.20000", "2012-12-31": "392.10000", "2011-12-31": "388.00000", "2010-12-31": "318.40000", "2009-12-31": "307.90000", "2008-12-31": "346.90000", "2007-12-31": "358.60000", "2006-12-31": "163.90000", "2005-12-31": "244.00000"}, "Change In Accounts Receivable": {"2020-12-31": "", "2019-12-31": "49.00000", "2018-12-31": "-17.00000", "2017-12-31": "-189.00000", "2016-12-31": "-53.00000", "2015-12-31": "35.00000", "2014-12-31": "-152.00000", "2013-12-31": "80.20000", "2012-12-31": "0.60000", "2011-12-31": "-4.10000", "2010-12-31": "-287.00000", "2009-12-31": "33.80000", "2008-12-31": "16.00000", "2007-12-31": "26.90000", "2006-12-31": "-57.00000", "2005-12-31": "-32.80000"}, "Change In Inventories": {"2020-12-31": "", "2019-12-31": "-45.00000", "2018-12-31": "-248.00000", "2017-12-31": "-66.00000", "2016-12-31": "30.00000", "2015-12-31": "97.00000", "2014-12-31": "-24.00000", "2013-12-31": "21.40000", "2012-12-31": "29.10000", "2011-12-31": "27.50000", "2010-12-31": "-153.10000", "2009-12-31": "74.80000", "2008-12-31": "-14.30000", "2007-12-31": "-41.00000", "2006-12-31": "-132.20000", "2005-12-31": "-71.70000"}, "Change In Accounts Payable": {"2020-12-31": "", "2019-12-31": "72.00000", "2018-12-31": "592.00000", "2017-12-31": "639.00000", "2016-12-31": "-55.00000", "2015-12-31": "125.00000", "2014-12-31": "355.00000", "2013-12-31": "50.90000", "2012-12-31": "55.90000", "2011-12-31": "111.10000", "2010-12-31": "68.80000", "2009-12-31": "-150.00000", "2008-12-31": "28.40000", "2007-12-31": "27.40000", "2006-12-31": "121.60000", "2005-12-31": "113.20000"}, "Change In Assets/Liabilities": {"2020-12-31": "-106.00000", "2019-12-31": "157.00000", "2018-12-31": "-187.00000", "2017-12-31": "-7.00000", "2016-12-31": "-420.00000", "2015-12-31": "-97.00000", "2014-12-31": "-53.00000", "2013-12-31": "-50.70000", "2012-12-31": "-54.30000", "2011-12-31": "-20.00000", "2010-12-31": "54.80000", "2009-12-31": "-78.10000", "2008-12-31": "-52.50000", "2007-12-31": "-45.50000", "2006-12-31": "-15.20000", "2005-12-31": ""}, "Total Change In Assets/Liabilities": {"2020-12-31": "-106.00000", "2019-12-31": "232.00000", "2018-12-31": "63.00000", "2017-12-31": "382.00000", "2016-12-31": "-512.00000", "2015-12-31": "124.00000", "2014-12-31": "166.00000", "2013-12-31": "65.80000", "2012-12-31": "41.80000", "2011-12-31": "94.10000", "2010-12-31": "-276.90000", "2009-12-31": "-136.60000", "2008-12-31": "-39.20000", "2007-12-31": "32.70000", "2006-12-31": "-92.10000", "2005-12-31": "42.70000"}, "Cash Flow From Operating Activities": {"2020-12-31": "1432.00000", "2019-12-31": "1548.00000", "2018-12-31": "1566.00000", "2017-12-31": "1478.00000", "2016-12-31": "193.00000", "2015-12-31": "1007.00000", "2014-12-31": "1012.00000", "2013-12-31": "839.00000", "2012-12-31": "853.20000", "2011-12-31": "948.40000", "2010-12-31": "515.20000", "2009-12-31": "559.70000", "2008-12-31": "627.60000", "2007-12-31": "673.00000", "2006-12-31": "401.40000", "2005-12-31": "558.80000"}, "Net Change In Property, Plant, And Equipment": {"2020-12-31": "-1113.00000", "2019-12-31": "-598.00000", "2018-12-31": "-816.00000", "2017-12-31": "-556.00000", "2016-12-31": "-606.00000", "2015-12-31": "-528.00000", "2014-12-31": "-391.00000", "2013-12-31": "-378.30000", "2012-12-31": "-305.00000", "2011-12-31": "-443.80000", "2010-12-31": "-250.20000", "2009-12-31": "-157.90000", "2008-12-31": "-285.00000", "2007-12-31": "-308.50000", "2006-12-31": "-279.60000", "2005-12-31": "-291.70000"}, "Net Change In Intangible Assets": {"2020-12-31": "", "2019-12-31": "", "2018-12-31": "", "2017-12-31": "", "2016-12-31": "", "2015-12-31": "", "2014-12-31": "", "2013-12-31": "", "2012-12-31": "", "2011-12-31": "", "2010-12-31": "", "2009-12-31": "", "2008-12-31": "", "2007-12-31": "", "2006-12-31": "", "2005-12-31": ""}, "Net Acquisitions/Divestitures": {"2020-12-31": "-86.00000", "2019-12-31": "160.00000", "2018-12-31": "539.00000", "2017-12-31": "-2.00000", "2016-12-31": "-682.00000", "2015-12-31": "-44.00000", "2014-12-31": "6.00000", "2013-12-31": "-14.20000", "2012-12-31": "-71.20000", "2011-12-31": "-295.20000", "2010-12-31": "135.70000", "2009-12-31": "-537.70000", "2008-12-31": "6.40000", "2007-12-31": "", "2006-12-31": "-791.10000", "2005-12-31": ""}, "Net Change In Short-term Investments": {"2020-12-31": "", "2019-12-31": "", "2018-12-31": "", "2017-12-31": "", "2016-12-31": "", "2015-12-31": "", "2014-12-31": "", "2013-12-31": "", "2012-12-31": "", "2011-12-31": "", "2010-12-31": "", "2009-12-31": "", "2008-12-31": "", "2007-12-31": "", "2006-12-31": "", "2005-12-31": ""}, "Net Change In Long-Term Investments": {"2020-12-31": "", "2019-12-31": "", "2018-12-31": "", "2017-12-31": "", "2016-12-31": "", "2015-12-31": "", "2014-12-31": "", "2013-12-31": "", "2012-12-31": "", "2011-12-31": "", "2010-12-31": "", "2009-12-31": "", "2008-12-31": "", "2007-12-31": "", "2006-12-31": "", "2005-12-31": ""}, "Net Change In Investments - Total": {"2020-12-31": "", "2019-12-31": "", "2018-12-31": "", "2017-12-31": "", "2016-12-31": "", "2015-12-31": "", "2014-12-31": "", "2013-12-31": "", "2012-12-31": "", "2011-12-31": "", "2010-12-31": "", "2009-12-31": "", "2008-12-31": "", "2007-12-31": "", "2006-12-31": "", "2005-12-31": ""}, "Investing Activities - Other": {"2020-12-31": "18.00000", "2019-12-31": "16.00000", "2018-12-31": "71.00000", "2017-12-31": "13.00000", "2016-12-31": "5.00000", "2015-12-31": "-2149.00000", "2014-12-31": "-6.00000", "2013-12-31": "13.40000", "2012-12-31": "20.20000", "2011-12-31": "1.00000", "2010-12-31": "4.30000", "2009-12-31": "114.20000", "2008-12-31": "-139.40000", "2007-12-31": "42.70000", "2006-12-31": "77.30000", "2005-12-31": "1.70000"}, "Cash Flow From Investing Activities": {"2020-12-31": "-1181.00000", "2019-12-31": "-422.00000", "2018-12-31": "-206.00000", "2017-12-31": "-545.00000", "2016-12-31": "-1283.00000", "2015-12-31": "-2721.00000", "2014-12-31": "-391.00000", "2013-12-31": "-379.10000", "2012-12-31": "-356.00000", "2011-12-31": "-738.00000", "2010-12-31": "-110.20000", "2009-12-31": "-581.40000", "2008-12-31": "-418.00000", "2007-12-31": "-265.80000", "2006-12-31": "-993.40000", "2005-12-31": "-290.00000"}, "Net Long-Term Debt": {"2020-12-31": "", "2019-12-31": "1295.00000", "2018-12-31": "-58.00000", "2017-12-31": "-1045.00000", "2016-12-31": "-254.00000", "2015-12-31": "2094.00000", "2014-12-31": "-486.00000", "2013-12-31": "348.20000", "2012-12-31": "414.80000", "2011-12-31": "11.50000", "2010-12-31": "86.70020", "2009-12-31": "239.89990", "2008-12-31": "19.20000", "2007-12-31": "-74.20000", "2006-12-31": "744.40000", "2005-12-31": "-66.90000"}, "Net Current Debt": {"2020-12-31": "-262.00000", "2019-12-31": "-183.00000", "2018-12-31": "-120.00000", "2017-12-31": "184.00000", "2016-12-31": "23.00000", "2015-12-31": "-93.00000", "2014-12-31": "68.00000", "2013-12-31": "-57.60000", "2012-12-31": "-337.00000", "2011-12-31": "295.30000", "2010-12-31": "15.10000", "2009-12-31": "-92.00000", "2008-12-31": "108.10000", "2007-12-31": "-95.80000", "2006-12-31": "23.00000", "2005-12-31": "68.40000"}, "Debt Issuance/Retirement Net - Total": {"2020-12-31": "-262.00000", "2019-12-31": "1112.00000", "2018-12-31": "-178.00000", "2017-12-31": "-861.00000", "2016-12-31": "-231.00000", "2015-12-31": "2001.00000", "2014-12-31": "-418.00000", "2013-12-31": "290.59990", "2012-12-31": "77.80010", "2011-12-31": "306.80000", "2010-12-31": "101.80020", "2009-12-31": "147.89990", "2008-12-31": "127.30000", "2007-12-31": "-170.00000", "2006-12-31": "767.40000", "2005-12-31": "1.50000"}, "Net Common Equity Issued/Repurchased": {"2020-12-31": "-75.00000", "2019-12-31": "-945.00000", "2018-12-31": "-711.00000", "2017-12-31": "-76.00000", "2016-12-31": "-59.00000", "2015-12-31": "-100.00000", "2014-12-31": "-360.00000", "2013-12-31": "-398.80000", "2012-12-31": "-494.10000", "2011-12-31": "-473.90000", "2010-12-31": "-506.70000", "2009-12-31": "-5.10000", "2008-12-31": "-299.60000", "2007-12-31": "-211.30000", "2006-12-31": "-45.70000", "2005-12-31": "-358.10000"}, "Net Total Equity Issued/Repurchased": {"2020-12-31": "-75.00000", "2019-12-31": "-945.00000", "2018-12-31": "-711.00000", "2017-12-31": "-76.00000", "2016-12-31": "-59.00000", "2015-12-31": "-100.00000", "2014-12-31": "-360.00000", "2013-12-31": "-398.80000", "2012-12-31": "-494.10000", "2011-12-31": "-473.90000", "2010-12-31": "-506.70000", "2009-12-31": "-5.10000", "2008-12-31": "-299.60000", "2007-12-31": "-211.30000", "2006-12-31": "-45.70000", "2005-12-31": "-358.10000"}, "Total Common And Preferred Stock Dividends Paid": {"2020-12-31": "-198.00000", "2019-12-31": "-182.00000", "2018-12-31": "-137.00000", "2017-12-31": "-129.00000", "2016-12-31": "-83.00000", "2015-12-31": "-72.00000", "2014-12-31": "-73.00000", "2013-12-31": "-75.20000", "2012-12-31": "-61.80000", "2011-12-31": "-45.70000", "2010-12-31": "-35.80000", "2009-12-31": "-37.40000", "2008-12-31": "-37.50000", "2007-12-31": "-40.60000", "2006-12-31": "-41.00000", "2005-12-31": "-42.50000"}, "Financial Activities - Other": {"2020-12-31": "-67.00000", "2019-12-31": "-31.00000", "2018-12-31": "-14.00000", "2017-12-31": "-7.00000", "2016-12-31": "-14.00000", "2015-12-31": "-92.00000", "2014-12-31": "5.00000", "2013-12-31": "-20.60000", "2012-12-31": "-8.80000", "2011-12-31": "-4.00000", "2010-12-31": "-18.90000", "2009-12-31": "-4.60000", "2008-12-31": "4.30000", "2007-12-31": "9.50000", "2006-12-31": "-0.50000", "2005-12-31": "-11.60000"}, "Cash Flow From Financial Activities": {"2020-12-31": "-602.00000", "2019-12-31": "-46.00000", "2018-12-31": "-1040.00000", "2017-12-31": "-1073.00000", "2016-12-31": "-387.00000", "2015-12-31": "1737.00000", "2014-12-31": "-846.00000", "2013-12-31": "-204.00000", "2012-12-31": "-486.90000", "2011-12-31": "-216.80000", "2010-12-31": "-459.60000", "2009-12-31": "100.80000", "2008-12-31": "-205.50000", "2007-12-31": "-412.40000", "2006-12-31": "680.20000", "2005-12-31": "-410.70000"}, "Net Cash Flow": {"2020-12-31": "-425.00000", "2019-12-31": "1078.00000", "2018-12-31": "269.00000", "2017-12-31": "-148.00000", "2016-12-31": "-1776.00000", "2015-12-31": "33.00000", "2014-12-31": "-225.00000", "2013-12-31": "241.90000", "2012-12-31": "8.30000", "2011-12-31": "13.80000", "2010-12-31": "-58.60000", "2009-12-31": "83.20000", "2008-12-31": "-24.20000", "2007-12-31": "0.10000", "2006-12-31": "90.50000", "2005-12-31": "-137.70000"}, "Stock-Based Compensation": {"2020-12-31": "", "2019-12-31": "", "2018-12-31": "", "2017-12-31": "", "2016-12-31": "", "2015-12-31": "", "2014-12-31": "", "2013-12-31": "", "2012-12-31": "", "2011-12-31": "", "2010-12-31": "", "2009-12-31": "", "2008-12-31": "", "2007-12-31": "", "2006-12-31": "", "2005-12-31": ""}, "Common Stock Dividends Paid": {"2020-12-31": "-198.00000", "2019-12-31": "-182.00000", "2018-12-31": "-137.00000", "2017-12-31": "-129.00000", "2016-12-31": "-83.00000", "2015-12-31": "-72.00000", "2014-12-31": "-73.00000", "2013-12-31": "-75.20000", "2012-12-31": "-61.80000", "2011-12-31": "-45.70000", "2010-12-31": "-35.80000", "2009-12-31": "-37.40000", "2008-12-31": "-37.50000", "2007-12-31": "-40.60000", "2006-12-31": "-41.00000", "2005-12-31": "-42.50000"}}, "cash flow statement, quarterly": {"Net Income/Loss": {"2020-12-31": 227, "2020-09-30": 240, "2020-06-30": 92, "2020-03-31": "23.00000", "2019-12-31": 130, "2019-09-30": 92, "2019-06-30": 197, "2019-03-31": "117.00000", "2018-12-31": 149, "2018-09-30": 59, "2018-06-30": 120, "2018-03-31": "125.00000", "2017-12-31": 159, "2017-09-30": 51, "2017-06-30": 100, "2017-03-31": "70.00000", "2016-12-31": 53, "2016-09-30": 33, "2016-06-30": 307, "2016-03-31": "-127.00000", "2015-12-31": 65, "2015-09-30": 50, "2015-06-30": 160, "2015-03-31": "28.00000", "2014-12-31": 88.4, "2014-09-30": 148.4, "2014-06-30": 156.3, "2014-03-31": "104.90000", "2013-12-31": 134.6, "2013-09-30": 121.9, "2013-06-30": 99.1, "2013-03-31": "79.40000", "2012-12-31": 64, "2012-09-30": 119.7, "2012-06-30": 142.5, "2012-03-31": "93.10000", "2011-12-31": 85.5, "2011-09-30": 137.5, "2011-06-30": 145.1, "2011-03-31": "98.20000", "2010-12-31": 97.8, "2010-09-30": 227.5, "2010-06-30": 69, "2010-03-31": "79.40000", "2009-12-31": 81.5, "2009-09-30": 103.8, "2009-06-30": 133.5, "2009-03-31": "69.60000", "2008-12-31": 33.9, "2008-09-30": 102, "2008-06-30": 100.1, "2008-03-31": "83.90000", "2007-12-31": 33.7, "2007-09-30": 60.9, "2007-06-30": 105.9, "2007-03-31": "81.20000", "2006-12-31": 48.3, "2006-09-30": 107.1, "2006-06-30": 129.8, "2006-03-31": "44.40000", "2005-12-31": 55.2, "2005-09-30": 79.3, "2005-06-30": 79, "2005-03-31": "58.60000"}, "Total Depreciation And Amortization - Cash Flow": {"2020-12-31": 169, "2020-09-30": 160, "2020-06-30": 170, "2020-03-31": "169.00000", "2019-12-31": 168, "2019-09-30": 169, "2019-06-30": 171, "2019-03-31": "170.00000", "2018-12-31": 173, "2018-09-30": 171, "2018-06-30": 178, "2018-03-31": "180.00000", "2017-12-31": 190, "2017-09-30": 162, "2017-06-30": 229, "2017-03-31": "148.00000", "2016-12-31": 154, "2016-09-30": 146, "2016-06-30": 78, "2016-03-31": "75.00000", "2015-12-31": 74, "2015-09-30": 73, "2015-06-30": 71, "2015-03-31": "68.00000", "2014-12-31": 71.3, "2014-09-30": 71.3, "2014-06-30": 69.6, "2014-03-31": "68.80000", "2013-12-31": 76.3, "2013-09-30": 76.6, "2013-06-30": 74.5, "2013-03-31": "72.50000", "2012-12-31": 72.7, "2012-09-30": 74.7, "2012-06-30": 66.5, "2012-03-31": "69.00000", "2011-12-31": 78.9, "2011-09-30": 74.5, "2011-06-30": 74.1, "2011-03-31": "73.60000", "2010-12-31": 73.3, "2010-09-30": 67.1, "2010-06-30": 62.4, "2010-03-31": "62.70000", "2009-12-31": 68.8, "2009-09-30": 59.9, "2009-06-30": 47.7, "2009-03-31": "66.70000", "2008-12-31": 25.2, "2008-09-30": 73.9, "2008-06-30": 76.2, "2008-03-31": "74.60000", "2007-12-31": 74.3, "2007-09-30": 71.8, "2007-06-30": 69.9, "2007-03-31": "65.00000", "2006-12-31": 68.6, "2006-09-30": 64.5, "2006-06-30": 64.9, "2006-03-31": "54.60000", "2005-12-31": 52.7, "2005-09-30": 54.4, "2005-06-30": 53, "2005-03-31": "53.40000"}, "Other Non-Cash Items": {"2020-12-31": 69, "2020-09-30": -36, "2020-06-30": 118, "2020-03-31": "137.00000", "2019-12-31": -61, "2019-09-30": 150, "2019-06-30": -58, "2019-03-31": "71.00000", "2018-12-31": 42, "2018-09-30": 122, "2018-06-30": 143, "2018-03-31": "41.00000", "2017-12-31": -37, "2017-09-30": 134, "2017-06-30": -171, "2017-03-31": "61.00000", "2016-12-31": -229, "2016-09-30": 72, "2016-06-30": -84, "2016-03-31": "227.00000", "2015-12-31": 132, "2015-09-30": 123, "2015-06-30": 2, "2015-03-31": "37.00000", "2014-12-31": 59.7, "2014-09-30": -11.2, "2014-06-30": 26.4, "2014-03-31": "-7.90000", "2013-12-31": -56.2, "2013-09-30": 82.9, "2013-06-30": 37.8, "2013-03-31": "-26.20000", "2012-12-31": 82, "2012-09-30": 56.3, "2012-06-30": 24, "2012-03-31": "-53.10000", "2011-12-31": 12.2, "2011-09-30": -4.4, "2011-06-30": 55.3, "2011-03-31": "23.80000", "2010-12-31": 41.4, "2010-09-30": -99.6, "2010-06-30": 99.4, "2010-03-31": "11.70000", "2009-12-31": 28.9, "2009-09-30": 13.3, "2009-06-30": 14.7, "2009-03-31": "7.90000", "2008-12-31": 130, "2008-09-30": 8.5, "2008-06-30": 59.2, "2008-03-31": "-100.70000", "2007-12-31": -27.4, "2007-09-30": 69.6, "2007-06-30": 28.9, "2007-03-31": "6.50000", "2006-12-31": -0.2, "2006-09-30": 1, "2006-06-30": -71.5, "2006-03-31": "-18.00000", "2005-12-31": 58.5, "2005-09-30": -18.6, "2005-06-30": 6.5, "2005-03-31": "-15.90000"}, "Total Non-Cash Items": {"2020-12-31": 238, "2020-09-30": 124, "2020-06-30": 288, "2020-03-31": "306.00000", "2019-12-31": 107, "2019-09-30": 319, "2019-06-30": 113, "2019-03-31": "241.00000", "2018-12-31": 215, "2018-09-30": 293, "2018-06-30": 321, "2018-03-31": "221.00000", "2017-12-31": 153, "2017-09-30": 296, "2017-06-30": 58, "2017-03-31": "209.00000", "2016-12-31": -75, "2016-09-30": 218, "2016-06-30": -6, "2016-03-31": "302.00000", "2015-12-31": 206, "2015-09-30": 196, "2015-06-30": 73, "2015-03-31": "105.00000", "2014-12-31": 131, "2014-09-30": 60.1, "2014-06-30": 96, "2014-03-31": "60.90000", "2013-12-31": 20.1, "2013-09-30": 159.5, "2013-06-30": 112.3, "2013-03-31": "46.30000", "2012-12-31": 154.7, "2012-09-30": 131, "2012-06-30": 90.5, "2012-03-31": "15.90000", "2011-12-31": 91.1, "2011-09-30": 70.1, "2011-06-30": 129.4, "2011-03-31": "97.40000", "2010-12-31": 114.7, "2010-09-30": -32.5, "2010-06-30": 161.8, "2010-03-31": "74.40000", "2009-12-31": 97.7, "2009-09-30": 73.2, "2009-06-30": 62.4, "2009-03-31": "74.60000", "2008-12-31": 155.2, "2008-09-30": 82.4, "2008-06-30": 135.4, "2008-03-31": "-26.10000", "2007-12-31": 46.9, "2007-09-30": 141.4, "2007-06-30": 98.8, "2007-03-31": "71.50000", "2006-12-31": 68.4, "2006-09-30": 65.5, "2006-06-30": -6.6, "2006-03-31": "36.60000", "2005-12-31": 111.2, "2005-09-30": 35.8, "2005-06-30": 59.5, "2005-03-31": "37.50000"}, "Change In Accounts Receivable": {"2020-12-31": 0, "2020-09-30": 0, "2020-06-30": 0, "2020-03-31": "", "2019-12-31": 49, "2019-09-30": 0, "2019-06-30": 0, "2019-03-31": "", "2018-12-31": -17, "2018-09-30": 0, "2018-06-30": 0, "2018-03-31": "", "2017-12-31": -189, "2017-09-30": 0, "2017-06-30": 0, "2017-03-31": "", "2016-12-31": -53, "2016-09-30": 0, "2016-06-30": 0, "2016-03-31": "", "2015-12-31": 35, "2015-09-30": 0, "2015-06-30": 0, "2015-03-31": "", "2014-12-31": -152, "2014-09-30": 0, "2014-06-30": 0, "2014-03-31": "", "2013-12-31": 80.2, "2013-09-30": 0, "2013-06-30": 0, "2013-03-31": "", "2012-12-31": 0.6, "2012-09-30": 0, "2012-06-30": 0, "2012-03-31": "", "2011-12-31": -4.1, "2011-09-30": 0, "2011-06-30": 0, "2011-03-31": "", "2010-12-31": -287, "2010-09-30": 0, "2010-06-30": 0, "2010-03-31": "", "2009-12-31": 33.8, "2009-09-30": 0, "2009-06-30": 0, "2009-03-31": "", "2008-12-31": 16, "2008-09-30": 0, "2008-06-30": 0, "2008-03-31": "", "2007-12-31": 26.9, "2007-09-30": 0, "2007-06-30": 0, "2007-03-31": "", "2006-12-31": -57, "2006-09-30": 0, "2006-06-30": 0, "2006-03-31": "", "2005-12-31": -32.8, "2005-09-30": 0, "2005-06-30": 0, "2005-03-31": ""}, "Change In Inventories": {"2020-12-31": 0, "2020-09-30": 0, "2020-06-30": 0, "2020-03-31": "", "2019-12-31": -45, "2019-09-30": 0, "2019-06-30": 0, "2019-03-31": "", "2018-12-31": -248, "2018-09-30": 0, "2018-06-30": 0, "2018-03-31": "", "2017-12-31": -66, "2017-09-30": 0, "2017-06-30": 0, "2017-03-31": "", "2016-12-31": 30, "2016-09-30": 0, "2016-06-30": 0, "2016-03-31": "", "2015-12-31": 97, "2015-09-30": 0, "2015-06-30": 0, "2015-03-31": "", "2014-12-31": -24, "2014-09-30": 0, "2014-06-30": 0, "2014-03-31": "", "2013-12-31": 21.4, "2013-09-30": 0, "2013-06-30": 0, "2013-03-31": "", "2012-12-31": 29.1, "2012-09-30": 0, "2012-06-30": 0, "2012-03-31": "", "2011-12-31": 27.5, "2011-09-30": 0, "2011-06-30": 0, "2011-03-31": "", "2010-12-31": -153.1, "2010-09-30": 0, "2010-06-30": 0, "2010-03-31": "", "2009-12-31": 74.8, "2009-09-30": 0, "2009-06-30": 0, "2009-03-31": "", "2008-12-31": -14.3, "2008-09-30": 0, "2008-06-30": 0, "2008-03-31": "", "2007-12-31": -41, "2007-09-30": 0, "2007-06-30": 0, "2007-03-31": "", "2006-12-31": -132.2, "2006-09-30": 0, "2006-06-30": 0, "2006-03-31": "", "2005-12-31": -71.7, "2005-09-30": 0, "2005-06-30": 0, "2005-03-31": ""}, "Change In Accounts Payable": {"2020-12-31": 0, "2020-09-30": 0, "2020-06-30": 0, "2020-03-31": "", "2019-12-31": 72, "2019-09-30": 0, "2019-06-30": 0, "2019-03-31": "", "2018-12-31": 592, "2018-09-30": 0, "2018-06-30": 0, "2018-03-31": "", "2017-12-31": 639, "2017-09-30": 0, "2017-06-30": 0, "2017-03-31": "", "2016-12-31": -55, "2016-09-30": 0, "2016-06-30": 0, "2016-03-31": "", "2015-12-31": 125, "2015-09-30": 0, "2015-06-30": 0, "2015-03-31": "", "2014-12-31": 355, "2014-09-30": 0, "2014-06-30": 0, "2014-03-31": "", "2013-12-31": 50.9, "2013-09-30": 0, "2013-06-30": 0, "2013-03-31": "", "2012-12-31": 55.9, "2012-09-30": 0, "2012-06-30": 0, "2012-03-31": "", "2011-12-31": 111.1, "2011-09-30": 0, "2011-06-30": 0, "2011-03-31": "", "2010-12-31": 68.8, "2010-09-30": 0, "2010-06-30": 0, "2010-03-31": "", "2009-12-31": -150, "2009-09-30": 0, "2009-06-30": 0, "2009-03-31": "", "2008-12-31": 28.4, "2008-09-30": 0, "2008-06-30": 0, "2008-03-31": "", "2007-12-31": 27.4, "2007-09-30": 0, "2007-06-30": 0, "2007-03-31": "", "2006-12-31": 121.6, "2006-09-30": 0, "2006-06-30": 0, "2006-03-31": "", "2005-12-31": 113.2, "2005-09-30": 0, "2005-06-30": 0, "2005-03-31": ""}, "Change In Assets/Liabilities": {"2020-12-31": 622, "2020-09-30": 213, "2020-06-30": 96, "2020-03-31": "-1037.00000", "2019-12-31": 580, "2019-09-30": -8, "2019-06-30": 72, "2019-03-31": "-487.00000", "2018-12-31": -75, "2018-09-30": 241, "2018-06-30": 67, "2018-03-31": "-420.00000", "2017-12-31": 33, "2017-09-30": 136, "2017-06-30": 504, "2017-03-31": "-680.00000", "2016-12-31": 740, "2016-09-30": -720, "2016-06-30": 121, "2016-03-31": "-561.00000", "2015-12-31": -82, "2015-09-30": 140, "2015-06-30": 159, "2015-03-31": "-314.00000", "2014-12-31": -76.4, "2014-09-30": 231.5, "2014-06-30": 93.9, "2014-03-31": "-302.00000", "2013-12-31": 156.5, "2013-09-30": 216.5, "2013-06-30": 26.6, "2013-03-31": "-450.30000", "2012-12-31": 150.1, "2012-09-30": 62.9, "2012-06-30": 60, "2012-03-31": "-327.30000", "2011-12-31": 216.7, "2011-09-30": 72.2, "2011-06-30": -38.9, "2011-03-31": "-270.00000", "2010-12-31": 263, "2010-09-30": 145.7, "2010-06-30": 71.9, "2010-03-31": "-425.80000", "2009-12-31": 432.9, "2009-09-30": -180.1, "2009-06-30": 121.1, "2009-03-31": "-452.00000", "2008-12-31": 286.8, "2008-09-30": 23.6, "2008-06-30": -90.5, "2008-03-31": "-272.40000", "2007-12-31": 109, "2007-09-30": -48.2, "2007-06-30": 154.1, "2007-03-31": "-260.40000", "2006-12-31": 245.5, "2006-09-30": 9.7, "2006-06-30": -17.6, "2006-03-31": "-252.80000", "2005-12-31": 64.9, "2005-09-30": 99.5, "2005-06-30": 92.7, "2005-03-31": "-257.10000"}, "Total Change In Assets/Liabilities": {"2020-12-31": 622, "2020-09-30": 213, "2020-06-30": 96, "2020-03-31": "-1037.00000", "2019-12-31": 655, "2019-09-30": -8, "2019-06-30": 72, "2019-03-31": "-487.00000", "2018-12-31": 175, "2018-09-30": 241, "2018-06-30": 67, "2018-03-31": "-420.00000", "2017-12-31": 422, "2017-09-30": 136, "2017-06-30": 504, "2017-03-31": "-680.00000", "2016-12-31": 648, "2016-09-30": -720, "2016-06-30": 121, "2016-03-31": "-561.00000", "2015-12-31": 139, "2015-09-30": 140, "2015-06-30": 159, "2015-03-31": "-314.00000", "2014-12-31": 142.6, "2014-09-30": 231.5, "2014-06-30": 93.9, "2014-03-31": "-302.00000", "2013-12-31": 273, "2013-09-30": 216.5, "2013-06-30": 26.6, "2013-03-31": "-450.30000", "2012-12-31": 246.2, "2012-09-30": 62.9, "2012-06-30": 60, "2012-03-31": "-327.30000", "2011-12-31": 330.8, "2011-09-30": 72.2, "2011-06-30": -38.9, "2011-03-31": "-270.00000", "2010-12-31": -68.7, "2010-09-30": 145.7, "2010-06-30": 71.9, "2010-03-31": "-425.80000", "2009-12-31": 374.4, "2009-09-30": -180.1, "2009-06-30": 121.1, "2009-03-31": "-452.00000", "2008-12-31": 300.1, "2008-09-30": 23.6, "2008-06-30": -90.5, "2008-03-31": "-272.40000", "2007-12-31": 187.2, "2007-09-30": -48.2, "2007-06-30": 154.1, "2007-03-31": "-260.40000", "2006-12-31": 168.6, "2006-09-30": 9.7, "2006-06-30": -17.6, "2006-03-31": "-252.80000", "2005-12-31": 107.6, "2005-09-30": 99.5, "2005-06-30": 92.7, "2005-03-31": "-257.10000"}, "Cash Flow From Operating Activities": {"2020-12-31": 1087, "2020-09-30": 577, "2020-06-30": 476, "2020-03-31": "-708.00000", "2019-12-31": 892, "2019-09-30": 403, "2019-06-30": 382, "2019-03-31": "-129.00000", "2018-12-31": 539, "2018-09-30": 593, "2018-06-30": 508, "2018-03-31": "-74.00000", "2017-12-31": 734, "2017-09-30": 483, "2017-06-30": 662, "2017-03-31": "-401.00000", "2016-12-31": 626, "2016-09-30": -469, "2016-06-30": 422, "2016-03-31": "-386.00000", "2015-12-31": 410, "2015-09-30": 386, "2015-06-30": 392, "2015-03-31": "-181.00000", "2014-12-31": 362, "2014-09-30": 440, "2014-06-30": 346.2, "2014-03-31": "-136.20000", "2013-12-31": 427.7, "2013-09-30": 497.9, "2013-06-30": 238, "2013-03-31": "-324.60000", "2012-12-31": 464.9, "2012-09-30": 313.6, "2012-06-30": 293, "2012-03-31": "-218.30000", "2011-12-31": 507.4, "2011-09-30": 279.8, "2011-06-30": 235.6, "2011-03-31": "-74.40000", "2010-12-31": 143.8, "2010-09-30": 340.7, "2010-06-30": 302.7, "2010-03-31": "-272.00000", "2009-12-31": 553.6, "2009-09-30": -3.1, "2009-06-30": 317, "2009-03-31": "-307.80000", "2008-12-31": 489.2, "2008-09-30": 208, "2008-06-30": 145, "2008-03-31": "-214.60000", "2007-12-31": 267.8, "2007-09-30": 154.1, "2007-06-30": 358.8, "2007-03-31": "-107.70000", "2006-12-31": 285.3, "2006-09-30": 182.3, "2006-06-30": 105.6, "2006-03-31": "-171.80000", "2005-12-31": 274, "2005-09-30": 214.6, "2005-06-30": 231.2, "2005-03-31": "-161.00000"}, "Net Change In Property, Plant, And Equipment": {"2020-12-31": -430, "2020-09-30": -236, "2020-06-30": -234, "2020-03-31": "-213.00000", "2019-12-31": -173, "2019-09-30": -150, "2019-06-30": -121, "2019-03-31": "-154.00000", "2018-12-31": -200, "2018-09-30": -172, "2018-06-30": -202, "2018-03-31": "-242.00000", "2017-12-31": -152, "2017-09-30": -164, "2017-06-30": -115, "2017-03-31": "-125.00000", "2016-12-31": -208, "2016-09-30": -125, "2016-06-30": -135, "2016-03-31": "-138.00000", "2015-12-31": -171, "2015-09-30": -129, "2015-06-30": -123, "2015-03-31": "-105.00000", "2014-12-31": -141, "2014-09-30": -114.7, "2014-06-30": -73.9, "2014-03-31": "-61.40000", "2013-12-31": -68.7, "2013-09-30": -108.5, "2013-06-30": -112.4, "2013-03-31": "-88.70000", "2012-12-31": -98.1, "2012-09-30": -68.4, "2012-06-30": -62.5, "2012-03-31": "-76.00000", "2011-12-31": -120, "2011-09-30": -110.3, "2011-06-30": -118.5, "2011-03-31": "-95.00000", "2010-12-31": -119.1, "2010-09-30": -62, "2010-06-30": -35.8, "2010-03-31": "-33.30000", "2009-12-31": -40.9, "2009-09-30": -25.3, "2009-06-30": -23.9, "2009-03-31": "-67.80000", "2008-12-31": -54.2, "2008-09-30": -70.3, "2008-06-30": -86, "2008-03-31": "-74.50000", "2007-12-31": -85.6, "2007-09-30": -56.6, "2007-06-30": -78.2, "2007-03-31": "-88.10000", "2006-12-31": -92, "2006-09-30": -60.1, "2006-06-30": -63.1, "2006-03-31": "-64.40000", "2005-12-31": -97.5, "2005-09-30": -45.9, "2005-06-30": -67.7, "2005-03-31": "-80.60000"}, "Net Change In Intangible Assets": {"2020-12-31": 0, "2020-09-30": 0, "2020-06-30": 0, "2020-03-31": "", "2019-12-31": 0, "2019-09-30": 0, "2019-06-30": 0, "2019-03-31": "", "2018-12-31": 0, "2018-09-30": 0, "2018-06-30": 0, "2018-03-31": "", "2017-12-31": 0, "2017-09-30": 0, "2017-06-30": 0, "2017-03-31": "", "2016-12-31": 0, "2016-09-30": 0, "2016-06-30": 0, "2016-03-31": "", "2015-12-31": 0, "2015-09-30": 0, "2015-06-30": 0, "2015-03-31": "", "2014-12-31": 0, "2014-09-30": 0, "2014-06-30": 0, "2014-03-31": "", "2013-12-31": 0, "2013-09-30": 0, "2013-06-30": 0, "2013-03-31": "", "2012-12-31": 0, "2012-09-30": 0, "2012-06-30": 0, "2012-03-31": "", "2011-12-31": 0, "2011-09-30": 0, "2011-06-30": 0, "2011-03-31": "", "2010-12-31": 0, "2010-09-30": 0, "2010-06-30": 0, "2010-03-31": "", "2009-12-31": 0, "2009-09-30": 0, "2009-06-30": 0, "2009-03-31": "", "2008-12-31": 0, "2008-09-30": 0, "2008-06-30": 0, "2008-03-31": "", "2007-12-31": 0, "2007-09-30": 0, "2007-06-30": 0, "2007-03-31": "", "2006-12-31": 0, "2006-09-30": 0, "2006-06-30": 0, "2006-03-31": "", "2005-12-31": 0, "2005-09-30": 0, "2005-06-30": 0, "2005-03-31": ""}, "Net Acquisitions/Divestitures": {"2020-12-31": 0, "2020-09-30": -69, "2020-06-30": 0, "2020-03-31": "-17.00000", "2019-12-31": 210, "2019-09-30": -50, "2019-06-30": 0, "2019-03-31": "", "2018-12-31": -12, "2018-09-30": 596, "2018-06-30": 0, "2018-03-31": "-45.00000", "2017-12-31": -33, "2017-09-30": 0, "2017-06-30": 0, "2017-03-31": "31.00000", "2016-12-31": 8, "2016-09-30": -3918, "2016-06-30": 3264, "2016-03-31": "-36.00000", "2015-12-31": 1, "2015-09-30": -16, "2015-06-30": 0, "2015-03-31": "-29.00000", "2014-12-31": 6, "2014-09-30": 0, "2014-06-30": 0, "2014-03-31": "", "2013-12-31": 0, "2013-09-30": -1.6, "2013-06-30": 0, "2013-03-31": "-12.60000", "2012-12-31": -55.9, "2012-09-30": -15.3, "2012-06-30": 0, "2012-03-31": "", "2011-12-31": 0, "2011-09-30": 0, "2011-06-30": 0, "2011-03-31": "-295.20000", "2010-12-31": -20.5, "2010-09-30": 245.4, "2010-06-30": -89.2, "2010-03-31": "", "2009-12-31": -537.7, "2009-09-30": -37, "2009-06-30": 37, "2009-03-31": "", "2008-12-31": -2.3, "2008-09-30": 0, "2008-06-30": 0, "2008-03-31": "8.70000", "2007-12-31": 0, "2007-09-30": 0, "2007-06-30": 0, "2007-03-31": "", "2006-12-31": -4.7, "2006-09-30": -1, "2006-06-30": -17.5, "2006-03-31": "-767.90000", "2005-12-31": 0, "2005-09-30": 0, "2005-06-30": 0, "2005-03-31": ""}, "Net Change In Short-term Investments": {"2020-12-31": 0, "2020-09-30": 0, "2020-06-30": 0, "2020-03-31": "", "2019-12-31": 0, "2019-09-30": 0, "2019-06-30": 0, "2019-03-31": "", "2018-12-31": 0, "2018-09-30": 0, "2018-06-30": 0, "2018-03-31": "", "2017-12-31": 0, "2017-09-30": 0, "2017-06-30": 0, "2017-03-31": "", "2016-12-31": 0, "2016-09-30": 0, "2016-06-30": 0, "2016-03-31": "", "2015-12-31": 0, "2015-09-30": 0, "2015-06-30": 0, "2015-03-31": "", "2014-12-31": 0, "2014-09-30": 0, "2014-06-30": 0, "2014-03-31": "", "2013-12-31": 0, "2013-09-30": 0, "2013-06-30": 0, "2013-03-31": "", "2012-12-31": 0, "2012-09-30": 0, "2012-06-30": 0, "2012-03-31": "", "2011-12-31": 0, "2011-09-30": 0, "2011-06-30": 0, "2011-03-31": "", "2010-12-31": 0, "2010-09-30": 0, "2010-06-30": 0, "2010-03-31": "", "2009-12-31": -37, "2009-09-30": 37, "2009-06-30": 0, "2009-03-31": "", "2008-12-31": 0, "2008-09-30": 0, "2008-06-30": 0, "2008-03-31": "", "2007-12-31": 0, "2007-09-30": 0, "2007-06-30": 0, "2007-03-31": "", "2006-12-31": 0, "2006-09-30": 0, "2006-06-30": 0, "2006-03-31": "", "2005-12-31": 0, "2005-09-30": 0, "2005-06-30": 0, "2005-03-31": ""}, "Net Change In Long-Term Investments": {"2020-12-31": 0, "2020-09-30": 0, "2020-06-30": 0, "2020-03-31": "", "2019-12-31": 0, "2019-09-30": 0, "2019-06-30": 0, "2019-03-31": "", "2018-12-31": 0, "2018-09-30": 0, "2018-06-30": 0, "2018-03-31": "", "2017-12-31": 0, "2017-09-30": 0, "2017-06-30": 0, "2017-03-31": "", "2016-12-31": 0, "2016-09-30": 0, "2016-06-30": 0, "2016-03-31": "", "2015-12-31": 0, "2015-09-30": 0, "2015-06-30": 0, "2015-03-31": "", "2014-12-31": 0, "2014-09-30": 0, "2014-06-30": 0, "2014-03-31": "", "2013-12-31": 0, "2013-09-30": 0, "2013-06-30": 0, "2013-03-31": "", "2012-12-31": 0, "2012-09-30": 0, "2012-06-30": 0, "2012-03-31": "", "2011-12-31": 0, "2011-09-30": 0, "2011-06-30": 0, "2011-03-31": "", "2010-12-31": 0, "2010-09-30": 0, "2010-06-30": 0, "2010-03-31": "", "2009-12-31": 0, "2009-09-30": 0, "2009-06-30": 0, "2009-03-31": "", "2008-12-31": 0, "2008-09-30": 0, "2008-06-30": 0, "2008-03-31": "", "2007-12-31": 0, "2007-09-30": 0, "2007-06-30": 0, "2007-03-31": "", "2006-12-31": 0, "2006-09-30": 0, "2006-06-30": 0, "2006-03-31": "", "2005-12-31": 0, "2005-09-30": 0, "2005-06-30": 0, "2005-03-31": ""}, "Net Change In Investments - Total": {"2020-12-31": 0, "2020-09-30": 0, "2020-06-30": 0, "2020-03-31": "", "2019-12-31": 0, "2019-09-30": 0, "2019-06-30": 0, "2019-03-31": "", "2018-12-31": 0, "2018-09-30": 0, "2018-06-30": 0, "2018-03-31": "", "2017-12-31": 0, "2017-09-30": 0, "2017-06-30": 0, "2017-03-31": "", "2016-12-31": 0, "2016-09-30": 0, "2016-06-30": 0, "2016-03-31": "", "2015-12-31": 0, "2015-09-30": 0, "2015-06-30": 0, "2015-03-31": "", "2014-12-31": 0, "2014-09-30": 0, "2014-06-30": 0, "2014-03-31": "", "2013-12-31": 0, "2013-09-30": 0, "2013-06-30": 0, "2013-03-31": "", "2012-12-31": 0, "2012-09-30": 0, "2012-06-30": 0, "2012-03-31": "", "2011-12-31": 0, "2011-09-30": 0, "2011-06-30": 0, "2011-03-31": "", "2010-12-31": 0, "2010-09-30": 0, "2010-06-30": 0, "2010-03-31": "", "2009-12-31": -37, "2009-09-30": 37, "2009-06-30": 0, "2009-03-31": "", "2008-12-31": 0, "2008-09-30": 0, "2008-06-30": 0, "2008-03-31": "", "2007-12-31": 0, "2007-09-30": 0, "2007-06-30": 0, "2007-03-31": "", "2006-12-31": 0, "2006-09-30": 0, "2006-06-30": 0, "2006-03-31": "", "2005-12-31": 0, "2005-09-30": 0, "2005-06-30": 0, "2005-03-31": ""}, "Investing Activities - Other": {"2020-12-31": 0, "2020-09-30": -5, "2020-06-30": 27, "2020-03-31": "-4.00000", "2019-12-31": -10, "2019-09-30": 15, "2019-06-30": 20, "2019-03-31": "-9.00000", "2018-12-31": 21, "2018-09-30": 11, "2018-06-30": 36, "2018-03-31": "3.00000", "2017-12-31": 10, "2017-09-30": 1, "2017-06-30": -1, "2017-03-31": "3.00000", "2016-12-31": -1963, "2016-09-30": 2054, "2016-06-30": -75, "2016-03-31": "-11.00000", "2015-12-31": -2183, "2015-09-30": 12, "2015-06-30": 8, "2015-03-31": "14.00000", "2014-12-31": -17.1, "2014-09-30": -0.1, "2014-06-30": 4.9, "2014-03-31": "6.30000", "2013-12-31": 11.2, "2013-09-30": 6.7, "2013-06-30": 3.5, "2013-03-31": "-8.00000", "2012-12-31": 2.2, "2012-09-30": 34.2, "2012-06-30": -5.5, "2012-03-31": "-10.70000", "2011-12-31": 8.3, "2011-09-30": -6.7, "2011-06-30": -6.6, "2011-03-31": "6.00000", "2010-12-31": 23.6, "2010-09-30": -1.7, "2010-06-30": -2.6, "2010-03-31": "-15.00000", "2009-12-31": 52.1, "2009-09-30": 24.5, "2009-06-30": 17, "2009-03-31": "20.60000", "2008-12-31": -149.2, "2008-09-30": 20, "2008-06-30": -7.9, "2008-03-31": "-2.30000", "2007-12-31": -0.5, "2007-09-30": -6.1, "2007-06-30": -1.7, "2007-03-31": "51.00000", "2006-12-31": 35.2, "2006-09-30": 1.1, "2006-06-30": 39.5, "2006-03-31": "1.50000", "2005-12-31": 10.9, "2005-09-30": 0.3, "2005-06-30": -1.6, "2005-03-31": "-7.90000"}, "Cash Flow From Investing Activities": {"2020-12-31": -430, "2020-09-30": -310, "2020-06-30": -207, "2020-03-31": "-234.00000", "2019-12-31": 27, "2019-09-30": -185, "2019-06-30": -101, "2019-03-31": "-163.00000", "2018-12-31": -191, "2018-09-30": 435, "2018-06-30": -166, "2018-03-31": "-284.00000", "2017-12-31": -175, "2017-09-30": -163, "2017-06-30": -116, "2017-03-31": "-91.00000", "2016-12-31": -2163, "2016-09-30": -1989, "2016-06-30": 3054, "2016-03-31": "-185.00000", "2015-12-31": -2353, "2015-09-30": -133, "2015-06-30": -115, "2015-03-31": "-120.00000", "2014-12-31": -152.1, "2014-09-30": -114.8, "2014-06-30": -69, "2014-03-31": "-55.10000", "2013-12-31": -57.5, "2013-09-30": -103.4, "2013-06-30": -108.9, "2013-03-31": "-109.30000", "2012-12-31": -151.8, "2012-09-30": -49.5, "2012-06-30": -68, "2012-03-31": "-86.70000", "2011-12-31": -111.7, "2011-09-30": -117, "2011-06-30": -125.1, "2011-03-31": "-384.20000", "2010-12-31": -116, "2010-09-30": 181.7, "2010-06-30": -127.6, "2010-03-31": "-48.30000", "2009-12-31": -563.5, "2009-09-30": -0.8, "2009-06-30": 30.1, "2009-03-31": "-47.20000", "2008-12-31": -205.7, "2008-09-30": -50.3, "2008-06-30": -93.9, "2008-03-31": "-68.10000", "2007-12-31": -86.1, "2007-09-30": -62.7, "2007-06-30": -79.9, "2007-03-31": "-37.10000", "2006-12-31": -61.5, "2006-09-30": -60, "2006-06-30": -41.1, "2006-03-31": "-830.80000", "2005-12-31": -86.6, "2005-09-30": -45.6, "2005-06-30": -69.3, "2005-03-31": "-88.50000"}, "Net Long-Term Debt": {"2020-12-31": 240, "2020-09-30": 424, "2020-06-30": -369, "2020-03-31": "-295.00000", "2019-12-31": 1103, "2019-09-30": -245, "2019-06-30": 178, "2019-03-31": "259.00000", "2018-12-31": -2, "2018-09-30": -642, "2018-06-30": 107, "2018-03-31": "479.00000", "2017-12-31": -576, "2017-09-30": -198, "2017-06-30": -406, "2017-03-31": "135.00000", "2016-12-31": -276, "2016-09-30": -3181, "2016-06-30": 2809, "2016-03-31": "394.00000", "2015-12-31": 2187, "2015-09-30": -100, "2015-06-30": -180, "2015-03-31": "187.00000", "2014-12-31": -8.6, "2014-09-30": -112.5, "2014-06-30": -226.6, "2014-03-31": "-138.30000", "2013-12-31": 79.1, "2013-09-30": -62.2, "2013-06-30": 16.9, "2013-03-31": "314.40000", "2012-12-31": 127.7, "2012-09-30": -23.3, "2012-06-30": -193.6, "2012-03-31": "504.00000", "2011-12-31": -275.9, "2011-09-30": -108.4, "2011-06-30": -65.9, "2011-03-31": "461.70000", "2010-12-31": 157.5001, "2010-09-30": -170.4999, "2010-06-30": -467.1, "2010-03-31": "566.80000", "2009-12-31": -165.1, "2009-09-30": 487.8999, "2009-06-30": -360.5, "2009-03-31": "277.60000", "2008-12-31": -253.5, "2008-09-30": 68.1, "2008-06-30": -33.8, "2008-03-31": "238.40000", "2007-12-31": -59.5, "2007-09-30": -3.1, "2007-06-30": -123.5, "2007-03-31": "111.90000", "2006-12-31": -138.8, "2006-09-30": -99.1, "2006-06-30": -48.8, "2006-03-31": "1031.10000", "2005-12-31": -132.6, "2005-09-30": -33.9, "2005-06-30": -8.7, "2005-03-31": "108.30000"}, "Net Current Debt": {"2020-12-31": -259, "2020-09-30": -495, "2020-06-30": -1, "2020-03-31": "493.00000", "2019-12-31": -314, "2019-09-30": -22, "2019-06-30": -7, "2019-03-31": "160.00000", "2018-12-31": 69, "2018-09-30": -24, "2018-06-30": -151, "2018-03-31": "-14.00000", "2017-12-31": -36, "2017-09-30": 129, "2017-06-30": -182, "2017-03-31": "273.00000", "2016-12-31": -133, "2016-09-30": -94, "2016-06-30": -60, "2016-03-31": "310.00000", "2015-12-31": -204, "2015-09-30": 6, "2015-06-30": -66, "2015-03-31": "171.00000", "2014-12-31": -131, "2014-09-30": -93.7, "2014-06-30": -6.8, "2014-03-31": "299.50000", "2013-12-31": -42.8, "2013-09-30": -245.9, "2013-06-30": -0.1, "2013-03-31": "231.20000", "2012-12-31": -238.2, "2012-09-30": -112.5, "2012-06-30": 44.6, "2012-03-31": "-30.90000", "2011-12-31": -44.8, "2011-09-30": 135.6, "2011-06-30": 8.3, "2011-03-31": "196.20000", "2010-12-31": 9.9, "2010-09-30": -75.8, "2010-06-30": 14.3, "2010-03-31": "66.70000", "2009-12-31": -18.7, "2009-09-30": -98.2, "2009-06-30": 16.6, "2009-03-31": "8.30000", "2008-12-31": 64.7, "2008-09-30": -87.3, "2008-06-30": 17, "2008-03-31": "113.70000", "2007-12-31": 11.1, "2007-09-30": -32.9, "2007-06-30": -101.3, "2007-03-31": "27.30000", "2006-12-31": 16, "2006-09-30": 4.3, "2006-06-30": 4.2, "2006-03-31": "-1.50000", "2005-12-31": -20.8, "2005-09-30": 30.8, "2005-06-30": 24.4, "2005-03-31": "34.00000"}, "Debt Issuance/Retirement Net - Total": {"2020-12-31": -19, "2020-09-30": -71, "2020-06-30": -370, "2020-03-31": "198.00000", "2019-12-31": 789, "2019-09-30": -267, "2019-06-30": 171, "2019-03-31": "419.00000", "2018-12-31": 67, "2018-09-30": -666, "2018-06-30": -44, "2018-03-31": "465.00000", "2017-12-31": -612, "2017-09-30": -69, "2017-06-30": -588, "2017-03-31": "408.00000", "2016-12-31": -409, "2016-09-30": -3275, "2016-06-30": 2749, "2016-03-31": "704.00000", "2015-12-31": 1983, "2015-09-30": -94, "2015-06-30": -246, "2015-03-31": "358.00000", "2014-12-31": -139.6, "2014-09-30": -206.2, "2014-06-30": -233.4, "2014-03-31": "161.20000", "2013-12-31": 36.2999, "2013-09-30": -308.1, "2013-06-30": 16.8, "2013-03-31": "545.60000", "2012-12-31": -110.4999, "2012-09-30": -135.8, "2012-06-30": -149, "2012-03-31": "473.10000", "2011-12-31": -320.7, "2011-09-30": 27.2, "2011-06-30": -57.6, "2011-03-31": "657.90000", "2010-12-31": 167.4001, "2010-09-30": -246.2999, "2010-06-30": -452.8, "2010-03-31": "633.50000", "2009-12-31": -183.8001, "2009-09-30": 389.7, "2009-06-30": -343.9, "2009-03-31": "285.90000", "2008-12-31": -188.8, "2008-09-30": -19.2, "2008-06-30": -16.8, "2008-03-31": "352.10000", "2007-12-31": -48.4, "2007-09-30": -36, "2007-06-30": -224.8, "2007-03-31": "139.20000", "2006-12-31": -122.8, "2006-09-30": -94.8, "2006-06-30": -44.6, "2006-03-31": "1029.60000", "2005-12-31": -153.4, "2005-09-30": -3.1, "2005-06-30": 15.7, "2005-03-31": "142.30000"}, "Net Common Equity Issued/Repurchased": {"2020-12-31": -6, "2020-09-30": 13, "2020-06-30": 6, "2020-03-31": "-88.00000", "2019-12-31": -347, "2019-09-30": -210, "2019-06-30": -238, "2019-03-31": "-150.00000", "2018-12-31": -272, "2018-09-30": -264, "2018-06-30": -140, "2018-03-31": "-35.00000", "2017-12-31": 9, "2017-09-30": -96, "2017-06-30": 15, "2017-03-31": "-4.00000", "2016-12-31": 1, "2016-09-30": 15, "2016-06-30": 16, "2016-03-31": "-91.00000", "2015-12-31": 10, "2015-09-30": -126, "2015-06-30": 10, "2015-03-31": "6.00000", "2014-12-31": -52.2, "2014-09-30": -69.3, "2014-06-30": -45, "2014-03-31": "-193.50000", "2013-12-31": -130.9, "2013-09-30": -65.6, "2013-06-30": -136.5, "2013-03-31": "-65.80000", "2012-12-31": -189.2, "2012-09-30": -56.2, "2012-06-30": -57.6, "2012-03-31": "-191.10000", "2011-12-31": -92.6, "2011-09-30": -140.2, "2011-06-30": -90.5, "2011-03-31": "-150.60000", "2010-12-31": -188.7, "2010-09-30": -176.9, "2010-06-30": -21.4, "2010-03-31": "-119.70000", "2009-12-31": -7.3, "2009-09-30": -8.8, "2009-06-30": 6.1, "2009-03-31": "4.90000", "2008-12-31": -42.1, "2008-09-30": -76.3, "2008-06-30": -56.1, "2008-03-31": "-125.10000", "2007-12-31": -56.2, "2007-09-30": -59.8, "2007-06-30": -7.8, "2007-03-31": "-87.50000", "2006-12-31": -1, "2006-09-30": -13.2, "2006-06-30": -4.7, "2006-03-31": "-26.80000", "2005-12-31": -47.7, "2005-09-30": -142.4, "2005-06-30": -176.7, "2005-03-31": "8.70000"}, "Net Total Equity Issued/Repurchased": {"2020-12-31": -6, "2020-09-30": 13, "2020-06-30": 6, "2020-03-31": "-88.00000", "2019-12-31": -347, "2019-09-30": -210, "2019-06-30": -238, "2019-03-31": "-150.00000", "2018-12-31": -272, "2018-09-30": -264, "2018-06-30": -140, "2018-03-31": "-35.00000", "2017-12-31": 9, "2017-09-30": -96, "2017-06-30": 15, "2017-03-31": "-4.00000", "2016-12-31": 1, "2016-09-30": 15, "2016-06-30": 16, "2016-03-31": "-91.00000", "2015-12-31": 10, "2015-09-30": -126, "2015-06-30": 10, "2015-03-31": "6.00000", "2014-12-31": -52.2, "2014-09-30": -69.3, "2014-06-30": -45, "2014-03-31": "-193.50000", "2013-12-31": -130.9, "2013-09-30": -65.6, "2013-06-30": -136.5, "2013-03-31": "-65.80000", "2012-12-31": -189.2, "2012-09-30": -56.2, "2012-06-30": -57.6, "2012-03-31": "-191.10000", "2011-12-31": -92.6, "2011-09-30": -140.2, "2011-06-30": -90.5, "2011-03-31": "-150.60000", "2010-12-31": -188.7, "2010-09-30": -176.9, "2010-06-30": -21.4, "2010-03-31": "-119.70000", "2009-12-31": -7.3, "2009-09-30": -8.8, "2009-06-30": 6.1, "2009-03-31": "4.90000", "2008-12-31": -42.1, "2008-09-30": -76.3, "2008-06-30": -56.1, "2008-03-31": "-125.10000", "2007-12-31": -56.2, "2007-09-30": -59.8, "2007-06-30": -7.8, "2007-03-31": "-87.50000", "2006-12-31": -1, "2006-09-30": -13.2, "2006-06-30": -4.7, "2006-03-31": "-26.80000", "2005-12-31": -47.7, "2005-09-30": -142.4, "2005-06-30": -176.7, "2005-03-31": "8.70000"}, "Total Common And Preferred Stock Dividends Paid": {"2020-12-31": -49, "2020-09-30": -49, "2020-06-30": -49, "2020-03-31": "-51.00000", "2019-12-31": -49, "2019-09-30": -50, "2019-06-30": -49, "2019-03-31": "-34.00000", "2018-12-31": -33, "2018-09-30": -34, "2018-06-30": -35, "2018-03-31": "-35.00000", "2017-12-31": -36, "2017-09-30": -35, "2017-06-30": -35, "2017-03-31": "-23.00000", "2016-12-31": -23, "2016-09-30": -23, "2016-06-30": -18, "2016-03-31": "-19.00000", "2015-12-31": -18, "2015-09-30": -18, "2015-06-30": -18, "2015-03-31": "-18.00000", "2014-12-31": -18.2, "2014-09-30": -18, "2014-06-30": -18.2, "2014-03-31": "-18.60000", "2013-12-31": -18.4, "2013-09-30": -18.8, "2013-06-30": -18.7, "2013-03-31": "-19.30000", "2012-12-31": -15.2, "2012-09-30": -15.4, "2012-06-30": -15.6, "2012-03-31": "-15.60000", "2011-12-31": -11.1, "2011-09-30": -11.3, "2011-06-30": -11.6, "2011-03-31": "-11.70000", "2010-12-31": -8.6, "2010-09-30": -8.9, "2010-06-30": -9.1, "2010-03-31": "-9.20000", "2009-12-31": -9.3, "2009-09-30": -9.4, "2009-06-30": -9.4, "2009-03-31": "-9.30000", "2008-12-31": -9.2, "2008-09-30": -9.3, "2008-06-30": -9.4, "2008-03-31": "-9.60000", "2007-12-31": -10.2, "2007-09-30": -10, "2007-06-30": -10.2, "2007-03-31": "-10.20000", "2006-12-31": -10.3, "2006-09-30": -10, "2006-06-30": -10.5, "2006-03-31": "-10.20000", "2005-12-31": -10.2, "2005-09-30": -10.5, "2005-06-30": -10.7, "2005-03-31": "-11.10000"}, "Financial Activities - Other": {"2020-12-31": -7, "2020-09-30": -26, "2020-06-30": 0, "2020-03-31": "-34.00000", "2019-12-31": -21, "2019-09-30": 2, "2019-06-30": -2, "2019-03-31": "-10.00000", "2018-12-31": -1, "2018-09-30": -1, "2018-06-30": -1, "2018-03-31": "-11.00000", "2017-12-31": -5, "2017-09-30": -1, "2017-06-30": 0, "2017-03-31": "-1.00000", "2016-12-31": 1, "2016-09-30": 6, "2016-06-30": 1, "2016-03-31": "-22.00000", "2015-12-31": -53, "2015-09-30": 2, "2015-06-30": -23, "2015-03-31": "-18.00000", "2014-12-31": -2.7, "2014-09-30": 4.2, "2014-06-30": -2.3, "2014-03-31": "5.80000", "2013-12-31": -5, "2013-09-30": 0.9, "2013-06-30": -25, "2013-03-31": "8.50000", "2012-12-31": -2.2, "2012-09-30": 3.1, "2012-06-30": 5.2, "2012-03-31": "-14.90000", "2011-12-31": -8.7, "2011-09-30": 0.9, "2011-06-30": 1.4, "2011-03-31": "2.40000", "2010-12-31": -13.1, "2010-09-30": 3.5, "2010-06-30": -2.9, "2010-03-31": "-6.40000", "2009-12-31": 1, "2009-09-30": -8.5, "2009-06-30": 0.5, "2009-03-31": "2.40000", "2008-12-31": 0.8, "2008-09-30": 1.1, "2008-06-30": 2, "2008-03-31": "0.40000", "2007-12-31": 1.2, "2007-09-30": 1.6, "2007-06-30": 3.7, "2007-03-31": "3.00000", "2006-12-31": 1.6, "2006-09-30": 1.9, "2006-06-30": 0.4, "2006-03-31": "-4.40000", "2005-12-31": -11.6, "2005-09-30": 0.2, "2005-06-30": -0.2, "2005-03-31": ""}, "Cash Flow From Financial Activities": {"2020-12-31": -81, "2020-09-30": -133, "2020-06-30": -413, "2020-03-31": "25.00000", "2019-12-31": 372, "2019-09-30": -525, "2019-06-30": -118, "2019-03-31": "225.00000", "2018-12-31": -239, "2018-09-30": -965, "2018-06-30": -220, "2018-03-31": "384.00000", "2017-12-31": -644, "2017-09-30": -201, "2017-06-30": -608, "2017-03-31": "380.00000", "2016-12-31": -430, "2016-09-30": -3277, "2016-06-30": 2748, "2016-03-31": "572.00000", "2015-12-31": 1922, "2015-09-30": -236, "2015-06-30": -277, "2015-03-31": "328.00000", "2014-12-31": -212.7, "2014-09-30": -289.3, "2014-06-30": -298.9, "2014-03-31": "-45.10000", "2013-12-31": -118, "2013-09-30": -391.6, "2013-06-30": -163.4, "2013-03-31": "469.00000", "2012-12-31": -317.1, "2012-09-30": -204.3, "2012-06-30": -217, "2012-03-31": "251.50000", "2011-12-31": -433.1, "2011-09-30": -123.4, "2011-06-30": -158.3, "2011-03-31": "498.00000", "2010-12-31": -43, "2010-09-30": -428.6, "2010-06-30": -486.2, "2010-03-31": "498.20000", "2009-12-31": -199.4, "2009-09-30": 363, "2009-06-30": -346.7, "2009-03-31": "283.90000", "2008-12-31": -239.3, "2008-09-30": -103.7, "2008-06-30": -80.3, "2008-03-31": "217.80000", "2007-12-31": -113.6, "2007-09-30": -104.2, "2007-06-30": -239.1, "2007-03-31": "44.50000", "2006-12-31": -132.5, "2006-09-30": -116.1, "2006-06-30": -59.4, "2006-03-31": "988.20000", "2005-12-31": -222.9, "2005-09-30": -155.8, "2005-06-30": -171.9, "2005-03-31": "139.90000"}, "Net Cash Flow": {"2020-12-31": 598, "2020-09-30": 130, "2020-06-30": -158, "2020-03-31": "-995.00000", "2019-12-31": 1309, "2019-09-30": -339, "2019-06-30": 164, "2019-03-31": "-56.00000", "2018-12-31": 117, "2018-09-30": 54, "2018-06-30": 71, "2018-03-31": "27.00000", "2017-12-31": -104, "2017-09-30": 122, "2017-06-30": -24, "2017-03-31": "-142.00000", "2016-12-31": -2197, "2016-09-30": -5754, "2016-06-30": 6194, "2016-03-31": "-19.00000", "2015-12-31": -21, "2015-09-30": 18, "2015-06-30": -2, "2015-03-31": "38.00000", "2014-12-31": 1.5, "2014-09-30": 34.2, "2014-06-30": -20.1, "2014-03-31": "-240.60000", "2013-12-31": 247.8, "2013-09-30": -1.3, "2013-06-30": -38.5, "2013-03-31": "33.90000", "2012-12-31": -7.1, "2012-09-30": 57.7, "2012-06-30": 16.7, "2012-03-31": "-59.00000", "2011-12-31": -24.3, "2011-09-30": 45.3, "2011-06-30": -48.3, "2011-03-31": "41.10000", "2010-12-31": -16.7, "2010-09-30": 93.7, "2010-06-30": -316.4, "2010-03-31": "180.80000", "2009-12-31": -207.5, "2009-09-30": 358.6, "2009-06-30": 6.4, "2009-03-31": "-74.30000", "2008-12-31": 13.5, "2008-09-30": 50.5, "2008-06-30": -26.5, "2008-03-31": "-61.70000", "2007-12-31": 72.2, "2007-09-30": -12.5, "2007-06-30": 40.7, "2007-03-31": "-100.30000", "2006-12-31": 92.4, "2006-09-30": 6.6, "2006-06-30": 5.6, "2006-03-31": "-14.10000", "2005-12-31": -29.4, "2005-09-30": 14.7, "2005-06-30": -11.1, "2005-03-31": "-111.90000"}, "Stock-Based Compensation": {"2020-12-31": 0, "2020-09-30": 0, "2020-06-30": 0, "2020-03-31": "", "2019-12-31": 0, "2019-09-30": 0, "2019-06-30": 0, "2019-03-31": "", "2018-12-31": 0, "2018-09-30": 0, "2018-06-30": 0, "2018-03-31": "", "2017-12-31": 0, "2017-09-30": 0, "2017-06-30": 0, "2017-03-31": "", "2016-12-31": 0, "2016-09-30": 0, "2016-06-30": 0, "2016-03-31": "", "2015-12-31": 0, "2015-09-30": 0, "2015-06-30": 0, "2015-03-31": "", "2014-12-31": 0, "2014-09-30": 0, "2014-06-30": 0, "2014-03-31": "", "2013-12-31": 0, "2013-09-30": 0, "2013-06-30": 0, "2013-03-31": "", "2012-12-31": 0, "2012-09-30": 0, "2012-06-30": 0, "2012-03-31": "", "2011-12-31": 0, "2011-09-30": 0, "2011-06-30": 0, "2011-03-31": "", "2010-12-31": 0, "2010-09-30": 0, "2010-06-30": 0, "2010-03-31": "", "2009-12-31": 0, "2009-09-30": 0, "2009-06-30": 0, "2009-03-31": "", "2008-12-31": 0, "2008-09-30": 0, "2008-06-30": 0, "2008-03-31": "", "2007-12-31": 0, "2007-09-30": 0, "2007-06-30": 0, "2007-03-31": "", "2006-12-31": 0, "2006-09-30": -1.7, "2006-06-30": 1.7, "2006-03-31": "", "2005-12-31": 0, "2005-09-30": 0, "2005-06-30": 0, "2005-03-31": ""}, "Common Stock Dividends Paid": {"2020-12-31": -49, "2020-09-30": -49, "2020-06-30": -49, "2020-03-31": "-51.00000", "2019-12-31": -49, "2019-09-30": -50, "2019-06-30": -49, "2019-03-31": "-34.00000", "2018-12-31": -33, "2018-09-30": -34, "2018-06-30": -35, "2018-03-31": "-35.00000", "2017-12-31": -36, "2017-09-30": -35, "2017-06-30": -35, "2017-03-31": "-23.00000", "2016-12-31": -23, "2016-09-30": -23, "2016-06-30": -18, "2016-03-31": "-19.00000", "2015-12-31": -18, "2015-09-30": -18, "2015-06-30": -18, "2015-03-31": "-18.00000", "2014-12-31": -18.2, "2014-09-30": -18, "2014-06-30": -18.2, "2014-03-31": "-18.60000", "2013-12-31": -18.4, "2013-09-30": -18.8, "2013-06-30": -18.7, "2013-03-31": "-19.30000", "2012-12-31": -15.2, "2012-09-30": -15.4, "2012-06-30": -15.6, "2012-03-31": "-15.60000", "2011-12-31": -11.1, "2011-09-30": -11.3, "2011-06-30": -11.6, "2011-03-31": "-11.70000", "2010-12-31": -8.6, "2010-09-30": -8.9, "2010-06-30": -9.1, "2010-03-31": "-9.20000", "2009-12-31": -9.3, "2009-09-30": -9.4, "2009-06-30": -9.4, "2009-03-31": "-9.30000", "2008-12-31": -9.2, "2008-09-30": -9.3, "2008-06-30": -9.4, "2008-03-31": "-9.60000", "2007-12-31": -10.2, "2007-09-30": -10, "2007-06-30": -10.2, "2007-03-31": "-10.20000", "2006-12-31": -10.3, "2006-09-30": -10, "2006-06-30": -10.5, "2006-03-31": "-10.20000", "2005-12-31": -10.2, "2005-09-30": -10.5, "2005-06-30": -10.7, "2005-03-31": "-11.10000"}}, "financial ratios": {"Current Ratio": {"2019-12-31": "0.87570", "2018-12-31": "0.96210", "2017-12-31": "0.91500", "2016-12-31": "1.23040", "2015-12-31": "1.01960", "2014-12-31": "1.15280", "2013-12-31": "1.28200", "2012-12-31": "1.38770", "2011-12-31": "1.25100", "2010-12-31": "1.66680", "2009-12-31": "1.58170", "2008-12-31": "1.16260", "2007-12-31": "1.21800", "2006-12-31": "1.21110", "2005-12-31": "1.05770"}, "Long-term Debt / Capital": {"2019-12-31": "0.67730", "2018-12-31": "0.64630", "2017-12-31": "0.61700", "2016-12-31": "0.67370", "2015-12-31": "0.79780", "2014-12-31": "0.70720", "2013-12-31": "0.69210", "2012-12-31": "0.70520", "2011-12-31": "0.66180", "2010-12-31": "0.61970", "2009-12-31": "0.59060", "2008-12-31": "0.65960", "2007-12-31": "0.61910", "2006-12-31": "0.66080", "2005-12-31": "0.63320"}, "Debt/Equity Ratio": {"2019-12-31": "2.58930", "2018-12-31": "1.88910", "2017-12-31": "1.72290", "2016-12-31": "2.12710", "2015-12-31": "4.00560", "2014-12-31": "2.55640", "2013-12-31": "2.54600", "2012-12-31": "2.56210", "2011-12-31": "2.28160", "2010-12-31": "1.69610", "2009-12-31": "1.64010", "2008-12-31": "2.21660", "2007-12-31": "1.75690", "2006-12-31": "2.10370", "2005-12-31": "1.86280"}, "Gross Margin": {"2019-12-31": "19.79260", "2018-12-31": "19.81950", "2017-12-31": "20.63190", "2016-12-31": "19.47910", "2015-12-31": "19.21970", "2014-12-31": "19.45160", "2013-12-31": "18.80820", "2012-12-31": "17.87720", "2011-12-31": "17.95530", "2010-12-31": "18.03280", "2009-12-31": "17.77090", "2008-12-31": "16.50430", "2007-12-31": "15.74080", "2006-12-31": "16.32710", "2005-12-31": "16.49220"}, "Operating Margin": {"2019-12-31": "8.12270", "2018-12-31": "8.03610", "2017-12-31": "7.30220", "2016-12-31": "5.10980", "2015-12-31": "7.57780", "2014-12-31": "9.79000", "2013-12-31": "9.39290", "2012-12-31": "9.04910", "2011-12-31": "9.69660", "2010-12-31": "10.02100", "2009-12-31": "9.74310", "2008-12-31": "8.50560", "2007-12-31": "6.95430", "2006-12-31": "7.63880", "2005-12-31": "8.34610"}, "EBIT Margin": {"2019-12-31": "8.12270", "2018-12-31": "8.03610", "2017-12-31": "7.30220", "2016-12-31": "5.10980", "2015-12-31": "7.57780", "2014-12-31": "9.79000", "2013-12-31": "9.39290", "2012-12-31": "9.04910", "2011-12-31": "9.69660", "2010-12-31": "10.02100", "2009-12-31": "9.74310", "2008-12-31": "8.50560", "2007-12-31": "6.95430", "2006-12-31": "7.63880", "2005-12-31": "8.34610"}, "EBITDA Margin": {"2019-12-31": "14.03170", "2018-12-31": "14.06960", "2017-12-31": "13.93970", "2016-12-31": "10.10930", "2015-12-31": "11.15420", "2014-12-31": "13.06880", "2013-12-31": "12.93440", "2012-12-31": "12.28750", "2011-12-31": "13.18520", "2010-12-31": "13.50070", "2009-12-31": "13.36580", "2008-12-31": "12.16660", "2007-12-31": "10.75690", "2006-12-31": "11.45360", "2005-12-31": "12.05840"}, "Pre-Tax Profit Margin": {"2019-12-31": "5.29890", "2018-12-31": "5.44050", "2017-12-31": "4.68000", "2016-12-31": "1.37950", "2015-12-31": "4.32660", "2014-12-31": "7.53790", "2013-12-31": "6.89170", "2012-12-31": "6.81800", "2011-12-31": "7.64460", "2010-12-31": "7.94760", "2009-12-31": "7.99650", "2008-12-31": "6.48830", "2007-12-31": "4.93250", "2006-12-31": "6.74920", "2005-12-31": "6.32220"}, "Net Profit Margin": {"2019-12-31": "4.93290", "2018-12-31": "3.90200", "2017-12-31": "3.40530", "2016-12-31": "2.90250", "2015-12-31": "3.51380", "2014-12-31": "5.48420", "2013-12-31": "4.80390", "2012-12-31": "4.53660", "2011-12-31": "5.14430", "2010-12-31": "6.13370", "2009-12-31": "5.78060", "2008-12-31": "4.68060", "2007-12-31": "3.80660", "2006-12-31": "4.97770", "2005-12-31": "4.73120"}, "Asset Turnover": {"2019-12-31": "0.66090", "2018-12-31": "0.70290", "2017-12-31": "0.63970", "2016-12-31": "0.56030", "2015-12-31": "0.82470", "2014-12-31": "1.13200", "2013-12-31": "1.08280", "2012-12-31": "1.16370", "2011-12-31": "1.18480", "2010-12-31": "1.10140", "2009-12-31": "1.03420", "2008-12-31": "1.07180", "2007-12-31": "1.22740", "2006-12-31": "1.13360", "2005-12-31": "1.31860"}, "Inventory Turnover Ratio": {"2019-12-31": "7.22370", "2018-12-31": "7.33990", "2017-12-31": "5.71230", "2016-12-31": "5.16350", "2015-12-31": "7.19380", "2014-12-31": "6.78960", "2013-12-31": "6.68620", "2012-12-31": "6.86900", "2011-12-31": "6.60250", "2010-12-31": "5.77000", "2009-12-31": "6.26180", "2008-12-31": "5.85040", "2007-12-31": "6.23840", "2006-12-31": "5.92300", "2005-12-31": "6.86200"}, "Receiveable Turnover": {"2019-12-31": "7.03490", "2018-12-31": "6.45670", "2017-12-31": "6.72150", "2016-12-31": "6.07710", "2015-12-31": "9.03620", "2014-12-31": "8.95410", "2013-12-31": "9.85350", "2012-12-31": "9.39220", "2011-12-31": "9.48030", "2010-12-31": "8.97960", "2009-12-31": "12.54520", "2008-12-31": "9.25700", "2007-12-31": "12.68180", "2006-12-31": "11.42620", "2005-12-31": "15.27140"}, "Days Sales In Receivables": {"2019-12-31": "51.88380", "2018-12-31": "56.53030", "2017-12-31": "54.30300", "2016-12-31": "60.06130", "2015-12-31": "40.39330", "2014-12-31": "40.76330", "2013-12-31": "37.04270", "2012-12-31": "38.86200", "2011-12-31": "38.50070", "2010-12-31": "40.64750", "2009-12-31": "29.09490", "2008-12-31": "39.42970", "2007-12-31": "28.78140", "2006-12-31": "31.94410", "2005-12-31": "23.90090"}, "ROE - Return On Equity": {"2019-12-31": "17.75420", "2018-12-31": "12.71760", "2017-12-31": "9.39200", "2016-12-31": "7.51200", "2015-12-31": "24.02860", "2014-12-31": "40.17420", "2013-12-31": "30.69210", "2012-12-31": "32.72090", "2011-12-31": "34.00580", "2010-12-31": "33.08610", "2009-12-31": "24.67470", "2008-12-31": "28.99840", "2007-12-31": "20.98320", "2006-12-31": "28.28210", "2005-12-31": "31.88420"}, "Return On Tangible Equity": {"2019-12-31": "-15.75540", "2018-12-31": "-14.60820", "2017-12-31": "-11.34670", "2016-12-31": "-7.62610", "2015-12-31": "-27.27270", "2014-12-31": "-31.37600", "2013-12-31": "-27.83760", "2012-12-31": "-26.36480", "2011-12-31": "-34.34230", "2010-12-31": "-59.91050", "2009-12-31": "-48.16280", "2008-12-31": "-28.40030", "2007-12-31": "-31.51010", "2006-12-31": "-31.74730", "2005-12-31": "-38.45390"}, "ROA - Return On Assets": {"2019-12-31": "3.08760", "2018-12-31": "2.73650", "2017-12-31": "2.21330", "2016-12-31": "1.64470", "2015-12-31": "3.12470", "2014-12-31": "6.57770", "2013-12-31": "5.55730", "2012-12-31": "5.62270", "2011-12-31": "6.43270", "2010-12-31": "7.91890", "2009-12-31": "6.02010", "2008-12-31": "4.95080", "2007-12-31": "4.67890", "2006-12-31": "5.64300", "2005-12-31": "6.23870"}, "ROI - Return On Investment": {"2019-12-31": "5.72890", "2018-12-31": "4.49760", "2017-12-31": "3.59710", "2016-12-31": "2.45140", "2015-12-31": "4.85970", "2014-12-31": "11.76360", "2013-12-31": "9.45090", "2012-12-31": "9.64730", "2011-12-31": "11.50020", "2010-12-31": "12.58340", "2009-12-31": "10.10110", "2008-12-31": "9.87040", "2007-12-31": "7.99310", "2006-12-31": "9.59310", "2005-12-31": "11.69470"}, "Book Value Per Share": {"2019-12-31": "9.29970", "2018-12-31": "10.62470", "2017-12-31": "11.56390", "2016-12-31": "10.12500", "2015-12-31": "4.43110", "2014-12-31": "4.52520", "2013-12-31": "4.98180", "2012-12-31": "4.30780", "2011-12-31": "4.29780", "2010-12-31": "4.81560", "2009-12-31": "4.20920", "2008-12-31": "2.90000", "2007-12-31": "3.34870", "2006-12-31": "2.79780", "2005-12-31": "2.04870"}, "Operating Cash Flow Per Share": {"2019-12-31": 0.1065, "2018-12-31": 0.3046, "2017-12-31": 3.5425, "2016-12-31": -2.9736, "2015-12-31": 0.0187, "2014-12-31": 0.7414, "2013-12-31": 0.1126, "2012-12-31": -0.1141, "2011-12-31": 1.4092, "2010-12-31": -0.0696, "2009-12-31": -0.1441, "2008-12-31": -0.0201, "2007-12-31": 0.6811, "2006-12-31": -0.3169, "2005-12-31": 1.2731}, "Free Cash Flow Per Share": {"2019-12-31": 0.6644, "2018-12-31": -0.454, "2017-12-31": 3.8618, "2016-12-31": -2.9779, "2015-12-31": -0.4812, "2014-12-31": 0.6363, "2013-12-31": -0.1902, "2012-12-31": 0.2374, "2011-12-31": 0.7746, "2010-12-31": -0.3356, "2009-12-31": 0.1747, "2008-12-31": -0.004, "2007-12-31": 0.5967, "2006-12-31": -0.3184, "2005-12-31": 0.6085}}, "financial ratios, quarterly": {"Current Ratio": {"2020-09-30": "1.06930", "2020-06-30": "0.97190", "2020-03-31": "1.05950", "2019-12-31": "0.87570", "2019-09-30": "1.01480", "2019-06-30": "1.09650", "2019-03-31": "1.09020", "2018-12-31": "0.96210", "2018-09-30": "1.01230", "2018-06-30": "1.23290", "2018-03-31": "1.06530", "2017-12-31": "0.91500", "2017-09-30": "1.04020", "2017-06-30": "1.12390", "2017-03-31": "1.29460", "2016-12-31": "1.23040", "2016-09-30": "1.39450", "2016-06-30": "0.97420", "2016-03-31": "1.04080", "2015-12-31": "1.01960", "2015-09-30": "1.04520", "2015-06-30": "1.14270", "2015-03-31": "1.21020", "2014-12-31": "1.15280", "2014-09-30": "1.17650", "2014-06-30": "1.22610", "2014-03-31": "1.32010", "2013-12-31": "1.28200", "2013-09-30": "1.54460", "2013-06-30": "1.48210", "2013-03-31": "1.50480", "2012-12-31": "1.38770", "2012-09-30": "1.40450", "2012-06-30": "1.33000", "2012-03-31": "1.38860", "2011-12-31": "1.25100", "2011-09-30": "1.44150", "2011-06-30": "1.55530", "2011-03-31": "1.61250", "2010-12-31": "1.66680", "2010-09-30": "1.21850", "2010-06-30": "1.35580", "2010-03-31": "1.26750", "2009-12-31": "1.58170", "2009-09-30": "1.72480", "2009-06-30": "1.26630", "2009-03-31": "1.37040", "2008-12-31": "1.16260", "2008-09-30": "1.47780", "2008-06-30": "1.36320", "2008-03-31": "1.37400", "2007-12-31": "1.21800", "2007-09-30": "1.31940", "2007-06-30": "1.39010", "2007-03-31": "1.39370", "2006-12-31": "1.21110", "2006-09-30": "1.33520", "2006-06-30": "1.33720", "2006-03-31": "1.34980", "2005-12-31": "1.05770", "2005-09-30": "1.13960", "2005-06-30": "1.26070", "2005-03-31": "1.40870"}, "Long-term Debt / Capital": {"2020-09-30": "0.72230", "2020-06-30": "0.71670", "2020-03-31": "0.73470", "2019-12-31": "0.67730", "2019-09-30": "0.65650", "2019-06-30": "0.65990", "2019-03-31": "0.64810", "2018-12-31": "0.64630", "2018-09-30": "0.63530", "2018-06-30": "0.64220", "2018-03-31": "0.63280", "2017-12-31": "0.61700", "2017-09-30": "0.66130", "2017-06-30": "0.66080", "2017-03-31": "0.66760", "2016-12-31": "0.67370", "2016-09-30": "0.66910", "2016-06-30": "0.68230", "2016-03-31": "0.83380", "2015-12-31": "0.79780", "2015-09-30": "0.69840", "2015-06-30": "0.68950", "2015-03-31": "0.73210", "2014-12-31": "0.70720", "2014-09-30": "0.68020", "2014-06-30": "0.68990", "2014-03-31": "0.72370", "2013-12-31": "0.69210", "2013-09-30": "0.72190", "2013-06-30": "0.74200", "2013-03-31": "0.73030", "2012-12-31": "0.70520", "2012-09-30": "0.66610", "2012-06-30": "0.68840", "2012-03-31": "0.69890", "2011-12-31": "0.66180", "2011-09-30": "0.65500", "2011-06-30": "0.64300", "2011-03-31": "0.65520", "2010-12-31": "0.61970", "2010-09-30": "0.54140", "2010-06-30": "0.59860", "2010-03-31": "0.60510", "2009-12-31": "0.59060", "2009-09-30": "0.63130", "2009-06-30": "0.60590", "2009-03-31": "0.67950", "2008-12-31": "0.65960", "2008-09-30": "0.63410", "2008-06-30": "0.61330", "2008-03-31": "0.62710", "2007-12-31": "0.61910", "2007-09-30": "0.62150", "2007-06-30": "0.62400", "2007-03-31": "0.66010", "2006-12-31": "0.66080", "2006-09-30": "0.68290", "2006-06-30": "0.70520", "2006-03-31": "0.73970", "2005-12-31": "0.63320", "2005-09-30": "0.64000", "2005-06-30": "0.62500", "2005-03-31": "0.59270"}, "Debt/Equity Ratio": {"2020-09-30": "2.61090", "2020-06-30": "2.71410", "2020-03-31": "2.96220", "2019-12-31": "2.58930", "2019-09-30": "2.01560", "2019-06-30": "2.05050", "2019-03-31": "1.95070", "2018-12-31": "1.88910", "2018-09-30": "1.78180", "2018-06-30": "1.83900", "2018-03-31": "1.80470", "2017-12-31": "1.72290", "2017-09-30": "2.07700", "2017-06-30": "2.03450", "2017-03-31": "2.14160", "2016-12-31": "2.12710", "2016-09-30": "2.11960", "2016-06-30": "2.96270", "2016-03-31": "5.37940", "2015-12-31": "4.00560", "2015-09-30": "2.54330", "2015-06-30": "2.42800", "2015-03-31": "3.03170", "2014-12-31": "2.55640", "2014-09-30": "2.34360", "2014-06-30": "2.51470", "2014-03-31": "2.94100", "2013-12-31": "2.54600", "2013-09-30": "2.67470", "2013-06-30": "3.17300", "2013-03-31": "3.04640", "2012-12-31": "2.56210", "2012-09-30": "2.26770", "2012-06-30": "2.58140", "2012-03-31": "2.69070", "2011-12-31": "2.28160", "2011-09-30": "2.20450", "2011-06-30": "2.00280", "2011-03-31": "2.09080", "2010-12-31": "1.69610", "2010-09-30": "1.52110", "2010-06-30": "1.87210", "2010-03-31": "2.11160", "2009-12-31": "1.64010", "2009-09-30": "1.88340", "2009-06-30": "1.81200", "2009-03-31": "2.39150", "2008-12-31": "2.21660", "2008-09-30": "1.89070", "2008-06-30": "1.80040", "2008-03-31": "1.89360", "2007-12-31": "1.75690", "2007-09-30": "1.76700", "2007-06-30": "1.78000", "2007-03-31": "2.13830", "2006-12-31": "2.10370", "2006-09-30": "2.27570", "2006-06-30": "2.52010", "2006-03-31": "2.97550", "2005-12-31": "1.86280", "2005-09-30": "2.00160", "2005-06-30": "1.84050", "2005-03-31": "1.58460"}, "Gross Margin": {"2020-09-30": "21.43550", "2020-06-30": "20.38560", "2020-03-31": "20.46680", "2019-12-31": "20.59580", "2019-09-30": "19.97970", "2019-06-30": "19.52270", "2019-03-31": "19.10230", "2018-12-31": "19.87160", "2018-09-30": "19.82350", "2018-06-30": "19.89680", "2018-03-31": "19.67680", "2017-12-31": "22.31530", "2017-09-30": "19.60110", "2017-06-30": "20.49040", "2017-03-31": "20.13750", "2016-12-31": "20.37260", "2016-09-30": "17.33290", "2016-06-30": "21.37930", "2016-03-31": "19.36220", "2015-12-31": "20.55400", "2015-09-30": "19.40870", "2015-06-30": "18.27810", "2015-03-31": "18.82480", "2014-12-31": "19.48440", "2014-09-30": "19.27730", "2014-06-30": "19.43800", "2014-03-31": "19.62830", "2013-12-31": "20.56790", "2013-09-30": "18.92090", "2013-06-30": "18.32090", "2013-03-31": "17.45350", "2012-12-31": "18.20070", "2012-09-30": "18.24320", "2012-06-30": "17.65880", "2012-03-31": "17.37900", "2011-12-31": "17.00540", "2011-09-30": "17.53980", "2011-06-30": "18.36600", "2011-03-31": "18.91910", "2010-12-31": "17.83280", "2010-09-30": "18.75180", "2010-06-30": "18.15190", "2010-03-31": "17.21410", "2009-12-31": "17.23320", "2009-09-30": "18.79930", "2009-06-30": "17.68310", "2009-03-31": "17.22380", "2008-12-31": "15.44020", "2008-09-30": "16.34800", "2008-06-30": "16.43030", "2008-03-31": "17.38310", "2007-12-31": "15.15200", "2007-09-30": "12.95570", "2007-06-30": "17.22750", "2007-03-31": "17.70160", "2006-12-31": "17.56500", "2006-09-30": "16.77000", "2006-06-30": "15.61470", "2006-03-31": "15.25390", "2005-12-31": "16.65120", "2005-09-30": "16.06160", "2005-06-30": "16.22420", "2005-03-31": "17.16640"}, "Operating Margin": {"2020-09-30": "12.09180", "2020-06-30": "6.35490", "2020-03-31": "5.56550", "2019-12-31": "7.57630", "2019-09-30": "6.70500", "2019-06-30": "10.17570", "2019-03-31": "7.93540", "2018-12-31": "7.06390", "2018-09-30": "9.09710", "2018-06-30": "7.83620", "2018-03-31": "8.11490", "2017-12-31": "12.34070", "2017-09-30": "4.26410", "2017-06-30": "6.54990", "2017-03-31": "6.14640", "2016-12-31": "6.42090", "2016-09-30": "4.79650", "2016-06-30": "13.74380", "2016-03-31": "-6.26420", "2015-12-31": "7.20220", "2015-09-30": "3.62420", "2015-06-30": "12.61510", "2015-03-31": "6.55230", "2014-12-31": "6.77520", "2014-09-30": "10.18360", "2014-06-30": "11.16540", "2014-03-31": "10.83320", "2013-12-31": "11.88400", "2013-09-30": "9.28930", "2013-06-30": "9.23990", "2013-03-31": "7.18230", "2012-12-31": "7.20370", "2012-09-30": "9.57720", "2012-06-30": "10.34710", "2012-03-31": "8.90980", "2011-12-31": "7.80820", "2011-09-30": "10.12270", "2011-06-30": "11.00140", "2011-03-31": "9.64600", "2010-12-31": "8.86130", "2010-09-30": "11.45450", "2010-06-30": "11.06350", "2010-03-31": "8.32760", "2009-12-31": "10.86160", "2009-09-30": "10.34600", "2009-06-30": "9.73290", "2009-03-31": "7.95910", "2008-12-31": "7.39930", "2008-09-30": "8.85370", "2008-06-30": "8.44110", "2008-03-31": "8.81510", "2007-12-31": "4.40160", "2007-09-30": "4.76790", "2007-06-30": "9.49430", "2007-03-31": "9.01310", "2006-12-31": "6.30110", "2006-09-30": "9.58130", "2006-06-30": "8.12480", "2006-03-31": "5.94920", "2005-12-31": "8.44950", "2005-09-30": "8.11290", "2005-06-30": "8.47290", "2005-03-31": "8.37550"}, "EBIT Margin": {"2020-09-30": "12.09180", "2020-06-30": "6.35490", "2020-03-31": "5.56550", "2019-12-31": "7.57630", "2019-09-30": "6.70500", "2019-06-30": "10.17570", "2019-03-31": "7.93540", "2018-12-31": "7.06390", "2018-09-30": "9.09710", "2018-06-30": "7.83620", "2018-03-31": "8.11490", "2017-12-31": "12.34070", "2017-09-30": "4.26410", "2017-06-30": "6.54990", "2017-03-31": "6.14640", "2016-12-31": "6.42090", "2016-09-30": "4.79650", "2016-06-30": "13.74380", "2016-03-31": "-6.26420", "2015-12-31": "7.20220", "2015-09-30": "3.62420", "2015-06-30": "12.61510", "2015-03-31": "6.55230", "2014-12-31": "6.77530", "2014-09-30": "10.18360", "2014-06-30": "11.16540", "2014-03-31": "10.83320", "2013-12-31": "11.88400", "2013-09-30": "9.28930", "2013-06-30": "9.23990", "2013-03-31": "7.18230", "2012-12-31": "7.20370", "2012-09-30": "9.57720", "2012-06-30": "10.34710", "2012-03-31": "8.90980", "2011-12-31": "7.80820", "2011-09-30": "10.12270", "2011-06-30": "11.00140", "2011-03-31": "9.64600", "2010-12-31": "8.86130", "2010-09-30": "11.45450", "2010-06-30": "11.06350", "2010-03-31": "8.32760", "2009-12-31": "10.86160", "2009-09-30": "10.34600", "2009-06-30": "9.73290", "2009-03-31": "7.95910", "2008-12-31": "7.39930", "2008-09-30": "8.85370", "2008-06-30": "8.44110", "2008-03-31": "8.81510", "2007-12-31": "4.40160", "2007-09-30": "4.76790", "2007-06-30": "9.49430", "2007-03-31": "9.01310", "2006-12-31": "6.30100", "2006-09-30": "9.58130", "2006-06-30": "8.12480", "2006-03-31": "5.94920", "2005-12-31": "8.44950", "2005-09-30": "8.11290", "2005-06-30": "8.47290", "2005-03-31": "8.37550"}, "EBITDA Margin": {"2020-09-30": "", "2020-06-30": "", "2020-03-31": "", "2019-12-31": "", "2019-09-30": "", "2019-06-30": "", "2019-03-31": "", "2018-12-31": "", "2018-09-30": "", "2018-06-30": "", "2018-03-31": "", "2017-12-31": "", "2017-09-30": "", "2017-06-30": "", "2017-03-31": "", "2016-12-31": "", "2016-09-30": "", "2016-06-30": "", "2016-03-31": "", "2015-12-31": "", "2015-09-30": "", "2015-06-30": "", "2015-03-31": "", "2014-12-31": "", "2014-09-30": "", "2014-06-30": "", "2014-03-31": "", "2013-12-31": "", "2013-09-30": "", "2013-06-30": "", "2013-03-31": "", "2012-12-31": "", "2012-09-30": "", "2012-06-30": "", "2012-03-31": "", "2011-12-31": "", "2011-09-30": "", "2011-06-30": "", "2011-03-31": "", "2010-12-31": "", "2010-09-30": "", "2010-06-30": "", "2010-03-31": "", "2009-12-31": "", "2009-09-30": "", "2009-06-30": "", "2009-03-31": "", "2008-12-31": "", "2008-09-30": "", "2008-06-30": "", "2008-03-31": "", "2007-12-31": "", "2007-09-30": "", "2007-06-30": "", "2007-03-31": "", "2006-12-31": "", "2006-09-30": "", "2006-06-30": "", "2006-03-31": "", "2005-12-31": "", "2005-09-30": "", "2005-06-30": "", "2005-03-31": ""}, "Pre-Tax Profit Margin": {"2020-09-30": "9.86100", "2020-06-30": "3.96290", "2020-03-31": "1.57990", "2019-12-31": "4.52370", "2019-09-30": "4.02980", "2019-06-30": "7.49090", "2019-03-31": "5.02690", "2018-12-31": "4.38820", "2018-09-30": "6.51730", "2018-06-30": "5.35310", "2018-03-31": "5.45780", "2017-12-31": "9.75610", "2017-09-30": "1.71940", "2017-06-30": "3.92290", "2017-03-31": "3.39670", "2016-12-31": "3.64650", "2016-09-30": "1.81690", "2016-06-30": "9.45810", "2016-03-31": "-11.90210", "2015-12-31": "3.49030", "2015-09-30": "0.81070", "2015-06-30": "10.95760", "2015-03-31": "1.45610", "2014-12-31": "4.85630", "2014-09-30": "8.39250", "2014-06-30": "9.39400", "2014-03-31": "7.18060", "2013-12-31": "9.59030", "2013-09-30": "7.23470", "2013-06-30": "5.86180", "2013-03-31": "4.93220", "2012-12-31": "5.04680", "2012-09-30": "7.64070", "2012-06-30": "8.40050", "2012-03-31": "5.95290", "2011-12-31": "5.74160", "2011-09-30": "8.21860", "2011-06-30": "9.04450", "2011-03-31": "7.33390", "2010-12-31": "6.68600", "2010-09-30": "9.67570", "2010-06-30": "8.83690", "2010-03-31": "6.19860", "2009-12-31": "6.23130", "2009-09-30": "8.75130", "2009-06-30": "10.31180", "2009-03-31": "6.33200", "2008-12-31": "4.02050", "2008-09-30": "7.20550", "2008-06-30": "6.77310", "2008-03-31": "6.73490", "2007-12-31": "2.28330", "2007-09-30": "2.86910", "2007-06-30": "7.62000", "2007-03-31": "6.77610", "2006-12-31": "3.93270", "2006-09-30": "7.69360", "2006-06-30": "10.10580", "2006-03-31": "4.24210", "2005-12-31": "5.30510", "2005-09-30": "6.49030", "2005-06-30": "6.90720", "2005-03-31": "6.42700"}, "Net Profit Margin": {"2020-09-30": "7.79180", "2020-06-30": "3.35590", "2020-03-31": "0.82590", "2019-12-31": "5.88450", "2019-09-30": "3.11550", "2019-06-30": "6.52970", "2019-03-31": "4.20110", "2018-12-31": "5.38710", "2018-09-30": "2.00270", "2018-06-30": "3.83750", "2018-03-31": "4.48830", "2017-12-31": "5.78810", "2017-09-30": "1.65060", "2017-06-30": "3.46760", "2017-03-31": "2.74970", "2016-12-31": "2.06100", "2016-09-30": "1.12650", "2016-06-30": "15.12320", "2016-03-31": "-7.23230", "2015-12-31": "3.04710", "2015-09-30": "2.14590", "2015-06-30": "7.36650", "2015-03-31": "1.09200", "2014-12-31": "3.73940", "2014-09-30": "6.58360", "2014-06-30": "6.68000", "2014-03-31": "4.65920", "2013-12-31": "6.23500", "2013-09-30": "5.05730", "2013-06-30": "4.31800", "2013-03-31": "3.61630", "2012-12-31": "2.52580", "2012-09-30": "5.04270", "2012-06-30": "6.07500", "2012-03-31": "4.32270", "2011-12-31": "3.77740", "2011-09-30": "5.84950", "2011-06-30": "6.19560", "2011-03-31": "4.53960", "2010-12-31": "4.62110", "2010-09-30": "11.17940", "2010-06-30": "3.43710", "2010-03-31": "4.98020", "2009-12-31": "5.19170", "2009-09-30": "5.72200", "2009-06-30": "7.64070", "2009-03-31": "4.38320", "2008-12-31": "3.38880", "2008-09-30": "5.07420", "2008-06-30": "4.80700", "2008-03-31": "4.81550", "2007-12-31": "1.89610", "2007-09-30": "3.19430", "2007-06-30": "5.20960", "2007-03-31": "4.79280", "2006-12-31": "3.03430", "2006-09-30": "5.87720", "2006-06-30": "7.04480", "2006-03-31": "3.25300", "2005-12-31": "4.27510", "2005-09-30": "5.00660", "2005-06-30": "5.09020", "2005-03-31": "4.42560"}, "Asset Turnover": {"2020-09-30": "0.18220", "2020-06-30": "0.16860", "2020-03-31": "0.16830", "2019-12-31": "0.15660", "2019-09-30": "0.18190", "2019-06-30": "0.17630", "2019-03-31": "0.16460", "2018-12-31": "0.16930", "2018-09-30": "0.17890", "2018-06-30": "0.17680", "2018-03-31": "0.15710", "2017-12-31": "0.16000", "2017-09-30": "0.17100", "2017-06-30": "0.17070", "2017-03-31": "0.14860", "2016-12-31": "0.15600", "2016-09-30": "0.16130", "2016-06-30": "0.08100", "2016-03-31": "0.17460", "2015-12-31": "0.18610", "2015-09-30": "0.27140", "2015-06-30": "0.27660", "2015-03-31": "0.25100", "2014-12-31": "0.26840", "2014-09-30": "0.29400", "2014-06-30": "0.29490", "2014-03-31": "0.25910", "2013-12-31": "0.25530", "2013-09-30": "0.29550", "2013-06-30": "0.28180", "2013-03-31": "0.25600", "2012-12-31": "0.28160", "2012-09-30": "0.30340", "2012-06-30": "0.30870", "2012-03-31": "0.27020", "2011-12-31": "0.28160", "2011-09-30": "0.29960", "2011-06-30": "0.29420", "2011-03-31": "0.25840", "2010-12-31": "0.28800", "2010-09-30": "0.29160", "2010-06-30": "0.30330", "2010-03-31": "0.22630", "2009-12-31": "0.24170", "2009-09-30": "0.26680", "2009-06-30": "0.27660", "2009-03-31": "0.24680", "2008-12-31": "0.15660", "2008-09-30": "0.32330", "2008-06-30": "0.31610", "2008-03-31": "0.27000", "2007-12-31": "0.29170", "2007-09-30": "0.31690", "2007-06-30": "0.34310", "2007-03-31": "0.28630", "2006-12-31": "0.27250", "2006-09-30": "0.31810", "2006-06-30": "0.31480", "2006-03-31": "0.24480", "2005-12-31": "0.29600", "2005-09-30": "0.36190", "2005-06-30": "0.35030", "2005-03-31": "0.28670"}, "Inventory Turnover Ratio": {"2020-09-30": "1.85640", "2020-06-30": "1.60660", "2020-03-31": "1.63590", "2019-12-31": "1.69470", "2019-09-30": "2.00250", "2019-06-30": "2.05240", "2019-03-31": "1.76710", "2018-12-31": "1.76710", "2018-09-30": "1.90020", "2018-06-30": "1.97610", "2018-03-31": "1.54600", "2017-12-31": "1.39840", "2017-09-30": "1.63150", "2017-06-30": "1.48950", "2017-03-31": "1.27090", "2016-12-31": "1.42180", "2016-09-30": "1.60440", "2016-06-30": "1.07620", "2016-03-31": "1.48120", "2015-12-31": "1.59690", "2015-09-30": "1.92920", "2015-06-30": "1.91070", "2015-03-31": "1.51080", "2014-12-31": "1.60950", "2014-09-30": "1.85800", "2014-06-30": "1.79580", "2014-03-31": "1.49120", "2013-12-31": "1.54240", "2013-09-30": "1.88400", "2013-06-30": "1.63480", "2013-03-31": "1.43710", "2012-12-31": "1.65590", "2012-09-30": "1.87930", "2012-06-30": "1.82580", "2012-03-31": "1.50080", "2011-12-31": "1.58770", "2011-09-30": "1.70130", "2011-06-30": "1.57560", "2011-03-31": "1.30910", "2010-12-31": "1.51250", "2010-09-30": "1.83940", "2010-06-30": "1.87530", "2010-03-31": "1.29310", "2009-12-31": "1.47270", "2009-09-30": "1.62270", "2009-06-30": "1.43410", "2009-03-31": "1.21170", "2008-12-31": "0.86570", "2008-09-30": "1.67840", "2008-06-30": "1.59090", "2008-03-31": "1.26780", "2007-12-31": "1.49290", "2007-09-30": "1.91270", "2007-06-30": "1.87210", "2007-03-31": "1.36870", "2006-12-31": "1.40280", "2006-09-30": "1.97380", "2006-06-30": "1.87260", "2006-03-31": "1.34340", "2005-12-31": "1.53760", "2005-09-30": "2.29940", "2005-06-30": "1.97720", "2005-03-31": "1.53510"}, "Receiveable Turnover": {"2020-09-30": "1.74550", "2020-06-30": "1.54750", "2020-03-31": "1.49570", "2019-12-31": "1.66710", "2019-09-30": "1.50890", "2019-06-30": "1.54240", "2019-03-31": "1.47750", "2018-12-31": "1.55550", "2018-09-30": "1.57370", "2018-06-30": "1.54050", "2018-03-31": "1.33250", "2017-12-31": "1.68120", "2017-09-30": "1.62190", "2017-06-30": "1.74400", "2017-03-31": "1.45900", "2016-12-31": "1.69220", "2016-09-30": "1.53830", "2016-06-30": "1.06280", "2016-03-31": "1.71820", "2015-12-31": "2.03950", "2015-09-30": "1.91020", "2015-06-30": "1.82210", "2015-03-31": "1.84250", "2014-12-31": "2.12350", "2014-09-30": "2.13350", "2014-06-30": "2.13500", "2014-03-31": "2.04550", "2013-12-31": "2.32350", "2013-09-30": "2.09460", "2013-06-30": "1.95960", "2013-03-31": "1.88240", "2012-12-31": "2.27310", "2012-09-30": "1.89210", "2012-06-30": "2.00880", "2012-03-31": "1.85500", "2011-12-31": "2.25360", "2011-09-30": "2.03890", "2011-06-30": "1.90080", "2011-03-31": "1.86290", "2010-12-31": "2.34810", "2010-09-30": "1.81490", "2010-06-30": "1.88870", "2010-03-31": "1.61380", "2009-12-31": "2.93120", "2009-09-30": "1.60920", "2009-06-30": "1.95560", "2009-03-31": "1.81540", "2008-12-31": "1.35260", "2008-09-30": "2.59520", "2008-06-30": "2.47950", "2008-03-31": "2.57770", "2007-12-31": "3.01390", "2007-09-30": "2.23560", "2007-06-30": "2.63180", "2007-03-31": "2.42510", "2006-12-31": "2.74690", "2006-09-30": "2.37220", "2006-06-30": "2.39070", "2006-03-31": "2.32720", "2005-12-31": "3.42860", "2005-09-30": "2.82080", "2005-06-30": "2.85820", "2005-03-31": "3.00250"}, "Days Sales In Receivables": {"2020-09-30": "51.56160", "2020-06-30": "58.15780", "2020-03-31": "60.17240", "2019-12-31": "53.98680", "2019-09-30": "59.64440", "2019-06-30": "58.34940", "2019-03-31": "60.91560", "2018-12-31": "57.85940", "2018-09-30": "57.18940", "2018-06-30": "58.42310", "2018-03-31": "67.54040", "2017-12-31": "53.53480", "2017-09-30": "55.49180", "2017-06-30": "51.60420", "2017-03-31": "61.68620", "2016-12-31": "53.18670", "2016-09-30": "58.50650", "2016-06-30": "84.67980", "2016-03-31": "52.38040", "2015-12-31": "44.12740", "2015-09-30": "47.11590", "2015-06-30": "49.39230", "2015-03-31": "48.84710", "2014-12-31": "42.38290", "2014-09-30": "42.18410", "2014-06-30": "42.15500", "2014-03-31": "43.99990", "2013-12-31": "38.73500", "2013-09-30": "42.96720", "2013-06-30": "45.92760", "2013-03-31": "47.81170", "2012-12-31": "39.59370", "2012-09-30": "47.56500", "2012-06-30": "44.80210", "2012-03-31": "48.51810", "2011-12-31": "39.93570", "2011-09-30": "44.14120", "2011-06-30": "47.34770", "2011-03-31": "48.31150", "2010-12-31": "38.32850", "2010-09-30": "49.59070", "2010-06-30": "47.65180", "2010-03-31": "55.77030", "2009-12-31": "30.70410", "2009-09-30": "55.92780", "2009-06-30": "46.02140", "2009-03-31": "49.57490", "2008-12-31": "66.53900", "2008-09-30": "34.67880", "2008-06-30": "36.29770", "2008-03-31": "34.91500", "2007-12-31": "29.86160", "2007-09-30": "40.25810", "2007-06-30": "34.19720", "2007-03-31": "37.11130", "2006-12-31": "32.76480", "2006-09-30": "37.94000", "2006-06-30": "37.64610", "2006-03-31": "38.67320", "2005-12-31": "26.25000", "2005-09-30": "31.90540", "2005-06-30": "31.48840", "2005-03-31": "29.97510"}, "ROE - Return On Equity": {"2020-09-30": "8.12730", "2020-06-30": "3.25090", "2020-03-31": "0.85190", "2019-12-31": "4.30610", "2019-09-30": "2.65510", "2019-06-30": "5.52750", "2019-03-31": "3.20640", "2018-12-31": "4.18300", "2018-09-30": "1.57540", "2018-06-30": "3.00380", "2018-03-31": "3.02080", "2017-12-31": "3.92980", "2017-09-30": "1.40190", "2017-06-30": "2.69540", "2017-03-31": "1.88020", "2016-12-31": "1.46850", "2016-09-30": "0.89010", "2016-06-30": "8.00730", "2016-03-31": "-11.78110", "2015-12-31": "5.15460", "2015-09-30": "4.02120", "2015-06-30": "11.91540", "2015-03-31": "2.42760", "2014-12-31": "7.13130", "2014-09-30": "10.48990", "2014-06-30": "11.11190", "2014-03-31": "8.18190", "2013-12-31": "9.50560", "2013-09-30": "9.23450", "2013-06-30": "8.20770", "2013-03-31": "6.30620", "2012-12-31": "4.95350", "2012-09-30": "8.29200", "2012-06-30": "10.65310", "2012-03-31": "6.92520", "2011-12-31": "6.16110", "2011-09-30": "8.85200", "2011-06-30": "8.38140", "2011-03-31": "5.91450", "2010-12-31": "5.98880", "2010-09-30": "12.76720", "2010-06-30": "9.99720", "2010-03-31": "5.45490", "2009-12-31": "4.85790", "2009-09-30": "7.36930", "2009-06-30": "10.31460", "2009-03-31": "6.25900", "2008-12-31": "2.69470", "2008-09-30": "7.25150", "2008-06-30": "6.57170", "2008-03-31": "5.75720", "2007-12-31": "2.51020", "2007-09-30": "4.48680", "2007-06-30": "7.87010", "2007-03-31": "6.68090", "2006-12-31": "4.14450", "2006-09-30": "9.56340", "2006-06-30": "12.35840", "2006-03-31": "4.98040", "2005-12-31": "6.46820", "2005-09-30": "9.06080", "2005-06-30": "8.29220", "2005-03-31": "5.22840"}, "Return On Tangible Equity": {"2020-09-30": "-7.17490", "2020-06-30": "-2.71710", "2020-03-31": "-0.66020", "2019-12-31": "-3.82130", "2019-09-30": "-3.13670", "2019-06-30": "-6.62630", "2019-03-31": "-4.03730", "2018-12-31": "-4.80490", "2018-09-30": "-1.96730", "2018-06-30": "-4.24630", "2018-03-31": "-3.82970", "2017-12-31": "-4.74770", "2017-09-30": "-1.35640", "2017-06-30": "-2.73220", "2017-03-31": "-2.09210", "2016-12-31": "-1.49080", "2016-09-30": "-0.98920", "2016-06-30": "-9.02680", "2016-03-31": "6.94370", "2015-12-31": "-5.85060", "2015-09-30": "-3.21810", "2015-06-30": "-10.51530", "2015-03-31": "-1.73310", "2014-12-31": "-5.56960", "2014-09-30": "-10.23240", "2014-06-30": "-10.00830", "2014-03-31": "-6.17820", "2013-12-31": "-8.62160", "2013-09-30": "-7.56740", "2013-06-30": "-5.88970", "2013-03-31": "-4.94910", "2012-12-31": "-3.99130", "2012-09-30": "-9.64860", "2012-06-30": "-10.33490", "2012-03-31": "-6.49380", "2011-12-31": "-6.22210", "2011-09-30": "-12.02770", "2011-06-30": "-12.89010", "2011-03-31": "-8.50940", "2010-12-31": "-10.84420", "2010-09-30": "-27.68160", "2010-06-30": "-16.02040", "2010-03-31": "-8.45200", "2009-12-31": "-9.48210", "2009-09-30": "-14.48510", "2009-06-30": "-15.62390", "2009-03-31": "-6.72330", "2008-12-31": "-2.63920", "2008-09-30": "-11.94660", "2008-06-30": "-11.42690", "2008-03-31": "-8.98480", "2007-12-31": "-3.76960", "2007-09-30": "-7.27420", "2007-06-30": "-13.08700", "2007-03-31": "-8.50970", "2006-12-31": "-4.65230", "2006-09-30": "-9.80050", "2006-06-30": "-11.01310", "2006-03-31": "-3.51240", "2005-12-31": "-7.80100", "2005-09-30": "-11.87480", "2005-06-30": "-12.99340", "2005-03-31": "-11.12380"}, "ROA - Return On Assets": {"2020-09-30": "1.41410", "2020-06-30": "0.55390", "2020-03-31": "0.13900", "2019-12-31": "0.74880", "2019-09-30": "0.56660", "2019-06-30": "1.15140", "2019-03-31": "0.69140", "2018-12-31": "0.90010", "2018-09-30": "0.35820", "2018-06-30": "0.68430", "2018-03-31": "0.70500", "2017-12-31": "0.92610", "2017-09-30": "0.29990", "2017-06-30": "0.59810", "2017-03-31": "0.42060", "2016-12-31": "0.32150", "2016-09-30": "0.19930", "2016-06-30": "1.22420", "2016-03-31": "-1.26260", "2015-12-31": "0.67030", "2015-09-30": "0.64710", "2015-06-30": "2.03750", "2015-03-31": "0.36550", "2014-12-31": "1.16760", "2014-09-30": "1.94880", "2014-06-30": "2.01120", "2014-03-31": "1.35450", "2013-12-31": "1.72110", "2013-09-30": "1.57730", "2013-06-30": "1.26800", "2013-03-31": "1.01980", "2012-12-31": "0.85120", "2012-09-30": "1.62010", "2012-06-30": "1.92080", "2012-03-31": "1.23550", "2011-12-31": "1.16550", "2011-09-30": "1.84120", "2011-06-30": "1.85210", "2011-03-31": "1.27840", "2010-12-31": "1.43340", "2010-09-30": "3.18380", "2010-06-30": "2.18490", "2010-03-31": "1.17260", "2009-12-31": "1.18520", "2009-09-30": "1.60480", "2009-06-30": "2.14220", "2009-03-31": "1.08330", "2008-12-31": "0.46010", "2008-09-30": "1.64210", "2008-06-30": "1.52110", "2008-03-31": "1.30150", "2007-12-31": "0.55970", "2007-09-30": "1.01240", "2007-06-30": "1.78730", "2007-03-31": "1.37210", "2006-12-31": "0.82690", "2006-09-30": "1.86950", "2006-06-30": "2.21770", "2006-03-31": "0.79650", "2005-12-31": "1.26560", "2005-09-30": "1.81200", "2005-06-30": "1.78330", "2005-03-31": "1.26890"}, "ROI - Return On Investment": {"2020-09-30": "2.25730", "2020-06-30": "0.92110", "2020-03-31": "0.22600", "2019-12-31": "1.38950", "2019-09-30": "0.91200", "2019-06-30": "1.87980", "2019-03-31": "1.12850", "2018-12-31": "1.47930", "2018-09-30": "0.57460", "2018-06-30": "1.07470", "2018-03-31": "1.10920", "2017-12-31": "1.50510", "2017-09-30": "0.47480", "2017-06-30": "0.91440", "2017-03-31": "0.62510", "2016-12-31": "0.47920", "2016-09-30": "0.29450", "2016-06-30": "2.54390", "2016-03-31": "-1.95810", "2015-12-31": "1.04250", "2015-09-30": "1.21280", "2015-06-30": "3.69950", "2015-03-31": "0.65030", "2014-12-31": "2.08820", "2014-09-30": "3.35470", "2014-06-30": "3.44590", "2014-03-31": "2.26090", "2013-12-31": "2.92700", "2013-09-30": "2.56850", "2013-06-30": "2.11750", "2013-03-31": "1.70070", "2012-12-31": "1.46050", "2012-09-30": "2.76910", "2012-06-30": "3.31950", "2012-03-31": "2.08520", "2011-12-31": "2.08360", "2011-09-30": "3.05360", "2011-06-30": "2.99200", "2011-03-31": "2.03910", "2010-12-31": "2.27770", "2010-09-30": "5.85480", "2010-06-30": "4.01280", "2010-03-31": "2.15390", "2009-12-31": "1.98870", "2009-09-30": "2.71700", "2009-06-30": "4.06460", "2009-03-31": "2.00630", "2008-12-31": "0.91720", "2008-09-30": "2.65310", "2008-06-30": "2.54160", "2008-03-31": "2.14700", "2007-12-31": "0.95620", "2007-09-30": "1.69820", "2007-06-30": "2.95930", "2007-03-31": "2.27060", "2006-12-31": "1.40580", "2006-09-30": "3.03260", "2006-06-30": "3.64270", "2006-03-31": "1.29630", "2005-12-31": "2.37250", "2005-09-30": "3.26230", "2005-06-30": "3.10940", "2005-03-31": "2.12950"}, "Book Value Per Share": {"2020-09-30": "9.03120", "2020-06-30": "8.67080", "2020-03-31": "8.28430", "2019-12-31": "9.29970", "2019-09-30": "10.52560", "2019-06-30": "10.74010", "2019-03-31": "10.90980", "2018-12-31": "10.62470", "2018-09-30": "10.99270", "2018-06-30": "11.52590", "2018-03-31": "11.81690", "2017-12-31": "11.56390", "2017-09-30": "10.39870", "2017-06-30": "10.55160", "2017-03-31": "10.61170", "2016-12-31": "10.12500", "2016-09-30": "10.93000", "2016-06-30": "13.50420", "2016-03-31": "3.80700", "2015-12-31": "4.43110", "2015-09-30": "4.56270", "2015-06-30": "4.86200", "2015-03-31": "4.18530", "2014-12-31": "4.52520", "2014-09-30": "5.13910", "2014-06-30": "5.08190", "2014-03-31": "4.60180", "2013-12-31": "4.98180", "2013-09-30": "4.55220", "2013-06-30": "4.13790", "2013-03-31": "4.22460", "2012-12-31": "4.30780", "2012-09-30": "4.78270", "2012-06-30": "4.33460", "2012-03-31": "4.30900", "2011-12-31": "4.29780", "2011-09-30": "4.82450", "2011-06-30": "5.21130", "2011-03-31": "4.98550", "2010-12-31": "4.81560", "2010-09-30": "4.90260", "2010-06-30": "3.94870", "2010-03-31": "4.06970", "2009-12-31": "4.20920", "2009-09-30": "3.93180", "2009-06-30": "3.48450", "2009-03-31": "2.96020", "2008-12-31": "2.90000", "2008-09-30": "3.70410", "2008-06-30": "3.93850", "2008-03-31": "3.72970", "2007-12-31": "3.34870", "2007-09-30": "3.35560", "2007-06-30": "3.30590", "2007-03-31": "2.98170", "2006-12-31": "2.79780", "2006-09-30": "2.69210", "2006-06-30": "2.51030", "2006-03-31": "2.13130", "2005-12-31": "2.04870", "2005-09-30": "2.08270", "2005-06-30": "2.18230", "2005-03-31": "2.47610"}, "Operating Cash Flow Per Share": {"2020-09-30": 1.7365, "2020-06-30": 1.431, "2020-03-31": "-2.13040", "2019-12-31": 2.6255, "2019-09-30": 1.1852, "2019-06-30": 1.117, "2019-03-31": "-0.37640", "2018-12-31": 1.5081, "2018-09-30": 1.7138, "2018-06-30": 1.4299, "2018-03-31": "-0.20700", "2017-12-31": 2.0652, "2017-09-30": 1.3479, "2017-06-30": 1.8474, "2017-03-31": "-1.12030", "2016-12-31": 1.816, "2016-09-30": -1.3422, "2016-06-30": 1.485, "2016-03-31": "-1.36110", "2015-12-31": 1.4521, "2015-09-30": 1.3738, "2015-06-30": 1.3869, "2015-03-31": "-0.64150", "2014-12-31": 1.2653, "2014-09-30": 1.5523, "2014-06-30": 1.2077, "2014-03-31": "-0.47270", "2013-12-31": 1.4207, "2013-09-30": 1.6786, "2013-06-30": 0.7774, "2013-03-31": "-1.06550", "2012-12-31": 1.4628, "2012-09-30": 1.0009, "2012-06-30": 0.9131, "2012-03-31": "-0.67820", "2011-12-31": 1.4952, "2011-09-30": 0.8453, "2011-06-30": 0.6873, "2011-03-31": "-0.21510", "2010-12-31": 0.3841, "2010-09-30": 0.9373, "2010-06-30": 0.8021, "2010-03-31": "-0.72000", "2009-12-31": 1.4571, "2009-09-30": -0.0082, "2009-06-30": 0.837, "2009-03-31": "-0.81280", "2008-12-31": 1.259, "2008-09-30": 0.5349, "2008-06-30": 0.3675, "2008-03-31": "-0.54420", "2007-12-31": 0.6538, "2007-09-30": 0.375, "2007-06-30": 0.8679, "2007-03-31": "-0.25940", "2006-12-31": 0.6795, "2006-09-30": 0.434, "2006-06-30": 0.2515, "2006-03-31": "-0.40880", "2005-12-31": 0.6174, "2005-09-30": 0.4983, "2005-06-30": 0.5104, "2005-03-31": "-0.35300"}, "Free Cash Flow Per Share": {"2020-09-30": 1.0308, "2020-06-30": 0.7245, "2020-03-31": "-2.77140", "2019-12-31": 2.1149, "2019-09-30": 0.7426, "2019-06-30": 0.7615, "2019-03-31": "-0.82590", "2018-12-31": 0.9534, "2018-09-30": 1.2035, "2018-06-30": 0.8556, "2018-03-31": "-0.88380", "2017-12-31": 1.6345, "2017-09-30": 0.8897, "2017-06-30": 1.528, "2017-03-31": "-1.46950", "2016-12-31": 1.0591, "2016-09-30": -1.5222, "2016-06-30": 1.0318, "2016-03-31": "-1.84780", "2015-12-31": 0.8469, "2015-09-30": 0.912, "2015-06-30": 0.9535, "2015-03-31": "-1.01360", "2014-12-31": 0.7724, "2014-09-30": 1.1462, "2014-06-30": 0.9472, "2014-03-31": "-0.68580", "2013-12-31": 1.1999, "2013-09-30": 1.3009, "2013-06-30": 0.3996, "2013-03-31": "-1.35670", "2012-12-31": 1.1566, "2012-09-30": 0.778, "2012-06-30": 0.7136, "2012-03-31": "-0.91430", "2011-12-31": 1.1464, "2011-09-30": 0.5033, "2011-06-30": 0.3366, "2011-03-31": "-0.48980", "2010-12-31": 0.0623, "2010-09-30": 0.7623, "2010-06-30": 0.7055, "2010-03-31": "-0.80820", "2009-12-31": 1.3483, "2009-09-30": -0.0737, "2009-06-30": 0.7747, "2009-03-31": "-0.99180", "2008-12-31": 1.1219, "2008-09-30": 0.3452, "2008-06-30": 0.1488, "2008-03-31": "-0.73310", "2007-12-31": 0.4443, "2007-09-30": 0.237, "2007-06-30": 0.677, "2007-03-31": "-0.47150", "2006-12-31": 0.4605, "2006-09-30": 0.2899, "2006-06-30": 0.1018, "2006-03-31": "-0.56210", "2005-12-31": 0.3999, "2005-09-30": 0.3837, "2005-06-30": 0.3546, "2005-03-31": "-0.52970"}}, "revenue": {"Ball Annual Revenue (Millions of US $)": {"2020": "$11,781", "2019": "$11,474", "2018": "$11,635", "2017": "$10,983", "2016": "$9,061", "2015": "$7,997", "2014": "$8,570", "2013": "$8,468", "2012": "$8,736", "2011": "$8,631", "2010": "$7,630", "2009": "$6,710", "2008": "$6,826", "2007": "$7,390", "2006": "$6,622", "2005": "$5,751"}, "Ball Quarterly Revenue (Millions of US $)": {"2020-12-31": "$3,102", "2020-09-30": "$3,093", "2020-06-30": "$2,801", "2020-03-31": "$2,785", "2019-12-31": "$2,719", "2019-09-30": "$2,953", "2019-06-30": "$3,017", "2019-03-31": "$2,785", "2018-12-31": "$2,803", "2018-09-30": "$2,946", "2018-06-30": "$3,101", "2018-03-31": "$2,785", "2017-12-31": "$2,747", "2017-09-30": "$2,908", "2017-06-30": "$2,855", "2017-03-31": "$2,473", "2016-12-31": "$2,523", "2016-09-30": "$2,752", "2016-06-30": "$2,030", "2016-03-31": "$1,756", "2015-12-31": "$1,805", "2015-09-30": "$2,097", "2015-06-30": "$2,172", "2015-03-31": "$1,923", "2014-12-31": "$2,032", "2014-09-30": "$2,239", "2014-06-30": "$2,292", "2014-03-31": "$2,007", "2013-12-31": "$1,997", "2013-09-30": "$2,278", "2013-06-30": "$2,202", "2013-03-31": "$1,991", "2012-12-31": "$2,114", "2012-09-30": "$2,283", "2012-06-30": "$2,296", "2012-03-31": "$2,043", "2011-12-31": "$2,052", "2011-09-30": "$2,258", "2011-06-30": "$2,310", "2011-03-31": "$2,011", "2010-12-31": "$1,995", "2010-09-30": "$2,035", "2010-06-30": "$2,008", "2010-03-31": "$1,592", "2009-12-31": "$1,568", "2009-09-30": "$1,812", "2009-06-30": "$1,745", "2009-03-31": "$1,586", "2008-12-31": "$997", "2008-09-30": "$2,008", "2008-06-30": "$2,080", "2008-03-31": "$1,740", "2007-12-31": "$1,756", "2007-09-30": "$1,907", "2007-06-30": "$2,033", "2007-03-31": "$1,694", "2006-12-31": "$1,592", "2006-09-30": "$1,822", "2006-06-30": "$1,843", "2006-03-31": "$1,365", "2005-12-31": "$1,291", "2005-09-30": "$1,584", "2005-06-30": "$1,552", "2005-03-31": "$1,324"}}, "gross-profit": {"Ball Annual Gross Profit (Millions of US $)": {"2020": "$2,458", "2019": "$2,271", "2018": "$2,306", "2017": "$2,266", "2016": "$1,765", "2015": "$1,537", "2014": "$1,667", "2013": "$1,593", "2012": "$1,562", "2011": "$1,550", "2010": "$1,376", "2009": "$1,193", "2008": "$1,127", "2007": "$1,163", "2006": "$1,081", "2005": "$949"}, "Ball Quarterly Gross Profit (Millions of US $)": {"2020-12-31": "$654", "2020-09-30": "$663", "2020-06-30": "$571", "2020-03-31": "$570", "2019-12-31": "$560", "2019-09-30": "$590", "2019-06-30": "$589", "2019-03-31": "$532", "2018-12-31": "$557", "2018-09-30": "$584", "2018-06-30": "$617", "2018-03-31": "$548", "2017-12-31": "$613", "2017-09-30": "$570", "2017-06-30": "$585", "2017-03-31": "$498", "2016-12-31": "$514", "2016-09-30": "$477", "2016-06-30": "$434", "2016-03-31": "$340", "2015-12-31": "$371", "2015-09-30": "$407", "2015-06-30": "$397", "2015-03-31": "$362", "2014-12-31": "$396", "2014-09-30": "$432", "2014-06-30": "$446", "2014-03-31": "$394", "2013-12-31": "$411", "2013-09-30": "$431", "2013-06-30": "$404", "2013-03-31": "$348", "2012-12-31": "$385", "2012-09-30": "$416", "2012-06-30": "$406", "2012-03-31": "$355", "2011-12-31": "$349", "2011-09-30": "$396", "2011-06-30": "$424", "2011-03-31": "$381", "2010-12-31": "$356", "2010-09-30": "$382", "2010-06-30": "$364", "2010-03-31": "$274", "2009-12-31": "$270", "2009-09-30": "$341", "2009-06-30": "$309", "2009-03-31": "$273", "2008-12-31": "$154", "2008-09-30": "$328", "2008-06-30": "$342", "2008-03-31": "$303", "2007-12-31": "$266", "2007-09-30": "$247", "2007-06-30": "$350", "2007-03-31": "$300", "2006-12-31": "$280", "2006-09-30": "$306", "2006-06-30": "$288", "2006-03-31": "$208", "2005-12-31": "$215", "2005-09-30": "$254", "2005-06-30": "$252", "2005-03-31": "$227"}}, "operating-income": {"Ball Annual Operating Income (Millions of US $)": {"2020": "$1,003", "2019": "$932", "2018": "$935", "2017": "$802", "2016": "$463", "2015": "$606", "2014": "$839", "2013": "$795", "2012": "$791", "2011": "$837", "2010": "$765", "2009": "$654", "2008": "$581", "2007": "$514", "2006": "$506", "2005": "$480"}, "Ball Quarterly Operating Income (Millions of US $)": {"2020-12-31": "$296", "2020-09-30": "$374", "2020-06-30": "$178", "2020-03-31": "$155", "2019-12-31": "$206", "2019-09-30": "$198", "2019-06-30": "$307", "2019-03-31": "$221", "2018-12-31": "$198", "2018-09-30": "$268", "2018-06-30": "$243", "2018-03-31": "$226", "2017-12-31": "$339", "2017-09-30": "$124", "2017-06-30": "$187", "2017-03-31": "$152", "2016-12-31": "$162", "2016-09-30": "$132", "2016-06-30": "$279", "2016-03-31": "$-110", "2015-12-31": "$130", "2015-09-30": "$76", "2015-06-30": "$274", "2015-03-31": "$126", "2014-12-31": "$138", "2014-09-30": "$228", "2014-06-30": "$256", "2014-03-31": "$217", "2013-12-31": "$237", "2013-09-30": "$212", "2013-06-30": "$204", "2013-03-31": "$143", "2012-12-31": "$152", "2012-09-30": "$219", "2012-06-30": "$238", "2012-03-31": "$182", "2011-12-31": "$160", "2011-09-30": "$229", "2011-06-30": "$254", "2011-03-31": "$194", "2010-12-31": "$177", "2010-09-30": "$233", "2010-06-30": "$222", "2010-03-31": "$133", "2009-12-31": "$170", "2009-09-30": "$188", "2009-06-30": "$170", "2009-03-31": "$126", "2008-12-31": "$74", "2008-09-30": "$178", "2008-06-30": "$176", "2008-03-31": "$153", "2007-12-31": "$77", "2007-09-30": "$91", "2007-06-30": "$193", "2007-03-31": "$153", "2006-12-31": "$100", "2006-09-30": "$175", "2006-06-30": "$150", "2006-03-31": "$81", "2005-12-31": "$109", "2005-09-30": "$129", "2005-06-30": "$132", "2005-03-31": "$111"}}, "ebitda": {"Ball Annual EBITDA (Millions of US $)": {"2019": "$1,610", "2018": "$1,637", "2017": "$1,531", "2016": "$916", "2015": "$892", "2014": "$1,120", "2013": "$1,095", "2012": "$1,073", "2011": "$1,138", "2010": "$1,030", "2009": "$897", "2008": "$831", "2007": "$795", "2006": "$758", "2005": "$694"}, "Ball Quarterly EBITDA (Millions of US $)": {"2020-09-30": "$534", "2020-06-30": "$348", "2020-03-31": "$324", "2019-12-31": "$374", "2019-09-30": "$367", "2019-06-30": "$478", "2019-03-31": "$391", "2018-12-31": "$371", "2018-09-30": "$439", "2018-06-30": "$421", "2018-03-31": "$406", "2017-12-31": "$529", "2017-09-30": "$286", "2017-06-30": "$416", "2017-03-31": "$300", "2016-12-31": "$316", "2016-09-30": "$278", "2016-06-30": "$357", "2016-03-31": "$-35", "2015-12-31": "$204", "2015-09-30": "$149", "2015-06-30": "$345", "2015-03-31": "$194", "2014-12-31": "$209", "2014-09-30": "$299", "2014-06-30": "$326", "2014-03-31": "$286", "2013-12-31": "$314", "2013-09-30": "$288", "2013-06-30": "$278", "2013-03-31": "$216", "2012-12-31": "$225", "2012-09-30": "$293", "2012-06-30": "$304", "2012-03-31": "$251", "2011-12-31": "$239", "2011-09-30": "$303", "2011-06-30": "$328", "2011-03-31": "$268", "2010-12-31": "$250", "2010-09-30": "$300", "2010-06-30": "$285", "2010-03-31": "$195", "2009-12-31": "$239", "2009-09-30": "$247", "2009-06-30": "$218", "2009-03-31": "$193", "2008-12-31": "$99", "2008-09-30": "$252", "2008-06-30": "$252", "2008-03-31": "$228", "2007-12-31": "$152", "2007-09-30": "$163", "2007-06-30": "$263", "2007-03-31": "$218", "2006-12-31": "$169", "2006-09-30": "$239", "2006-06-30": "$215", "2006-03-31": "$136", "2005-12-31": "$162", "2005-09-30": "$183", "2005-06-30": "$185", "2005-03-31": "$164"}}, "net-income": {"Ball Annual Net Income (Millions of US $)": {"2020": "$585", "2019": "$566", "2018": "$454", "2017": "$374", "2016": "$263", "2015": "$281", "2014": "$470", "2013": "$407", "2012": "$396", "2011": "$444", "2010": "$468", "2009": "$388", "2008": "$320", "2007": "$281", "2006": "$330", "2005": "$272"}, "Ball Quarterly Net Income (Millions of US $)": {"2020-12-31": "$227", "2020-09-30": "$241", "2020-06-30": "$94", "2020-03-31": "$23", "2019-12-31": "$160", "2019-09-30": "$92", "2019-06-30": "$197", "2019-03-31": "$117", "2018-12-31": "$151", "2018-09-30": "$59", "2018-06-30": "$119", "2018-03-31": "$125", "2017-12-31": "$159", "2017-09-30": "$48", "2017-06-30": "$99", "2017-03-31": "$68", "2016-12-31": "$52", "2016-09-30": "$31", "2016-06-30": "$307", "2016-03-31": "$-127", "2015-12-31": "$55", "2015-09-30": "$45", "2015-06-30": "$160", "2015-03-31": "$21", "2014-12-31": "$76", "2014-09-30": "$147", "2014-06-30": "$153", "2014-03-31": "$94", "2013-12-31": "$125", "2013-09-30": "$115", "2013-06-30": "$95", "2013-03-31": "$72", "2012-12-31": "$53", "2012-09-30": "$115", "2012-06-30": "$140", "2012-03-31": "$88", "2011-12-31": "$78", "2011-09-30": "$132", "2011-06-30": "$143", "2011-03-31": "$91", "2010-12-31": "$92", "2010-09-30": "$228", "2010-06-30": "$69", "2010-03-31": "$79", "2009-12-31": "$81", "2009-09-30": "$104", "2009-06-30": "$133", "2009-03-31": "$70", "2008-12-31": "$34", "2008-09-30": "$102", "2008-06-30": "$100", "2008-03-31": "$84", "2007-12-31": "$33", "2007-09-30": "$61", "2007-06-30": "$106", "2007-03-31": "$81", "2006-12-31": "$48", "2006-09-30": "$107", "2006-06-30": "$130", "2006-03-31": "$44", "2005-12-31": "$55", "2005-09-30": "$79", "2005-06-30": "$79", "2005-03-31": "$59"}}, "eps-earnings-per-share-diluted": {"Ball Annual EPS": {"2020": "$1.76", "2019": "$1.66", "2018": "$1.29", "2017": "$1.05", "2016": "$0.81", "2015": "$1.00", "2014": "$1.65", "2013": "$1.37", "2012": "$1.25", "2011": "$1.32", "2010": "$1.28", "2009": "$1.02", "2008": "$0.83", "2007": "$0.69", "2006": "$0.79", "2005": "$0.62"}, "Ball Quarterly EPS": {"2020-12-31": "$0.68", "2020-09-30": "$0.72", "2020-06-30": "$0.28", "2020-03-31": "$0.07", "2019-12-31": "$0.47", "2019-09-30": "$0.27", "2019-06-30": "$0.58", "2019-03-31": "$0.34", "2018-12-31": "$0.43", "2018-09-30": "$0.17", "2018-06-30": "$0.34", "2018-03-31": "$0.35", "2017-12-31": "$0.45", "2017-09-30": "$0.13", "2017-06-30": "$0.28", "2017-03-31": "$0.19", "2016-12-31": "$0.11", "2016-09-30": "$0.09", "2016-06-30": "$1.06", "2016-03-31": "$-0.45", "2015-12-31": "$0.20", "2015-09-30": "$0.16", "2015-06-30": "$0.57", "2015-03-31": "$0.08", "2014-12-31": "$0.27", "2014-09-30": "$0.52", "2014-06-30": "$0.54", "2014-03-31": "$0.33", "2013-12-31": "$0.43", "2013-09-30": "$0.39", "2013-06-30": "$0.32", "2013-03-31": "$0.24", "2012-12-31": "$0.17", "2012-09-30": "$0.37", "2012-06-30": "$0.44", "2012-03-31": "$0.28", "2011-12-31": "$0.24", "2011-09-30": "$0.40", "2011-06-30": "$0.42", "2011-03-31": "$0.27", "2010-12-31": "$0.26", "2010-09-30": "$0.63", "2010-06-30": "$0.19", "2010-03-31": "$0.21", "2009-12-31": "$0.22", "2009-09-30": "$0.27", "2009-06-30": "$0.35", "2009-03-31": "$0.18", "2008-12-31": "$0.10", "2008-09-30": "$0.26", "2008-06-30": "$0.26", "2008-03-31": "$0.21", "2007-12-31": "$0.09", "2007-09-30": "$0.15", "2007-06-30": "$0.26", "2007-03-31": "$0.20", "2006-12-31": "$0.12", "2006-09-30": "$0.26", "2006-06-30": "$0.31", "2006-03-31": "$0.11", "2005-12-31": "$0.13", "2005-09-30": "$0.18", "2005-06-30": "$0.18", "2005-03-31": "$0.13"}}, "shares-outstanding": {"Ball Annual Shares Outstanding (Millions of Shares)": {"2020": "333", "2019": "340", "2018": "352", "2017": "357", "2016": "323", "2015": "282", "2014": "285", "2013": "298", "2012": "316", "2011": "337", "2010": "367", "2009": "380", "2008": "388", "2007": "411", "2006": "420", "2005": "439"}, "Ball Quarterly Shares Outstanding (Millions of Shares)": {"2020-12-31": "334", "2020-09-30": "333", "2020-06-30": "332", "2020-03-31": "332", "2019-12-31": "340", "2019-09-30": "341", "2019-06-30": "342", "2019-03-31": "343", "2018-12-31": "352", "2018-09-30": "350", "2018-06-30": "355", "2018-03-31": "358", "2017-12-31": "357", "2017-09-30": "359", "2017-06-30": "359", "2017-03-31": "358", "2016-12-31": "323", "2016-09-30": "355", "2016-06-30": "290", "2016-03-31": "284", "2015-12-31": "282", "2015-09-30": "282", "2015-06-30": "283", "2015-03-31": "282", "2014-12-31": "285", "2014-09-30": "284", "2014-06-30": "286", "2014-03-31": "288", "2013-12-31": "298", "2013-09-30": "296", "2013-06-30": "301", "2013-03-31": "305", "2012-12-31": "316", "2012-09-30": "314", "2012-06-30": "318", "2012-03-31": "322", "2011-12-31": "337", "2011-09-30": "335", "2011-06-30": "341", "2011-03-31": "346", "2010-12-31": "367", "2010-09-30": "364", "2010-06-30": "374", "2010-03-31": "378", "2009-12-31": "380", "2009-09-30": "381", "2009-06-30": "380", "2009-03-31": "379", "2008-12-31": "388", "2008-09-30": "386", "2008-06-30": "394", "2008-03-31": "394", "2007-12-31": "411", "2007-09-30": "412", "2007-06-30": "413", "2007-03-31": "415", "2006-12-31": "420", "2006-09-30": "420", "2006-06-30": "421", "2006-03-31": "420", "2005-12-31": "439", "2005-09-30": "434", "2005-06-30": "446", "2005-03-31": "456"}}, "total-assets": {"Ball Annual Total Assets (Millions of US $)": {"2019": "$17,360", "2018": "$16,554", "2017": "$17,169", "2016": "$16,173", "2015": "$9,697", "2014": "$7,571", "2013": "$7,820", "2012": "$7,507", "2011": "$7,285", "2010": "$6,928", "2009": "$6,488", "2008": "$6,369", "2007": "$6,021", "2006": "$5,841", "2005": "$4,362"}, "Ball Quarterly Total Assets (Millions of US $)": {"2020-09-30": "$16,972", "2020-06-30": "$16,610", "2020-03-31": "$16,545", "2019-12-31": "$17,360", "2019-09-30": "$16,237", "2019-06-30": "$17,109", "2019-03-31": "$16,923", "2018-12-31": "$16,554", "2018-09-30": "$16,470", "2018-06-30": "$17,535", "2018-03-31": "$17,731", "2017-12-31": "$17,169", "2017-09-30": "$17,003", "2017-06-30": "$16,721", "2017-03-31": "$16,644", "2016-12-31": "$16,173", "2016-09-30": "$17,060", "2016-06-30": "$25,077", "2016-03-31": "$10,059", "2015-12-31": "$9,697", "2015-09-30": "$7,727", "2015-06-30": "$7,853", "2015-03-31": "$7,661", "2014-12-31": "$7,571", "2014-09-30": "$7,615", "2014-06-30": "$7,771", "2014-03-31": "$7,745", "2013-12-31": "$7,820", "2013-09-30": "$7,709", "2013-06-30": "$7,816", "2013-03-31": "$7,776", "2012-12-31": "$7,507", "2012-09-30": "$7,524", "2012-06-30": "$7,440", "2012-03-31": "$7,559", "2011-12-31": "$7,285", "2011-09-30": "$7,538", "2011-06-30": "$7,850", "2011-03-31": "$7,783", "2010-12-31": "$6,928", "2010-09-30": "$6,979", "2010-06-30": "$6,618", "2010-03-31": "$7,036", "2009-12-31": "$6,488", "2009-09-30": "$6,792", "2009-06-30": "$6,307", "2009-03-31": "$6,425", "2008-12-31": "$6,369", "2008-09-30": "$6,212", "2008-06-30": "$6,581", "2008-03-31": "$6,446", "2007-12-31": "$6,021", "2007-09-30": "$6,015", "2007-06-30": "$5,925", "2007-03-31": "$5,918", "2006-12-31": "$5,841", "2006-09-30": "$5,729", "2006-06-30": "$5,853", "2006-03-31": "$5,575", "2005-12-31": "$4,362", "2005-09-30": "$4,376", "2005-06-30": "$4,430", "2005-03-31": "$4,618"}}, "cash-on-hand": {"Ball Annual Cash on Hand (Millions of US $)": {"2019": "$1,798", "2018": "$721", "2017": "$448", "2016": "$597", "2015": "$224", "2014": "$191", "2013": "$416", "2012": "$174", "2011": "$166", "2010": "$152", "2009": "$211", "2008": "$127", "2007": "$152", "2006": "$152", "2005": "$61"}, "Ball Quarterly Cash on Hand (Millions of US $)": {"2020-09-30": "$771", "2020-06-30": "$643", "2020-03-31": "$801", "2019-12-31": "$1,798", "2019-09-30": "$483", "2019-06-30": "$764", "2019-03-31": "$603", "2018-12-31": "$721", "2018-09-30": "$598", "2018-06-30": "$549", "2018-03-31": "$477", "2017-12-31": "$448", "2017-09-30": "$556", "2017-06-30": "$433", "2017-03-31": "$458", "2016-12-31": "$597", "2016-09-30": "$645", "2016-06-30": "$6,399", "2016-03-31": "$205", "2015-12-31": "$224", "2015-09-30": "$244", "2015-06-30": "$227", "2015-03-31": "$229", "2014-12-31": "$191", "2014-09-30": "$190", "2014-06-30": "$155", "2014-03-31": "$175", "2013-12-31": "$416", "2013-09-30": "$168", "2013-06-30": "$170", "2013-03-31": "$208", "2012-12-31": "$174", "2012-09-30": "$181", "2012-06-30": "$124", "2012-03-31": "$107", "2011-12-31": "$166", "2011-09-30": "$190", "2011-06-30": "$145", "2011-03-31": "$193", "2010-12-31": "$152", "2010-09-30": "$169", "2010-06-30": "$75", "2010-03-31": "$391", "2009-12-31": "$211", "2009-09-30": "$418", "2009-06-30": "$60", "2009-03-31": "$53", "2008-12-31": "$127", "2008-09-30": "$114", "2008-06-30": "$63", "2008-03-31": "$90", "2007-12-31": "$152", "2007-09-30": "$79", "2007-06-30": "$92", "2007-03-31": "$51", "2006-12-31": "$152", "2006-09-30": "$59", "2006-06-30": "$53", "2006-03-31": "$47", "2005-12-31": "$61", "2005-09-30": "$90", "2005-06-30": "$76", "2005-03-31": "$87"}}, "long-term-debt": {"Ball Annual Long Term Debt (Millions of US $)": {"2019": "$6,337", "2018": "$6,510", "2017": "$6,518", "2016": "$7,310", "2015": "$4,974", "2014": "$2,994", "2013": "$3,183", "2012": "$3,085", "2011": "$2,697", "2010": "$2,702", "2009": "$2,284", "2008": "$2,107", "2007": "$2,182", "2006": "$2,270", "2005": "$1,473"}, "Ball Quarterly Long Term Debt (Millions of US $)": {"2020-09-30": "$7,679", "2020-06-30": "$7,158", "2020-03-31": "$7,476", "2019-12-31": "$6,337", "2019-09-30": "$6,623", "2019-06-30": "$6,916", "2019-03-31": "$6,719", "2018-12-31": "$6,510", "2018-09-30": "$6,523", "2018-06-30": "$7,171", "2018-03-31": "$7,131", "2017-12-31": "$6,518", "2017-09-30": "$7,104", "2017-06-30": "$7,226", "2017-03-31": "$7,476", "2016-12-31": "$7,310", "2016-09-30": "$7,724", "2016-06-30": "$8,234", "2016-03-31": "$5,408", "2015-12-31": "$4,974", "2015-09-30": "$2,879", "2015-06-30": "$2,982", "2015-03-31": "$3,152", "2014-12-31": "$2,994", "2014-09-30": "$3,009", "2014-06-30": "$3,129", "2014-03-31": "$3,358", "2013-12-31": "$3,183", "2013-09-30": "$3,418", "2013-06-30": "$3,473", "2013-03-31": "$3,405", "2012-12-31": "$3,085", "2012-09-30": "$2,932", "2012-06-30": "$2,964", "2012-03-31": "$3,131", "2011-12-31": "$2,697", "2011-09-30": "$2,978", "2011-06-30": "$3,125", "2011-03-31": "$3,197", "2010-12-31": "$2,702", "2010-09-30": "$2,055", "2010-06-30": "$2,157", "2010-03-31": "$2,318", "2009-12-31": "$2,284", "2009-09-30": "$2,533", "2009-06-30": "$2,014", "2009-03-31": "$2,357", "2008-12-31": "$2,107", "2008-09-30": "$2,438", "2008-06-30": "$2,415", "2008-03-31": "$2,451", "2007-12-31": "$2,182", "2007-09-30": "$2,229", "2007-06-30": "$2,233", "2007-03-31": "$2,361", "2006-12-31": "$2,270", "2006-09-30": "$2,412", "2006-06-30": "$2,513", "2006-03-31": "$2,534", "2005-12-31": "$1,473", "2005-09-30": "$1,556", "2005-06-30": "$1,588", "2005-03-31": "$1,631"}}, "total-liabilities": {"Ball Annual Total Liabilities (Millions of US $)": {"2019": "$14,341", "2018": "$12,992", "2017": "$13,123", "2016": "$12,632", "2015": "$8,436", "2014": "$6,331", "2013": "$6,404", "2012": "$6,217", "2011": "$5,907", "2010": "$5,270", "2009": "$4,905", "2008": "$5,281", "2007": "$4,678", "2006": "$4,676", "2005": "$3,508"}, "Ball Quarterly Total Liabilities (Millions of US $)": {"2020-09-30": "$14,019", "2020-06-30": "$13,780", "2020-03-31": "$13,845", "2019-12-31": "$14,341", "2019-09-30": "$12,772", "2019-06-30": "$13,545", "2019-03-31": "$13,274", "2018-12-31": "$12,992", "2018-09-30": "$12,725", "2018-06-30": "$13,540", "2018-03-31": "$13,593", "2017-12-31": "$13,123", "2017-09-30": "$13,365", "2017-06-30": "$13,011", "2017-03-31": "$12,921", "2016-12-31": "$12,632", "2016-09-30": "$13,240", "2016-06-30": "$21,243", "2016-03-31": "$8,981", "2015-12-31": "$8,436", "2015-09-30": "$6,484", "2015-06-30": "$6,510", "2015-03-31": "$6,507", "2014-12-31": "$6,331", "2014-09-30": "$6,200", "2014-06-30": "$6,365", "2014-03-31": "$6,462", "2013-12-31": "$6,404", "2013-09-30": "$6,392", "2013-06-30": "$6,608", "2013-03-31": "$6,519", "2012-12-31": "$6,217", "2012-09-30": "$6,054", "2012-06-30": "$6,098", "2012-03-31": "$6,211", "2011-12-31": "$5,907", "2011-09-30": "$5,970", "2011-06-30": "$6,116", "2011-03-31": "$6,101", "2010-12-31": "$5,270", "2010-09-30": "$5,239", "2010-06-30": "$5,172", "2010-03-31": "$5,523", "2009-12-31": "$4,905", "2009-09-30": "$5,313", "2009-06-30": "$4,997", "2009-03-31": "$5,313", "2008-12-31": "$5,281", "2008-09-30": "$4,805", "2008-06-30": "$5,057", "2008-03-31": "$4,989", "2007-12-31": "$4,678", "2007-09-30": "$4,658", "2007-06-30": "$4,580", "2007-03-31": "$4,703", "2006-12-31": "$4,676", "2006-09-30": "$4,609", "2006-06-30": "$4,803", "2006-03-31": "$4,683", "2005-12-31": "$3,508", "2005-09-30": "$3,501", "2005-06-30": "$3,477", "2005-03-31": "$3,498"}}, "total-share-holder-equity": {"Ball Annual Share Holder Equity (Millions of US $)": {"2019": "$3,019", "2018": "$3,562", "2017": "$4,046", "2016": "$3,541", "2015": "$1,261", "2014": "$1,240", "2013": "$1,416", "2012": "$1,290", "2011": "$1,378", "2010": "$1,658", "2009": "$1,583", "2008": "$1,087", "2007": "$1,343", "2006": "$1,165", "2005": "$853"}, "Ball Quarterly Share Holder Equity (Millions of US $)": {"2020-09-30": "$2,953", "2020-06-30": "$2,830", "2020-03-31": "$2,700", "2019-12-31": "$3,019", "2019-09-30": "$3,465", "2019-06-30": "$3,564", "2019-03-31": "$3,649", "2018-12-31": "$3,562", "2018-09-30": "$3,745", "2018-06-30": "$3,995", "2018-03-31": "$4,138", "2017-12-31": "$4,046", "2017-09-30": "$3,638", "2017-06-30": "$3,710", "2017-03-31": "$3,723", "2016-12-31": "$3,541", "2016-09-30": "$3,820", "2016-06-30": "$3,834", "2016-03-31": "$1,078", "2015-12-31": "$1,261", "2015-09-30": "$1,243", "2015-06-30": "$1,343", "2015-03-31": "$1,153", "2014-12-31": "$1,240", "2014-09-30": "$1,415", "2014-06-30": "$1,407", "2014-03-31": "$1,282", "2013-12-31": "$1,416", "2013-09-30": "$1,317", "2013-06-30": "$1,207", "2013-03-31": "$1,258", "2012-12-31": "$1,290", "2012-09-30": "$1,470", "2012-06-30": "$1,341", "2012-03-31": "$1,349", "2011-12-31": "$1,378", "2011-09-30": "$1,568", "2011-06-30": "$1,735", "2011-03-31": "$1,682", "2010-12-31": "$1,658", "2010-09-30": "$1,740", "2010-06-30": "$1,446", "2010-03-31": "$1,512", "2009-12-31": "$1,583", "2009-09-30": "$1,479", "2009-06-30": "$1,310", "2009-03-31": "$1,112", "2008-12-31": "$1,087", "2008-09-30": "$1,407", "2008-06-30": "$1,523", "2008-03-31": "$1,457", "2007-12-31": "$1,343", "2007-09-30": "$1,357", "2007-06-30": "$1,346", "2007-03-31": "$1,215", "2006-12-31": "$1,165", "2006-09-30": "$1,120", "2006-06-30": "$1,050", "2006-03-31": "$892", "2005-12-31": "$853", "2005-09-30": "$875", "2005-06-30": "$953", "2005-03-31": "$1,121"}}, "profit-margins": {"current": "4.97%"}, "gross margin": {"2020-12-31": "20.86%", "2020-09-30": "20.74%", "2020-06-30": "20.35%", "2020-03-31": "20.12%", "2019-12-31": "19.79%", "2019-09-30": "19.62%", "2019-06-30": "19.58%", "2019-03-31": "19.68%", "2018-12-31": "19.82%", "2018-09-30": "20.40%", "2018-06-30": "20.34%", "2018-03-31": "20.50%", "2017-12-31": "20.63%", "2017-09-30": "20.14%", "2017-06-30": "19.56%", "2017-03-31": "19.67%", "2016-12-31": "19.48%", "2016-09-30": "19.44%", "2016-06-30": "20.19%", "2016-03-31": "19.35%", "2015-12-31": "19.22%", "2015-09-30": "18.99%", "2015-06-30": "18.97%", "2015-03-31": "19.27%", "2014-12-31": "19.45%", "2014-09-30": "19.71%", "2014-06-30": "19.61%", "2014-03-31": "19.32%", "2013-12-31": "18.81%", "2013-09-30": "18.25%", "2013-06-30": "18.07%", "2013-03-31": "17.91%", "2012-12-31": "17.88%", "2012-09-30": "17.59%", "2012-06-30": "17.41%", "2012-03-31": "17.59%", "2011-12-31": "17.96%", "2011-09-30": "18.16%", "2011-06-30": "18.48%", "2011-03-31": "18.42%", "2010-12-31": "18.03%", "2010-09-30": "17.91%", "2010-06-30": "17.89%", "2010-03-31": "17.78%", "2009-12-31": "17.78%", "2009-09-30": "17.54%", "2009-06-30": "16.79%", "2009-03-31": "16.44%", "2008-12-31": "16.51%", "2008-09-30": "16.34%", "2008-06-30": "15.48%", "2008-03-31": "15.68%", "2007-12-31": "15.74%", "2007-09-30": "16.29%", "2007-06-30": "17.31%", "2007-03-31": "16.89%", "2006-12-31": "16.34%", "2006-09-30": "16.09%", "2006-06-30": "15.86%", "2006-03-31": "16.04%", "2005-12-31": "16.48%"}, "operating margin": {"2020-12-31": "8.51%", "2020-09-30": "8.01%", "2020-06-30": "6.55%", "2020-03-31": "7.55%", "2019-12-31": "8.12%", "2019-09-30": "7.99%", "2019-06-30": "8.61%", "2019-03-31": "7.99%", "2018-12-31": "8.04%", "2018-09-30": "9.29%", "2018-06-30": "8.08%", "2018-03-31": "7.76%", "2017-12-31": "7.30%", "2017-09-30": "5.81%", "2017-06-30": "5.97%", "2017-03-31": "7.41%", "2016-12-31": "5.11%", "2016-09-30": "5.17%", "2016-06-30": "4.88%", "2016-03-31": "4.73%", "2015-12-31": "7.58%", "2015-09-30": "7.47%", "2015-06-30": "9.16%", "2015-03-31": "8.81%", "2014-12-31": "9.79%", "2014-09-30": "10.99%", "2014-06-30": "10.75%", "2014-03-31": "10.24%", "2013-12-31": "9.39%", "2013-09-30": "8.27%", "2013-06-30": "8.35%", "2013-03-31": "8.66%", "2012-12-31": "9.05%", "2012-09-30": "9.21%", "2012-06-30": "9.35%", "2012-03-31": "9.52%", "2011-12-31": "9.70%", "2011-09-30": "9.96%", "2011-06-30": "10.27%", "2011-03-31": "10.26%", "2010-12-31": "10.03%", "2010-09-30": "10.52%", "2010-06-30": "10.21%", "2010-03-31": "9.84%", "2009-12-31": "9.75%", "2009-09-30": "9.09%", "2009-06-30": "8.65%", "2009-03-31": "8.30%", "2008-12-31": "8.51%", "2008-09-30": "7.70%", "2008-06-30": "6.64%", "2008-03-31": "6.91%", "2007-12-31": "6.96%", "2007-09-30": "7.43%", "2007-06-30": "8.70%", "2007-03-31": "8.32%", "2006-12-31": "7.64%", "2006-09-30": "8.15%", "2006-06-30": "7.71%", "2006-03-31": "7.79%", "2005-12-31": "8.36%"}, "ebitda margin": {"2020-09-30": "13.86%", "2020-06-30": "12.55%", "2020-03-31": "13.45%", "2019-12-31": "14.03%", "2019-09-30": "13.90%", "2019-06-30": "14.54%", "2019-03-31": "13.94%", "2018-12-31": "14.07%", "2018-09-30": "15.50%", "2018-06-30": "14.23%", "2018-03-31": "14.49%", "2017-12-31": "13.94%", "2017-09-30": "12.25%", "2017-06-30": "12.35%", "2017-03-31": "12.79%", "2016-12-31": "10.11%", "2016-09-30": "9.64%", "2016-06-30": "8.78%", "2016-03-31": "8.47%", "2015-12-31": "11.15%", "2015-09-30": "10.91%", "2015-06-30": "12.51%", "2015-03-31": "12.10%", "2014-12-31": "13.06%", "2014-09-30": "14.34%", "2014-06-30": "14.15%", "2014-03-31": "13.74%", "2013-12-31": "12.94%", "2013-09-30": "11.73%", "2013-06-30": "11.78%", "2013-03-31": "11.95%", "2012-12-31": "12.28%", "2012-09-30": "12.53%", "2012-06-30": "12.68%", "2012-03-31": "12.94%", "2011-12-31": "13.19%", "2011-09-30": "13.40%", "2011-06-30": "13.72%", "2011-03-31": "13.70%", "2010-12-31": "13.50%", "2010-09-30": "14.15%", "2010-06-30": "13.84%", "2010-03-31": "13.38%", "2009-12-31": "13.37%", "2009-09-30": "12.33%", "2009-06-30": "12.03%", "2009-03-31": "11.93%", "2008-12-31": "12.18%", "2008-09-30": "11.66%", "2008-06-30": "10.62%", "2008-03-31": "10.84%", "2007-12-31": "10.77%", "2007-09-30": "11.25%", "2007-06-30": "12.45%", "2007-03-31": "12.10%", "2006-12-31": "11.46%", "2006-09-30": "11.90%", "2006-06-30": "11.44%", "2006-03-31": "11.50%", "2005-12-31": "12.07%"}, "pre tax profit margin": {"2020-12-31": "5.83%", "2020-09-30": "5.11%", "2020-06-30": "3.53%", "2020-03-31": "4.46%", "2019-12-31": "5.30%", "2019-09-30": "5.26%", "2019-06-30": "5.90%", "2019-03-31": "5.34%", "2018-12-31": "5.44%", "2018-09-30": "6.72%", "2018-06-30": "5.51%", "2018-03-31": "5.15%", "2017-12-31": "4.68%", "2017-09-30": "3.14%", "2017-06-30": "3.19%", "2017-03-31": "4.27%", "2016-12-31": "1.38%", "2016-09-30": "1.15%", "2016-06-30": "0.82%", "2016-03-31": "1.39%", "2015-12-31": "4.33%", "2015-09-30": "4.64%", "2015-06-30": "6.61%", "2015-03-31": "6.25%", "2014-12-31": "7.54%", "2014-09-30": "8.66%", "2014-06-30": "8.35%", "2014-03-31": "7.43%", "2013-12-31": "6.90%", "2013-09-30": "5.81%", "2013-06-30": "5.91%", "2013-03-31": "6.59%", "2012-12-31": "6.82%", "2012-09-30": "7.00%", "2012-06-30": "7.16%", "2012-03-31": "7.33%", "2011-12-31": "7.66%", "2011-09-30": "7.88%", "2011-06-30": "8.23%", "2011-03-31": "8.14%", "2010-12-31": "7.94%", "2010-09-30": "7.93%", "2010-06-30": "7.64%", "2010-03-31": "7.98%", "2009-12-31": "8.00%", "2009-09-30": "7.80%", "2009-06-30": "7.34%", "2009-03-31": "6.39%", "2008-12-31": "6.49%", "2008-09-30": "5.84%", "2008-06-30": "4.72%", "2008-03-31": "4.94%", "2007-12-31": "4.94%", "2007-09-30": "5.37%", "2007-06-30": "6.62%", "2007-03-31": "7.25%", "2006-12-31": "6.75%", "2006-09-30": "7.17%", "2006-06-30": "6.84%", "2006-03-31": "5.82%", "2005-12-31": "6.33%"}, "net profit margin": {"2020-12-31": "4.97%", "2020-09-30": "4.54%", "2020-06-30": "3.28%", "2020-03-31": "4.11%", "2019-12-31": "4.93%", "2019-09-30": "4.82%", "2019-06-30": "4.54%", "2019-03-31": "3.83%", "2018-12-31": "3.90%", "2018-09-30": "3.99%", "2018-06-30": "3.91%", "2018-03-31": "3.82%", "2017-12-31": "3.41%", "2017-09-30": "2.48%", "2017-06-30": "2.36%", "2017-03-31": "4.68%", "2016-12-31": "2.90%", "2016-09-30": "3.19%", "2016-06-30": "3.64%", "2016-03-31": "1.70%", "2015-12-31": "3.51%", "2015-09-30": "3.67%", "2015-06-30": "4.83%", "2015-03-31": "4.68%", "2014-12-31": "5.48%", "2014-09-30": "6.08%", "2014-06-30": "5.68%", "2014-03-31": "5.06%", "2013-12-31": "4.81%", "2013-09-30": "3.90%", "2013-06-30": "3.90%", "2013-03-31": "4.38%", "2012-12-31": "4.53%", "2012-09-30": "4.85%", "2012-06-30": "5.06%", "2012-03-31": "5.09%", "2011-12-31": "5.14%", "2011-09-30": "5.34%", "2011-06-30": "6.63%", "2011-03-31": "5.96%", "2010-12-31": "6.13%", "2010-09-30": "6.34%", "2010-06-30": "4.77%", "2010-03-31": "5.91%", "2009-12-31": "5.78%", "2009-09-30": "5.55%", "2009-06-30": "5.35%", "2009-03-31": "4.59%", "2008-12-31": "4.69%", "2008-09-30": "4.21%", "2008-06-30": "3.72%", "2008-03-31": "3.82%", "2007-12-31": "3.80%", "2007-09-30": "4.10%", "2007-06-30": "4.79%", "2007-03-31": "5.27%", "2006-12-31": "4.97%", "2006-09-30": "5.32%", "2006-06-30": "5.06%", "2006-03-31": "4.44%", "2005-12-31": "4.73%"}, "pe ratio": {"current": "30.00", "2021-02-11": "82.74", "2020-12-31": "87.08", "2020-09-30": "53.54", "2020-06-30": "62.96", "2020-03-31": "45.93", "2019-12-31": "38.43", "2019-09-30": "44.23", "2019-06-30": "45.21", "2019-03-31": "44.22", "2018-12-31": "34.81", "2018-09-30": "31.31", "2018-06-30": "25.99", "2018-03-31": "30.31", "2017-12-31": "32.94", "2017-09-30": "62.74", "2017-06-30": "80.26", "2017-03-31": "23.95", "2016-12-31": "42.15", "2016-09-30": "38.92", "2016-06-30": "29.61", "2016-03-31": "72.86", "2015-12-31": "35.05", "2015-09-30": "27.82", "2015-06-30": "23.43", "2015-03-31": "24.06", "2014-12-31": "19.66", "2014-09-30": "16.65", "2014-06-30": "17.74", "2014-03-31": "17.82", "2013-12-31": "17.86", "2013-09-30": "18.61", "2013-06-30": "17.56", "2013-03-31": "18.03", "2012-12-31": "16.37", "2012-09-30": "14.98", "2012-06-30": "14.17", "2012-03-31": "14.99", "2011-12-31": "12.55", "2011-09-30": "10.67", "2011-06-30": "11.27", "2011-03-31": "12.34", "2010-12-31": "12.19", "2010-09-30": "10.93", "2010-06-30": "13.72", "2010-03-31": "11.65", "2009-12-31": "11.56", "2009-09-30": "12.49", "2009-06-30": "11.57", "2009-03-31": "12.42", "2008-12-31": "11.44", "2008-09-30": "10.93", "2008-06-30": "15.36", "2008-03-31": "14.70", "2007-12-31": "14.74", "2007-09-30": "16.77", "2007-06-30": "14.61", "2007-03-31": "11.74", "2006-12-31": "12.43"}, "price sales": {"2021-02-11": "2.50", "2020-12-31": "2.63", "2020-09-30": "2.43", "2020-06-30": "2.07", "2020-03-31": "1.90", "2019-12-31": "1.91", "2019-09-30": "2.15", "2019-06-30": "2.07", "2019-03-31": "1.72", "2018-12-31": "1.38", "2018-09-30": "1.32", "2018-06-30": "1.08", "2018-03-31": "1.23", "2017-12-31": "1.20", "2017-09-30": "1.30", "2017-06-30": "1.35", "2017-03-31": "1.22", "2016-12-31": "1.26", "2016-09-30": "1.45", "2016-06-30": "1.29", "2016-03-31": "1.24", "2015-12-31": "1.23", "2015-09-30": "1.02", "2015-06-30": "1.14", "2015-03-31": "1.13", "2014-12-31": "1.08", "2014-09-30": "1.02", "2014-06-30": "1.01", "2014-03-31": "0.90", "2013-12-31": "0.86", "2013-09-30": "0.75", "2013-06-30": "0.70", "2013-03-31": "0.80", "2012-12-31": "0.76", "2012-09-30": "0.73", "2012-06-30": "0.72", "2012-03-31": "0.77", "2011-12-31": "0.65", "2011-09-30": "0.58", "2011-06-30": "0.75", "2011-03-31": "0.74", "2010-12-31": "0.76", "2010-09-30": "0.70", "2010-06-30": "0.65", "2010-03-31": "0.69", "2009-12-31": "0.67", "2009-09-30": "0.69", "2009-06-30": "0.62", "2009-03-31": "0.57", "2008-12-31": "0.54", "2008-09-30": "0.46", "2008-06-30": "0.58", "2008-03-31": "0.56", "2007-12-31": "0.56", "2007-09-30": "0.69", "2007-06-30": "0.69", "2007-03-31": "0.61", "2006-12-31": "0.61"}, "price book": {"current": "8.70", "2021-02-11": "9.80", "2020-09-30": "9.19", "2020-06-30": "7.99", "2020-03-31": "7.76", "2019-12-31": "6.90", "2019-09-30": "6.85", "2019-06-30": "6.44", "2019-03-31": "5.23", "2018-12-31": "4.26", "2018-09-30": "3.93", "2018-06-30": "3.02", "2018-03-31": "3.28", "2017-12-31": "3.19", "2017-09-30": "3.86", "2017-06-30": "3.88", "2017-03-31": "3.38", "2016-12-31": "3.58", "2016-09-30": "3.61", "2016-06-30": "2.58", "2016-03-31": "9.00", "2015-12-31": "7.87", "2015-09-30": "6.52", "2015-06-30": "6.89", "2015-03-31": "8.05", "2014-12-31": "7.17", "2014-09-30": "5.85", "2014-06-30": "5.85", "2014-03-31": "5.63", "2013-12-31": "4.89", "2013-09-30": "4.64", "2013-06-30": "4.71", "2013-03-31": "5.27", "2012-12-31": "4.85", "2012-09-30": "4.12", "2012-06-30": "4.40", "2012-03-31": "4.61", "2011-12-31": "3.84", "2011-09-30": "2.96", "2011-06-30": "3.40", "2011-03-31": "3.30", "2010-12-31": "3.24", "2010-09-30": "2.75", "2010-06-30": "3.06", "2010-03-31": "2.99", "2009-12-31": "2.80", "2009-09-30": "2.84", "2009-06-30": "2.94", "2009-03-31": "3.31", "2008-12-31": "3.23", "2008-09-30": "2.40", "2008-06-30": "2.72", "2008-03-31": "2.76", "2007-12-31": "3.00", "2007-09-30": "3.57", "2007-06-30": "3.58", "2007-03-31": "3.42", "2006-12-31": "3.45", "2006-09-30": "3.32", "2006-06-30": "3.26", "2006-03-31": "4.52"}, "price fcf": {"2021-02-11": "", "2020-09-30": "$1.10", "2020-06-30": "$0.81", "2020-03-31": "$0.85", "2019-12-31": "$2.79", "2019-09-30": "$1.63", "2019-06-30": "$2.09", "2019-03-31": "$2.19", "2018-12-31": "$2.13", "2018-09-30": "$2.81", "2018-06-30": "$2.50", "2018-03-31": "$3.17", "2017-12-31": "$2.58", "2017-09-30": "$2.01", "2017-06-30": "$-0.40", "2017-03-31": "$-0.90", "2016-12-31": "$-1.28", "2016-09-30": "$-1.49", "2016-06-30": "$0.94", "2016-03-31": "$0.86", "2015-12-31": "$1.70", "2015-09-30": "$1.62", "2015-06-30": "$1.86", "2015-03-31": "$1.85", "2014-12-31": "$2.18", "2014-09-30": "$2.61", "2014-06-30": "$2.76", "2014-03-31": "$2.21", "2013-12-31": "$1.54", "2013-09-30": "$1.50", "2013-06-30": "$0.98", "2013-03-31": "$1.29", "2012-12-31": "$1.73", "2012-09-30": "$1.72", "2012-06-30": "$1.45", "2012-03-31": "$1.07", "2011-12-31": "$1.50", "2011-09-30": "$0.41", "2011-06-30": "$0.67", "2011-03-31": "$1.04", "2010-12-31": "$0.72", "2010-09-30": "$2.01", "2010-06-30": "$1.17", "2010-03-31": "$1.24", "2009-12-31": "$1.06", "2009-09-30": "$0.83", "2009-06-30": "$1.25", "2009-03-31": "$0.62", "2008-12-31": "$0.88", "2008-09-30": "$0.21", "2008-06-30": "$0.10", "2008-03-31": "$0.63", "2007-12-31": "$0.89", "2007-09-30": "$0.90", "2007-06-30": "$0.96", "2007-03-31": "$0.38", "2006-12-31": "$0.29"}, "net worth": {"value": "$29.04B"}, "current ratio": {"2020-12-31": "1.05", "2020-09-30": "1.07", "2020-06-30": "0.97", "2020-03-31": "1.06", "2019-12-31": "0.88", "2019-09-30": "1.02", "2019-06-30": "1.10", "2019-03-31": "1.09", "2018-12-31": "0.96", "2018-09-30": "1.01", "2018-06-30": "1.23", "2018-03-31": "1.07", "2017-12-31": "0.92", "2017-09-30": "1.04", "2017-06-30": "1.12", "2017-03-31": "1.30", "2016-12-31": "1.23", "2016-09-30": "1.39", "2016-06-30": "0.97", "2016-03-31": "1.04", "2015-12-31": "1.02", "2015-09-30": "1.05", "2015-06-30": "1.14", "2015-03-31": "1.21", "2014-12-31": "1.15", "2014-09-30": "1.18", "2014-06-30": "1.23", "2014-03-31": "1.32", "2013-12-31": "1.28", "2013-09-30": "1.55", "2013-06-30": "1.48", "2013-03-31": "1.51", "2012-12-31": "1.39", "2012-09-30": "1.40", "2012-06-30": "1.33", "2012-03-31": "1.39", "2011-12-31": "1.25", "2011-09-30": "1.44", "2011-06-30": "1.56", "2011-03-31": "1.61", "2010-12-31": "1.67", "2010-09-30": "1.22", "2010-06-30": "1.36", "2010-03-31": "1.27", "2009-12-31": "1.58", "2009-09-30": "1.73", "2009-06-30": "1.27", "2009-03-31": "1.37", "2008-12-31": "1.16", "2008-09-30": "1.48", "2008-06-30": "1.36", "2008-03-31": "1.37", "2007-12-31": "1.22", "2007-09-30": "1.32", "2007-06-30": "1.39", "2007-03-31": "1.39", "2006-12-31": "1.21", "2006-09-30": "1.34", "2006-06-30": "1.34", "2006-03-31": "1.35", "2005-12-31": "1.06", "2005-09-30": "1.14", "2005-06-30": "1.26", "2005-03-31": "1.41"}, "quick ratio": {"2020-12-31": "0.75", "2020-09-30": "0.72", "2020-06-30": "0.64", "2020-03-31": "0.72", "2019-12-31": "0.65", "2019-09-30": "0.70", "2019-06-30": "0.81", "2019-03-31": "0.77", "2018-12-31": "0.65", "2018-09-30": "0.69", "2018-06-30": "0.92", "2018-03-31": "0.70", "2017-12-31": "0.54", "2017-09-30": "0.66", "2017-06-30": "0.67", "2017-03-31": "0.78", "2016-12-31": "0.75", "2016-09-30": "0.91", "2016-06-30": "0.83", "2016-03-31": "0.61", "2015-12-31": "0.60", "2015-09-30": "0.66", "2015-06-30": "0.72", "2015-03-31": "0.70", "2014-12-31": "0.65", "2014-09-30": "0.70", "2014-06-30": "0.71", "2014-03-31": "0.73", "2013-12-31": "0.75", "2013-09-30": "0.92", "2013-06-30": "0.86", "2013-03-31": "0.85", "2012-12-31": "0.77", "2012-09-30": "0.86", "2012-06-30": "0.78", "2012-03-31": "0.77", "2011-12-31": "0.67", "2011-09-30": "0.83", "2011-06-30": "0.87", "2011-03-31": "0.87", "2010-12-31": "0.88", "2010-09-30": "0.75", "2010-06-30": "0.89", "2010-03-31": "0.77", "2009-12-31": "0.97", "2009-09-30": "1.14", "2009-06-30": "0.69", "2009-03-31": "0.73", "2008-12-31": "0.64", "2008-09-30": "0.74", "2008-06-30": "0.68", "2008-03-31": "0.62", "2007-12-31": "0.56", "2007-09-30": "0.71", "2007-06-30": "0.72", "2007-03-31": "0.63", "2006-12-31": "0.57", "2006-09-30": "0.73", "2006-06-30": "0.72", "2006-03-31": "0.62", "2005-12-31": "0.46", "2005-09-30": "0.64", "2005-06-30": "0.65", "2005-03-31": "0.71"}, "debt equity ratio": {"current": "2.33", "2020-12-31": "4.47", "2020-09-30": "4.75", "2020-06-30": "4.87", "2020-03-31": "5.13", "2019-12-31": "4.75", "2019-09-30": "3.69", "2019-06-30": "3.80", "2019-03-31": "3.64", "2018-12-31": "3.65", "2018-09-30": "3.40", "2018-06-30": "3.39", "2018-03-31": "3.29", "2017-12-31": "3.24", "2017-09-30": "3.67", "2017-06-30": "3.51", "2017-03-31": "3.47", "2016-12-31": "3.57", "2016-09-30": "3.47", "2016-06-30": "5.54", "2016-03-31": "8.33", "2015-12-31": "6.69", "2015-09-30": "5.21", "2015-06-30": "4.85", "2015-03-31": "5.64", "2014-12-31": "5.11", "2014-09-30": "4.38", "2014-06-30": "4.53", "2014-03-31": "5.04", "2013-12-31": "4.52", "2013-09-30": "4.85", "2013-06-30": "5.47", "2013-03-31": "5.18", "2012-12-31": "4.82", "2012-09-30": "4.12", "2012-06-30": "4.55", "2012-03-31": "4.61", "2011-12-31": "4.29", "2011-09-30": "3.81", "2011-06-30": "3.53", "2011-03-31": "3.63", "2010-12-31": "3.18", "2010-09-30": "3.01", "2010-06-30": "3.58", "2010-03-31": "3.65", "2009-12-31": "3.10", "2009-09-30": "3.59", "2009-06-30": "3.82", "2009-03-31": "4.78", "2008-12-31": "4.86", "2008-09-30": "3.42", "2008-06-30": "3.32", "2008-03-31": "3.42", "2007-12-31": "3.49", "2007-09-30": "3.43", "2007-06-30": "3.40", "2007-03-31": "3.87", "2006-12-31": "4.01", "2006-09-30": "4.12", "2006-06-30": "4.57", "2006-03-31": "5.25", "2005-12-31": "4.11", "2005-09-30": "4.00", "2005-06-30": "3.65", "2005-03-31": "3.12"}, "return on equity": {"2020-12-31": "19.80%", "2020-09-30": "18.01%", "2020-06-30": "12.29%", "2020-03-31": "14.81%", "2019-12-31": "16.53%", "2019-09-30": "15.65%", "2019-06-30": "14.44%", "2019-03-31": "11.93%", "2018-12-31": "11.76%", "2018-09-30": "11.61%", "2018-06-30": "11.41%", "2018-03-31": "11.10%", "2017-12-31": "9.90%", "2017-09-30": "7.31%", "2017-06-30": "6.76%", "2017-03-31": "12.28%", "2016-12-31": "8.57%", "2016-09-30": "10.65%", "2016-06-30": "15.10%", "2016-03-31": "10.80%", "2015-12-31": "22.48%", "2015-09-30": "24.26%", "2015-06-30": "31.37%", "2015-03-31": "30.45%", "2014-12-31": "35.18%", "2014-09-30": "37.61%", "2014-06-30": "35.93%", "2014-03-31": "32.86%", "2013-12-31": "31.32%", "2013-09-30": "26.42%", "2013-06-30": "25.65%", "2013-03-31": "28.36%", "2012-12-31": "29.06%", "2012-09-30": "30.41%", "2012-06-30": "31.09%", "2012-03-31": "29.25%", "2011-12-31": "27.91%", "2011-09-30": "27.58%", "2011-06-30": "32.52%", "2011-03-31": "29.42%", "2010-12-31": "29.45%", "2010-09-30": "29.10%", "2010-06-30": "22.13%", "2010-03-31": "26.99%", "2009-12-31": "28.30%", "2009-09-30": "27.35%", "2009-06-30": "27.58%", "2009-03-31": "23.86%", "2008-12-31": "23.38%", "2008-09-30": "22.27%", "2008-06-30": "19.58%", "2008-03-31": "20.64%", "2007-12-31": "21.36%", "2007-09-30": "23.29%", "2007-06-30": "28.23%", "2007-03-31": "32.18%", "2006-12-31": "31.13%", "2006-09-30": "34.33%", "2006-06-30": "33.57%", "2006-03-31": "28.77%", "2005-12-31": "28.62%"}, "return on assets": {"2020-12-31": "3.42%", "2020-09-30": "3.07%", "2020-06-30": "2.21%", "2020-03-31": "2.81%", "2019-12-31": "3.35%", "2019-09-30": "3.33%", "2019-06-30": "3.13%", "2019-03-31": "2.64%", "2018-12-31": "2.66%", "2018-09-30": "2.68%", "2018-06-30": "2.60%", "2018-03-31": "2.51%", "2017-12-31": "2.22%", "2017-09-30": "1.61%", "2017-06-30": "1.50%", "2017-03-31": "2.44%", "2016-12-31": "1.54%", "2016-09-30": "1.72%", "2016-06-30": "2.13%", "2016-03-31": "1.51%", "2015-12-31": "3.41%", "2015-09-30": "3.92%", "2015-06-30": "5.26%", "2015-03-31": "5.19%", "2014-12-31": "6.12%", "2014-09-30": "6.71%", "2014-06-30": "6.27%", "2014-03-31": "5.52%", "2013-12-31": "5.23%", "2013-09-30": "4.35%", "2013-06-30": "4.38%", "2013-03-31": "5.03%", "2012-12-31": "5.27%", "2012-09-30": "5.65%", "2012-06-30": "5.87%", "2012-03-31": "5.83%", "2011-12-31": "5.83%", "2011-09-30": "6.09%", "2011-06-30": "7.50%", "2011-03-31": "6.78%", "2010-12-31": "6.79%", "2010-09-30": "6.74%", "2010-06-30": "4.95%", "2010-03-31": "5.96%", "2009-12-31": "5.97%", "2009-09-30": "5.27%", "2009-06-30": "5.36%", "2009-03-31": "4.78%", "2008-12-31": "5.00%", "2008-09-30": "5.05%", "2008-06-30": "4.44%", "2008-03-31": "4.65%", "2007-12-31": "4.71%", "2007-09-30": "5.00%", "2007-06-30": "5.84%", "2007-03-31": "6.27%", "2006-12-31": "5.72%", "2006-09-30": "6.25%", "2006-06-30": "6.11%", "2006-03-31": "5.48%", "2005-12-31": "6.12%"}, "return on investments": {"2020-12-31": "9.57%", "2020-09-30": "9.10%", "2020-06-30": "7.44%", "2020-03-31": "8.64%", "2019-12-31": "9.25%", "2019-09-30": "9.01%", "2019-06-30": "9.65%", "2019-03-31": "8.88%", "2018-12-31": "8.74%", "2018-09-30": "9.95%", "2018-06-30": "8.52%", "2018-03-31": "8.05%", "2017-12-31": "7.38%", "2017-09-30": "5.72%", "2017-06-30": "5.69%", "2017-03-31": "6.35%", "2016-12-31": "4.52%", "2016-09-30": "4.74%", "2016-06-30": "5.19%", "2016-03-31": "6.99%", "2015-12-31": "12.77%", "2015-09-30": "14.46%", "2015-06-30": "17.72%", "2015-03-31": "17.10%", "2014-12-31": "18.82%", "2014-09-30": "20.62%", "2014-06-30": "19.93%", "2014-03-31": "18.64%", "2013-12-31": "17.03%", "2013-09-30": "15.39%", "2013-06-30": "15.83%", "2013-03-31": "16.95%", "2012-12-31": "18.02%", "2012-09-30": "18.52%", "2012-06-30": "18.59%", "2012-03-31": "18.37%", "2011-12-31": "18.23%", "2011-09-30": "18.32%", "2011-06-30": "19.18%", "2011-03-31": "19.86%", "2010-12-31": "19.63%", "2010-09-30": "20.08%", "2010-06-30": "18.62%", "2010-03-31": "17.59%", "2009-12-31": "17.83%", "2009-09-30": "15.94%", "2009-06-30": "15.85%", "2009-03-31": "15.34%", "2008-12-31": "15.61%", "2008-09-30": "15.35%", "2008-06-30": "13.29%", "2008-03-31": "14.09%", "2007-12-31": "14.41%", "2007-09-30": "15.15%", "2007-06-30": "17.59%", "2007-03-31": "16.39%", "2006-12-31": "14.50%", "2006-09-30": "16.03%", "2006-06-30": "15.97%", "2006-03-31": "16.82%", "2005-12-31": "19.14%"}, "return on tangible equity": {"2020-09-30": "-15.22%", "2020-06-30": "-11.18%", "2020-03-31": "-14.76%", "2019-12-31": "-18.55%", "2019-09-30": "-18.71%", "2019-06-30": "-17.51%", "2019-03-31": "-15.09%", "2018-12-31": "-14.90%", "2018-09-30": "-14.86%", "2018-06-30": "-13.67%", "2018-03-31": "-12.29%", "2017-12-31": "-10.60%", "2017-09-30": "-7.49%", "2017-06-30": "-7.18%", "2017-03-31": "-13.40%", "2016-12-31": "-8.65%", "2016-09-30": "-10.88%", "2016-06-30": "-14.19%", "2016-03-31": "-8.84%", "2015-12-31": "-19.37%", "2015-09-30": "-19.24%", "2015-06-30": "-26.17%", "2015-03-31": "-25.55%", "2014-12-31": "-29.86%", "2014-09-30": "-33.10%", "2014-06-30": "-30.30%", "2014-03-31": "-26.20%", "2013-12-31": "-25.23%", "2013-09-30": "-20.64%", "2013-06-30": "-21.79%", "2013-03-31": "-25.99%", "2012-12-31": "-27.86%", "2012-09-30": "-30.90%", "2012-06-30": "-32.81%", "2012-03-31": "-34.69%", "2011-12-31": "-36.88%", "2011-09-30": "-41.95%", "2011-06-30": "-55.18%", "2011-03-31": "-50.65%", "2010-12-31": "-52.03%", "2010-09-30": "-52.33%", "2010-06-30": "-38.69%", "2010-03-31": "-46.64%", "2009-12-31": "-44.80%", "2009-09-30": "-36.25%", "2009-06-30": "-35.09%", "2009-03-31": "-31.59%", "2008-12-31": "-33.92%", "2008-09-30": "-35.86%", "2008-06-30": "-31.40%", "2008-03-31": "-32.70%", "2007-12-31": "-32.17%", "2007-09-30": "-32.55%", "2007-06-30": "-35.13%", "2007-03-31": "-34.33%", "2006-12-31": "-28.77%", "2006-09-30": "-31.67%", "2006-06-30": "-32.26%", "2006-03-31": "-31.65%", "2005-12-31": "-43.33%"}, "dividend yield history": {"last payout": "$0.60", "last yield": "0.68%"}}