{"ticker": "BLUE", "price": {"title": "Bluebird Bio Historical Annual Stock Price Data", "value": 47.7, "historical": {"2020": {"Average Stock Price": "60.5399", "Year Open": "86.3700", "Year High": "98.0400", "Year Low": "40.3900", "Year Close": "43.2700", "Annual % Change": "-50.69%"}, "2019": {"Average Stock Price": "117.5488", "Year Open": "99.5000", "Year High": "162.4500", "Year Low": "72.5000", "Year Close": "87.7500", "Annual % Change": "-11.54%"}, "2018": {"Average Stock Price": "162.3411", "Year Open": "181.9000", "Year High": "233.0500", "Year Low": "91.2500", "Year Close": "99.2000", "Annual % Change": "-44.30%"}, "2017": {"Average Stock Price": "109.2424", "Year Open": "61.8500", "Year High": "201.8000", "Year Low": "61.8500", "Year Close": "178.1000", "Annual % Change": "188.65%"}, "2016": {"Average Stock Price": "52.1084", "Year Open": "63.4700", "Year High": "78.9500", "Year Low": "36.2000", "Year Close": "61.7000", "Annual % Change": "-3.92%"}, "2015": {"Average Stock Price": "119.3100", "Year Open": "91.2600", "Year High": "194.2500", "Year Low": "52.2500", "Year Close": "64.2200", "Annual % Change": "-29.98%"}, "2014": {"Average Stock Price": "33.9973", "Year Open": "20.8700", "Year High": "93.6600", "Year Low": "17.6900", "Year Close": "91.7200", "Annual % Change": "337.18%"}, "2013": {"Average Stock Price": "25.1425", "Year Open": "26.9100", "Year High": "35.0000", "Year Low": "17.5300", "Year Close": "20.9800", "Annual % Change": "0.00%"}}}, "market cap": {"value": "$3.17B"}, "income statement": {"Revenue": {"2019-12-31": "44.67400", "2018-12-31": "54.57900", "2017-12-31": "35.42700", "2016-12-31": "6.15500", "2015-12-31": "14.07900", "2014-12-31": "25.42100", "2013-12-31": "20.18100", "2012-12-31": "0.34000", "2011-12-31": "0.88200"}, "Cost Of Goods Sold": {"2019-12-31": "2.97800", "2018-12-31": "0.88500", "2017-12-31": "1.52700", "2016-12-31": "", "2015-12-31": "", "2014-12-31": "", "2013-12-31": "", "2012-12-31": "", "2011-12-31": ""}, "Gross Profit": {"2019-12-31": "41.69600", "2018-12-31": "53.69400", "2017-12-31": "33.90000", "2016-12-31": "6.15500", "2015-12-31": "14.07900", "2014-12-31": "25.42100", "2013-12-31": "20.18100", "2012-12-31": "0.34000", "2011-12-31": "0.88200"}, "Research And Development Expenses": {"2019-12-31": "582.41300", "2018-12-31": "448.58900", "2017-12-31": "273.04000", "2016-12-31": "204.77500", "2015-12-31": "134.03800", "2014-12-31": "62.57400", "2013-12-31": "31.00200", "2012-12-31": "17.21000", "2011-12-31": "11.40900"}, "SG&A Expenses": {"2019-12-31": "271.36200", "2018-12-31": "174.12900", "2017-12-31": "93.55000", "2016-12-31": "65.11900", "2015-12-31": "46.20900", "2014-12-31": "23.22700", "2013-12-31": "14.12600", "2012-12-31": "6.84600", "2011-12-31": "4.61500"}, "Other Operating Income Or Expenses": {"2019-12-31": "-2.74700", "2018-12-31": "-2.99900", "2017-12-31": "0.52500", "2016-12-31": "-4.09100", "2015-12-31": "-2.86900", "2014-12-31": "-0.24600", "2013-12-31": "", "2012-12-31": "", "2011-12-31": ""}, "Operating Expenses": {"2019-12-31": "859.50010", "2018-12-31": "626.60210", "2017-12-31": "367.59200", "2016-12-31": "273.98500", "2015-12-31": "183.11600", "2014-12-31": "86.04700", "2013-12-31": "45.12800", "2012-12-31": "24.05600", "2011-12-31": "16.02400"}, "Operating Income": {"2019-12-31": "-814.82600", "2018-12-31": "-572.02310", "2017-12-31": "-332.16500", "2016-12-31": "-267.83000", "2015-12-31": "-169.03700", "2014-12-31": "-60.62600", "2013-12-31": "-24.94700", "2012-12-31": "-23.71600", "2011-12-31": "-15.14200"}, "Total Non-Operating Income/Expense": {"2019-12-31": "24.67300", "2018-12-31": "16.58500", "2017-12-31": "-3.26800", "2016-12-31": "3.71100", "2015-12-31": "2.31400", "2014-12-31": "0.12000", "2013-12-31": "-0.37400", "2012-12-31": "0.04600", "2011-12-31": "-0.45600"}, "Pre-Tax Income": {"2019-12-31": "-790.15300", "2018-12-31": "-555.43800", "2017-12-31": "-335.43300", "2016-12-31": "-264.11900", "2015-12-31": "-166.72300", "2014-12-31": "-60.50600", "2013-12-31": "-25.32100", "2012-12-31": "-23.67000", "2011-12-31": "-15.59800"}, "Income Taxes": {"2019-12-31": "-0.54500", "2018-12-31": "0.18700", "2017-12-31": "0.21000", "2016-12-31": "-0.61200", "2015-12-31": "0.06000", "2014-12-31": "-11.79700", "2013-12-31": "", "2012-12-31": "", "2011-12-31": ""}, "Income After Taxes": {"2019-12-31": "-789.60800", "2018-12-31": "-555.62500", "2017-12-31": "-335.64300", "2016-12-31": "-263.50700", "2015-12-31": "-166.78300", "2014-12-31": "-48.70900", "2013-12-31": "-25.32100", "2012-12-31": "-23.67000", "2011-12-31": "-15.59800"}, "Other Income": {"2019-12-31": "", "2018-12-31": "", "2017-12-31": "", "2016-12-31": "", "2015-12-31": "", "2014-12-31": "", "2013-12-31": "", "2012-12-31": "", "2011-12-31": ""}, "Income From Continuous Operations": {"2019-12-31": "-789.60800", "2018-12-31": "-555.62500", "2017-12-31": "-335.64300", "2016-12-31": "-263.50700", "2015-12-31": "-166.78300", "2014-12-31": "-48.70900", "2013-12-31": "-25.32100", "2012-12-31": "-23.67000", "2011-12-31": "-15.59800"}, "Income From Discontinued Operations": {"2019-12-31": "", "2018-12-31": "", "2017-12-31": "", "2016-12-31": "", "2015-12-31": "", "2014-12-31": "", "2013-12-31": "", "2012-12-31": "", "2011-12-31": ""}, "Net Income": {"2019-12-31": "-789.60800", "2018-12-31": "-555.62500", "2017-12-31": "-335.64300", "2016-12-31": "-263.50700", "2015-12-31": "-166.78300", "2014-12-31": "-48.70900", "2013-12-31": "-25.32100", "2012-12-31": "-3.61300", "2011-12-31": "-20.59100"}, "EBITDA": {"2019-12-31": "-797.39200", "2018-12-31": "-554.86510", "2017-12-31": "-318.62700", "2016-12-31": "-258.18200", "2015-12-31": "-161.61800", "2014-12-31": "-56.39800", "2013-12-31": "-24.00600", "2012-12-31": "-23.41500", "2011-12-31": "-14.91700"}, "EBIT": {"2019-12-31": "-814.82600", "2018-12-31": "-572.02310", "2017-12-31": "-332.16500", "2016-12-31": "-267.83000", "2015-12-31": "-169.03700", "2014-12-31": "-60.62600", "2013-12-31": "-24.94700", "2012-12-31": "-23.71600", "2011-12-31": "-15.14200"}, "Basic Shares Outstanding": {"2019-12-31": "55.19100", "2018-12-31": "52.03200", "2017-12-31": "43.53500", "2016-12-31": "37.28400", "2015-12-31": "34.66900", "2014-12-31": "26.54600", "2013-12-31": "12.55500", "2012-12-31": "0.26200", "2011-12-31": "0.12000"}, "Shares Outstanding": {"2019-12-31": "55.19100", "2018-12-31": "52.03200", "2017-12-31": "43.53500", "2016-12-31": "37.28400", "2015-12-31": "34.66900", "2014-12-31": "26.54600", "2013-12-31": "12.55500", "2012-12-31": "0.26200", "2011-12-31": "0.12000"}, "Basic EPS": {"2019-12-31": "-14.31000", "2018-12-31": "-10.68000", "2017-12-31": "-7.71000", "2016-12-31": "-7.07000", "2015-12-31": "-4.81000", "2014-12-31": "-1.83000", "2013-12-31": "-2.02000", "2012-12-31": "-13.79000", "2011-12-31": "-171.59000"}, "EPS - Earnings Per Share": {"2019-12-31": "-14.31000", "2018-12-31": "-10.68000", "2017-12-31": "-7.71000", "2016-12-31": "-7.07000", "2015-12-31": "-4.81000", "2014-12-31": "-1.83000", "2013-12-31": "-2.02000", "2012-12-31": "-13.79000", "2011-12-31": "-171.59000"}}, "income statement, quarterly": {"Revenue": {"2020-09-30": "19.27300", "2020-06-30": "198.89000", "2020-03-31": "21.86300", "2019-12-31": "9.99700", "2019-09-30": "8.91000", "2019-06-30": "13.29600", "2019-03-31": "12.47100", "2018-12-31": "19.24300", "2018-09-30": "11.52800", "2018-06-30": "7.85100", "2018-03-31": "15.95700", "2017-12-31": "4.16800", "2017-09-30": "7.71100", "2017-06-30": "16.71600", "2017-03-31": "6.83200", "2016-12-31": "1.55200", "2016-09-30": "1.55200", "2016-06-30": "1.55200", "2016-03-31": "1.49900", "2015-12-31": "1.47100", "2015-09-30": "1.32400", "2015-06-30": "4.94000", "2015-03-31": "6.34400", "2014-12-31": "6.38600", "2014-09-30": "6.36500", "2014-06-30": "6.33500", "2014-03-31": "6.33500", "2013-12-31": "6.33500", "2013-09-30": "6.38500", "2013-06-30": "6.33400", "2013-03-31": "1.12700", "2012-12-31": "", "2012-09-30": "0.08500", "2012-06-30": "0.08500", "2011-12-31": ""}, "Cost Of Goods Sold": {"2020-09-30": "1.31800", "2020-06-30": "1.55400", "2020-03-31": "1.02500", "2019-12-31": "1.07300", "2019-09-30": "0.86200", "2019-06-30": "0.61300", "2019-03-31": "0.43000", "2018-12-31": "0.81800", "2018-09-30": "0.02900", "2018-06-30": "0.02100", "2018-03-31": "0.01700", "2017-12-31": "0.00700", "2017-09-30": "1.10000", "2017-06-30": "0.42000", "2017-03-31": "", "2016-12-31": "", "2016-09-30": "", "2016-06-30": "", "2016-03-31": "", "2015-12-31": "", "2015-09-30": "", "2015-06-30": "", "2015-03-31": "", "2014-12-31": "", "2014-09-30": "", "2014-06-30": "", "2014-03-31": "", "2013-12-31": "", "2013-09-30": "", "2013-06-30": "", "2013-03-31": "", "2012-12-31": "", "2012-09-30": "", "2012-06-30": "", "2011-12-31": ""}, "Gross Profit": {"2020-09-30": "17.95500", "2020-06-30": "197.33600", "2020-03-31": "20.83800", "2019-12-31": "8.92400", "2019-09-30": "8.04800", "2019-06-30": "12.68300", "2019-03-31": "12.04100", "2018-12-31": "18.42500", "2018-09-30": "11.49900", "2018-06-30": "7.83000", "2018-03-31": "15.94000", "2017-12-31": "4.16100", "2017-09-30": "6.61100", "2017-06-30": "16.29600", "2017-03-31": "6.83200", "2016-12-31": "1.55200", "2016-09-30": "1.55200", "2016-06-30": "1.55200", "2016-03-31": "1.49900", "2015-12-31": "1.47100", "2015-09-30": "1.32400", "2015-06-30": "4.94000", "2015-03-31": "6.34400", "2014-12-31": "6.38600", "2014-09-30": "6.36500", "2014-06-30": "6.33500", "2014-03-31": "6.33500", "2013-12-31": "6.33500", "2013-09-30": "6.38500", "2013-06-30": "6.33400", "2013-03-31": "1.12700", "2012-12-31": "", "2012-09-30": "0.08500", "2012-06-30": "0.08500", "2011-12-31": ""}, "Research And Development Expenses": {"2020-09-30": "140.43100", "2020-06-30": "156.30800", "2020-03-31": "154.12300", "2019-12-31": "161.82110", "2019-09-30": "151.41200", "2019-06-30": "146.54000", "2019-03-31": "122.64000", "2018-12-31": "119.72200", "2018-09-30": "116.74400", "2018-06-30": "115.01400", "2018-03-31": "97.10900", "2017-12-31": "92.57600", "2017-09-30": "61.54500", "2017-06-30": "63.89100", "2017-03-31": "55.02800", "2016-12-31": "57.13300", "2016-09-30": "63.97100", "2016-06-30": "41.76000", "2016-03-31": "41.91100", "2015-12-31": "35.65800", "2015-09-30": "30.39500", "2015-06-30": "44.26600", "2015-03-31": "23.71900", "2014-12-31": "20.53100", "2014-09-30": "16.64900", "2014-06-30": "13.93100", "2014-03-31": "11.46300", "2013-12-31": "9.76500", "2013-09-30": "8.70600", "2013-06-30": "7.24700", "2013-03-31": "5.28400", "2012-12-31": "", "2012-09-30": "3.50100", "2012-06-30": "3.35400", "2011-12-31": ""}, "SG&A Expenses": {"2020-09-30": "68.04600", "2020-06-30": "68.62800", "2020-03-31": "73.24800", "2019-12-31": "76.20200", "2019-09-30": "66.25000", "2019-06-30": "68.63100", "2019-03-31": "60.27900", "2018-12-31": "53.50800", "2018-09-30": "44.52700", "2018-06-30": "41.16800", "2018-03-31": "34.92600", "2017-12-31": "29.08700", "2017-09-30": "22.98200", "2017-06-30": "21.19700", "2017-03-31": "20.28400", "2016-12-31": "16.17800", "2016-09-30": "14.62300", "2016-06-30": "18.36300", "2016-03-31": "15.95500", "2015-12-31": "14.44500", "2015-09-30": "13.70400", "2015-06-30": "10.72400", "2015-03-31": "7.33600", "2014-12-31": "5.30100", "2014-09-30": "6.64800", "2014-06-30": "5.73800", "2014-03-31": "5.54000", "2013-12-31": "4.68500", "2013-09-30": "3.83600", "2013-06-30": "3.28100", "2013-03-31": "2.32400", "2012-12-31": "", "2012-09-30": "1.60800", "2012-06-30": "1.33100", "2011-12-31": ""}, "Other Operating Income Or Expenses": {"2020-09-30": "0.82800", "2020-06-30": "1.65500", "2020-03-31": "3.10800", "2019-12-31": "-1.43500", "2019-09-30": "-0.80200", "2019-06-30": "-0.21400", "2019-03-31": "-0.29600", "2018-12-31": "-2.15600", "2018-09-30": "-0.04700", "2018-06-30": "-0.26200", "2018-03-31": "-0.53400", "2017-12-31": "0.73000", "2017-09-30": "0.25800", "2017-06-30": "0.97000", "2017-03-31": "-1.43300", "2016-12-31": "-0.57600", "2016-09-30": "-1.09800", "2016-06-30": "-1.40400", "2016-03-31": "-1.01300", "2015-12-31": "-0.32900", "2015-09-30": "-0.35200", "2015-06-30": "-1.97300", "2015-03-31": "-0.21500", "2014-12-31": "-0.16800", "2014-09-30": "-0.07800", "2014-06-30": "", "2014-03-31": "", "2013-12-31": "", "2013-09-30": "", "2013-06-30": "", "2013-03-31": "", "2012-12-31": "", "2012-09-30": "", "2012-06-30": "", "2011-12-31": ""}, "Operating Expenses": {"2020-09-30": "208.96700", "2020-06-30": "224.83500", "2020-03-31": "225.28800", "2019-12-31": "240.53110", "2019-09-30": "219.32600", "2019-06-30": "215.99800", "2019-03-31": "183.64500", "2018-12-31": "176.20410", "2018-09-30": "161.34700", "2018-06-30": "156.46500", "2018-03-31": "132.58600", "2017-12-31": "120.94000", "2017-09-30": "85.36900", "2017-06-30": "84.53800", "2017-03-31": "76.74500", "2016-12-31": "73.88700", "2016-09-30": "79.69200", "2016-06-30": "61.52700", "2016-03-31": "58.87900", "2015-12-31": "50.43200", "2015-09-30": "44.45100", "2015-06-30": "56.96300", "2015-03-31": "31.27000", "2014-12-31": "26.00000", "2014-09-30": "23.37500", "2014-06-30": "19.66900", "2014-03-31": "17.00300", "2013-12-31": "14.45000", "2013-09-30": "12.54200", "2013-06-30": "10.52800", "2013-03-31": "7.60800", "2012-12-31": "", "2012-09-30": "5.10900", "2012-06-30": "4.68500", "2011-12-31": ""}, "Operating Income": {"2020-09-30": "-189.69400", "2020-06-30": "-25.94500", "2020-03-31": "-203.42500", "2019-12-31": "-230.53410", "2019-09-30": "-210.41600", "2019-06-30": "-202.70200", "2019-03-31": "-171.17400", "2018-12-31": "-156.96110", "2018-09-30": "-149.81900", "2018-06-30": "-148.61400", "2018-03-31": "-116.62900", "2017-12-31": "-116.77200", "2017-09-30": "-77.65800", "2017-06-30": "-67.82200", "2017-03-31": "-69.91300", "2016-12-31": "-72.33500", "2016-09-30": "-78.14000", "2016-06-30": "-59.97500", "2016-03-31": "-57.38000", "2015-12-31": "-48.96100", "2015-09-30": "-43.12700", "2015-06-30": "-52.02300", "2015-03-31": "-24.92600", "2014-12-31": "-19.61400", "2014-09-30": "-17.01000", "2014-06-30": "-13.33400", "2014-03-31": "-10.66800", "2013-12-31": "-8.11500", "2013-09-30": "-6.15700", "2013-06-30": "-4.19400", "2013-03-31": "-6.48100", "2012-12-31": "", "2012-09-30": "-5.02400", "2012-06-30": "-4.60000", "2011-12-31": ""}, "Total Non-Operating Income/Expense": {"2020-09-30": "-4.72200", "2020-06-30": "4.49000", "2020-03-31": "0.90800", "2019-12-31": "7.39000", "2019-09-30": "4.11900", "2019-06-30": "6.45100", "2019-03-31": "6.71300", "2018-12-31": "8.12500", "2018-09-30": "4.33900", "2018-06-30": "2.61800", "2018-03-31": "1.50300", "2017-12-31": "-0.24600", "2017-09-30": "-1.14700", "2017-06-30": "-3.07600", "2017-03-31": "1.20100", "2016-12-31": "0.90800", "2016-09-30": "0.93700", "2016-06-30": "0.90500", "2016-03-31": "0.96100", "2015-12-31": "1.68400", "2015-09-30": "0.26300", "2015-06-30": "0.22800", "2015-03-31": "0.13900", "2014-12-31": "0.07000", "2014-09-30": "-0.02000", "2014-06-30": "0.01100", "2014-03-31": "0.05900", "2013-12-31": "0.03400", "2013-09-30": "0.04400", "2013-06-30": "-0.38900", "2013-03-31": "-0.06300", "2012-12-31": "", "2012-09-30": "-0.01700", "2012-06-30": "0.03700", "2011-12-31": ""}, "Pre-Tax Income": {"2020-09-30": "-194.41600", "2020-06-30": "-21.45500", "2020-03-31": "-202.51700", "2019-12-31": "-223.14400", "2019-09-30": "-206.29700", "2019-06-30": "-196.25100", "2019-03-31": "-164.46100", "2018-12-31": "-148.83600", "2018-09-30": "-145.48000", "2018-06-30": "-145.99600", "2018-03-31": "-115.12600", "2017-12-31": "-117.01800", "2017-09-30": "-78.80500", "2017-06-30": "-70.89800", "2017-03-31": "-68.71200", "2016-12-31": "-71.42700", "2016-09-30": "-77.20300", "2016-06-30": "-59.07000", "2016-03-31": "-56.41900", "2015-12-31": "-47.27700", "2015-09-30": "-42.86400", "2015-06-30": "-51.79500", "2015-03-31": "-24.78700", "2014-12-31": "-19.54400", "2014-09-30": "-17.03000", "2014-06-30": "-13.32300", "2014-03-31": "-10.60900", "2013-12-31": "-8.08100", "2013-09-30": "-6.11300", "2013-06-30": "-4.58300", "2013-03-31": "-6.54400", "2012-12-31": "", "2012-09-30": "-5.04100", "2012-06-30": "-4.56300", "2011-12-31": ""}, "Income Taxes": {"2020-09-30": "0.32900", "2020-06-30": "0.01000", "2020-03-31": "0.09400", "2019-12-31": "0.20300", "2019-09-30": "-0.26400", "2019-06-30": "-0.46900", "2019-03-31": "-0.01500", "2018-12-31": "", "2018-09-30": "", "2018-06-30": "", "2018-03-31": "", "2017-12-31": "", "2017-09-30": "", "2017-06-30": "", "2017-03-31": "", "2016-12-31": "-0.06300", "2016-09-30": "-0.17800", "2016-06-30": "-0.22600", "2016-03-31": "-0.14500", "2015-12-31": "", "2015-09-30": "0.06000", "2015-06-30": "", "2015-03-31": "", "2014-12-31": "", "2014-09-30": "", "2014-06-30": "-11.79700", "2014-03-31": "", "2013-12-31": "", "2013-09-30": "", "2013-06-30": "", "2013-03-31": "", "2012-12-31": "", "2012-09-30": "", "2012-06-30": "", "2011-12-31": ""}, "Income After Taxes": {"2020-09-30": "-194.74500", "2020-06-30": "-21.46500", "2020-03-31": "-202.61100", "2019-12-31": "-223.34710", "2019-09-30": "-206.03300", "2019-06-30": "-195.78200", "2019-03-31": "-164.44600", "2018-12-31": "-149.02300", "2018-09-30": "-145.48000", "2018-06-30": "-145.99600", "2018-03-31": "-115.12600", "2017-12-31": "-117.22800", "2017-09-30": "-78.80500", "2017-06-30": "-70.89800", "2017-03-31": "-68.71200", "2016-12-31": "-71.36400", "2016-09-30": "-77.02500", "2016-06-30": "-58.84400", "2016-03-31": "-56.27400", "2015-12-31": "-47.27700", "2015-09-30": "-42.92400", "2015-06-30": "-51.79500", "2015-03-31": "-24.78700", "2014-12-31": "-19.54400", "2014-09-30": "-17.03000", "2014-06-30": "-1.52600", "2014-03-31": "-10.60900", "2013-12-31": "-8.08100", "2013-09-30": "-6.11300", "2013-06-30": "-4.58300", "2013-03-31": "-6.54400", "2012-12-31": "", "2012-09-30": "-5.04100", "2012-06-30": "-4.56300", "2011-12-31": ""}, "Other Income": {"2020-09-30": "", "2020-06-30": "", "2020-03-31": "", "2019-12-31": "", "2019-09-30": "", "2019-06-30": "", "2019-03-31": "", "2018-12-31": "", "2018-09-30": "", "2018-06-30": "", "2018-03-31": "", "2017-12-31": "", "2017-09-30": "", "2017-06-30": "", "2017-03-31": "", "2016-12-31": "", "2016-09-30": "", "2016-06-30": "", "2016-03-31": "", "2015-12-31": "", "2015-09-30": "", "2015-06-30": "", "2015-03-31": "", "2014-12-31": "", "2014-09-30": "", "2014-06-30": "", "2014-03-31": "", "2013-12-31": "", "2013-09-30": "", "2013-06-30": "", "2013-03-31": "", "2012-12-31": "", "2012-09-30": "", "2012-06-30": "", "2011-12-31": ""}, "Income From Continuous Operations": {"2020-09-30": "-194.74500", "2020-06-30": "-21.46500", "2020-03-31": "-202.61100", "2019-12-31": "-223.34710", "2019-09-30": "-206.03300", "2019-06-30": "-195.78200", "2019-03-31": "-164.44600", "2018-12-31": "-149.02300", "2018-09-30": "-145.48000", "2018-06-30": "-145.99600", "2018-03-31": "-115.12600", "2017-12-31": "-117.22800", "2017-09-30": "-78.80500", "2017-06-30": "-70.89800", "2017-03-31": "-68.71200", "2016-12-31": "-71.36400", "2016-09-30": "-77.02500", "2016-06-30": "-58.84400", "2016-03-31": "-56.27400", "2015-12-31": "-47.27700", "2015-09-30": "-42.92400", "2015-06-30": "-51.79500", "2015-03-31": "-24.78700", "2014-12-31": "-19.54400", "2014-09-30": "-17.03000", "2014-06-30": "-1.52600", "2014-03-31": "-10.60900", "2013-12-31": "-8.08100", "2013-09-30": "-6.11300", "2013-06-30": "-4.58300", "2013-03-31": "-6.54400", "2012-12-31": "", "2012-09-30": "-5.04100", "2012-06-30": "-4.56300", "2011-12-31": ""}, "Income From Discontinued Operations": {"2020-09-30": "", "2020-06-30": "", "2020-03-31": "", "2019-12-31": "", "2019-09-30": "", "2019-06-30": "", "2019-03-31": "", "2018-12-31": "", "2018-09-30": "", "2018-06-30": "", "2018-03-31": "", "2017-12-31": "", "2017-09-30": "", "2017-06-30": "", "2017-03-31": "", "2016-12-31": "", "2016-09-30": "", "2016-06-30": "", "2016-03-31": "", "2015-12-31": "", "2015-09-30": "", "2015-06-30": "", "2015-03-31": "", "2014-12-31": "", "2014-09-30": "", "2014-06-30": "", "2014-03-31": "", "2013-12-31": "", "2013-09-30": "", "2013-06-30": "", "2013-03-31": "", "2012-12-31": "", "2012-09-30": "", "2012-06-30": "", "2011-12-31": ""}, "Net Income": {"2020-09-30": "-194.74500", "2020-06-30": "-21.46500", "2020-03-31": "-202.61100", "2019-12-31": "-223.34700", "2019-09-30": "-206.03300", "2019-06-30": "-195.78200", "2019-03-31": "-164.44600", "2018-12-31": "-149.02300", "2018-09-30": "-145.48000", "2018-06-30": "-145.99600", "2018-03-31": "-115.12600", "2017-12-31": "-117.22800", "2017-09-30": "-78.80500", "2017-06-30": "-70.89800", "2017-03-31": "-68.71200", "2016-12-31": "-71.36400", "2016-09-30": "-77.02500", "2016-06-30": "-58.84400", "2016-03-31": "-56.27400", "2015-12-31": "-47.27700", "2015-09-30": "-42.92400", "2015-06-30": "-51.79500", "2015-03-31": "-24.78700", "2014-12-31": "-19.54400", "2014-09-30": "-17.03000", "2014-06-30": "-1.52600", "2014-03-31": "-10.60900", "2013-12-31": "-8.08100", "2013-09-30": "-6.11300", "2013-06-30": "-4.58300", "2013-03-31": "-6.54400", "2012-12-31": "", "2012-09-30": "0.31500", "2012-06-30": "-5.84800", "2011-12-31": ""}, "EBITDA": {"2020-09-30": "-184.74600", "2020-06-30": "-21.39500", "2020-03-31": "-198.54500", "2019-12-31": "-225.47810", "2019-09-30": "-205.86900", "2019-06-30": "-198.65400", "2019-03-31": "-167.39100", "2018-12-31": "-152.41610", "2018-09-30": "-145.40500", "2018-06-30": "-144.43500", "2018-03-31": "-112.60900", "2017-12-31": "-113.13300", "2017-09-30": "-74.04000", "2017-06-30": "-64.38500", "2017-03-31": "-67.06900", "2016-12-31": "-69.81900", "2016-09-30": "-75.75500", "2016-06-30": "-57.51100", "2016-03-31": "-55.09700", "2015-12-31": "-46.92300", "2015-09-30": "-41.25500", "2015-06-30": "-50.22400", "2015-03-31": "-23.21600", "2014-12-31": "-17.94400", "2014-09-30": "-15.46900", "2014-06-30": "-12.79200", "2014-03-31": "-10.19300", "2013-12-31": "-7.78400", "2013-09-30": "-5.85100", "2013-06-30": "-4.02900", "2013-03-31": "-6.34200", "2012-12-31": "", "2012-09-30": "-4.95200", "2012-06-30": "-4.60000", "2011-12-31": ""}, "EBIT": {"2020-09-30": "-189.69400", "2020-06-30": "-25.94500", "2020-03-31": "-203.42500", "2019-12-31": "-230.53400", "2019-09-30": "-210.41600", "2019-06-30": "-202.70200", "2019-03-31": "-171.17400", "2018-12-31": "-156.96110", "2018-09-30": "-149.81900", "2018-06-30": "-148.61400", "2018-03-31": "-116.62900", "2017-12-31": "-116.77200", "2017-09-30": "-77.65800", "2017-06-30": "-67.82200", "2017-03-31": "-69.91300", "2016-12-31": "-72.33500", "2016-09-30": "-78.14000", "2016-06-30": "-59.97500", "2016-03-31": "-57.38000", "2015-12-31": "-48.96100", "2015-09-30": "-43.12700", "2015-06-30": "-52.02300", "2015-03-31": "-24.92600", "2014-12-31": "-19.61400", "2014-09-30": "-17.01000", "2014-06-30": "-13.33400", "2014-03-31": "-10.66800", "2013-12-31": "-8.11500", "2013-09-30": "-6.15700", "2013-06-30": "-4.19400", "2013-03-31": "-6.48100", "2012-12-31": "", "2012-09-30": "-5.02400", "2012-06-30": "-4.60000", "2011-12-31": ""}, "Basic Shares Outstanding": {"2020-09-30": "66.25100", "2020-06-30": "60.38400", "2020-03-31": "55.59000", "2019-12-31": "55.19100", "2019-09-30": "55.29200", "2019-06-30": "55.16500", "2019-03-31": "54.95700", "2018-12-31": "52.03200", "2018-09-30": "53.27700", "2018-06-30": "50.15300", "2018-03-31": "49.92300", "2017-12-31": "43.53500", "2017-09-30": "45.64800", "2017-06-30": "41.03500", "2017-03-31": "40.83600", "2016-12-31": "37.28400", "2016-09-30": "37.20100", "2016-06-30": "36.95400", "2016-03-31": "36.92000", "2015-12-31": "34.66900", "2015-09-30": "36.38400", "2015-06-30": "32.95500", "2015-03-31": "32.55800", "2014-12-31": "26.54600", "2014-09-30": "28.11500", "2014-06-30": "24.47400", "2014-03-31": "24.14800", "2013-12-31": "12.55500", "2013-09-30": "23.62300", "2013-06-30": "2.15100", "2013-03-31": "0.32800", "2012-12-31": "", "2012-09-30": "0.27500", "2012-06-30": "0.25200", "2011-12-31": ""}, "Shares Outstanding": {"2020-09-30": "66.25100", "2020-06-30": "60.38400", "2020-03-31": "55.59000", "2019-12-31": "55.19100", "2019-09-30": "55.29200", "2019-06-30": "55.16500", "2019-03-31": "54.95700", "2018-12-31": "52.03200", "2018-09-30": "53.27700", "2018-06-30": "50.15300", "2018-03-31": "49.92300", "2017-12-31": "43.53500", "2017-09-30": "45.64800", "2017-06-30": "41.03500", "2017-03-31": "40.83600", "2016-12-31": "37.28400", "2016-09-30": "37.20100", "2016-06-30": "36.95400", "2016-03-31": "36.92000", "2015-12-31": "34.66900", "2015-09-30": "36.38400", "2015-06-30": "32.95500", "2015-03-31": "32.55800", "2014-12-31": "26.54600", "2014-09-30": "28.11500", "2014-06-30": "24.47400", "2014-03-31": "24.14800", "2013-12-31": "12.55500", "2013-09-30": "23.62300", "2013-06-30": "2.15100", "2013-03-31": "0.32800", "2012-12-31": "", "2012-09-30": "0.55400", "2012-06-30": "0.25200", "2011-12-31": ""}, "Basic EPS": {"2020-09-30": "-2.94000", "2020-06-30": "-0.36000", "2020-03-31": "-3.64000", "2019-12-31": "-4.04000", "2019-09-30": "-3.73000", "2019-06-30": "-3.55000", "2019-03-31": "-2.99000", "2018-12-31": "-2.73000", "2018-09-30": "-2.73000", "2018-06-30": "-2.91000", "2018-03-31": "-2.31000", "2017-12-31": "-2.57000", "2017-09-30": "-1.73000", "2017-06-30": "-1.73000", "2017-03-31": "-1.68000", "2016-12-31": "-1.89000", "2016-09-30": "-2.07000", "2016-06-30": "-1.59000", "2016-03-31": "-1.52000", "2015-12-31": "-1.30000", "2015-09-30": "-1.18000", "2015-06-30": "-1.57000", "2015-03-31": "-0.76000", "2014-12-31": "-0.72000", "2014-09-30": "-0.61000", "2014-06-30": "-0.06000", "2014-03-31": "-0.44000", "2013-12-31": "20.31000", "2013-09-30": "-0.26000", "2013-06-30": "-2.13000", "2013-03-31": "-19.94000", "2012-12-31": "", "2012-09-30": "1.15000", "2012-06-30": "-23.21000", "2011-12-31": ""}, "EPS - Earnings Per Share": {"2020-09-30": "-2.94000", "2020-06-30": "-0.36000", "2020-03-31": "-3.64000", "2019-12-31": "-4.04000", "2019-09-30": "-3.73000", "2019-06-30": "-3.55000", "2019-03-31": "-2.99000", "2018-12-31": "-2.73000", "2018-09-30": "-2.73000", "2018-06-30": "-2.91000", "2018-03-31": "-2.31000", "2017-12-31": "-2.57000", "2017-09-30": "-1.73000", "2017-06-30": "-1.73000", "2017-03-31": "-1.68000", "2016-12-31": "-1.89000", "2016-09-30": "-2.07000", "2016-06-30": "-1.59000", "2016-03-31": "-1.52000", "2015-12-31": "-1.30000", "2015-09-30": "-1.18000", "2015-06-30": "-1.57000", "2015-03-31": "-0.76000", "2014-12-31": "-0.72000", "2014-09-30": "-0.61000", "2014-06-30": "-0.06000", "2014-03-31": "-0.44000", "2013-12-31": "20.31000", "2013-09-30": "-0.26000", "2013-06-30": "-2.13000", "2013-03-31": "-19.94000", "2012-12-31": "0.00000", "2012-09-30": "1.14000", "2012-06-30": "-23.21000", "2011-12-31": "0.00000"}}, "balance sheet": {"Cash On Hand": {"2019-12-31": "1106.46000", "2018-12-31": "1385.30400", "2017-12-31": "1290.10900", "2016-12-31": "704.37800", "2015-12-31": "517.94900", "2014-12-31": "473.55500", "2013-12-31": "206.27900", "2012-12-31": "67.01100", "2011-12-31": "29.11100"}, "Receivables": {"2019-12-31": "", "2018-12-31": "", "2017-12-31": "3.11200", "2016-12-31": "8.54200", "2015-12-31": "", "2014-12-31": "", "2013-12-31": "", "2012-12-31": "", "2011-12-31": ""}, "Inventory": {"2019-12-31": "", "2018-12-31": "", "2017-12-31": "", "2016-12-31": "", "2015-12-31": "", "2014-12-31": "", "2013-12-31": "", "2012-12-31": "", "2011-12-31": ""}, "Pre-Paid Expenses": {"2019-12-31": "32.88800", "2018-12-31": "19.76200", "2017-12-31": "21.17100", "2016-12-31": "8.20900", "2015-12-31": "6.01600", "2014-12-31": "6.43400", "2013-12-31": "5.01500", "2012-12-31": "0.77300", "2011-12-31": "0.86900"}, "Other Current Assets": {"2019-12-31": "12.82600", "2018-12-31": "13.93100", "2017-12-31": "8.37700", "2016-12-31": "3.08500", "2015-12-31": "", "2014-12-31": "", "2013-12-31": "", "2012-12-31": "", "2011-12-31": ""}, "Total Current Assets": {"2019-12-31": "1152.17400", "2018-12-31": "1418.99700", "2017-12-31": "1322.76900", "2016-12-31": "724.21400", "2015-12-31": "523.96500", "2014-12-31": "479.98900", "2013-12-31": "211.98700", "2012-12-31": "67.78400", "2011-12-31": "29.98000"}, "Property, Plant, And Equipment": {"2019-12-31": "151.17600", "2018-12-31": "246.62200", "2017-12-31": "199.60600", "2016-12-31": "156.95500", "2015-12-31": "82.61400", "2014-12-31": "15.74000", "2013-12-31": "10.92000", "2012-12-31": "1.28800", "2011-12-31": "0.72800"}, "Long-Term Investments": {"2019-12-31": "131.50600", "2018-12-31": "506.12300", "2017-12-31": "324.19300", "2016-12-31": "180.45200", "2015-12-31": "347.81400", "2014-12-31": "18.44800", "2013-12-31": "", "2012-12-31": "", "2011-12-31": ""}, "Goodwill And Intangible Assets": {"2019-12-31": "27.45400", "2018-12-31": "26.29700", "2017-12-31": "30.05900", "2016-12-31": "33.82200", "2015-12-31": "37.58400", "2014-12-31": "41.34700", "2013-12-31": "", "2012-12-31": "", "2011-12-31": ""}, "Other Long-Term Assets": {"2019-12-31": "79.22900", "2018-12-31": "44.80500", "2017-12-31": "23.94000", "2016-12-31": "22.67900", "2015-12-31": "10.36000", "2014-12-31": "1.21500", "2013-12-31": "1.48300", "2012-12-31": "0.25000", "2011-12-31": "0.21000"}, "Total Long-Term Assets": {"2019-12-31": "575.25000", "2018-12-31": "823.84700", "2017-12-31": "577.79800", "2016-12-31": "393.90800", "2015-12-31": "478.37190", "2014-12-31": "76.75000", "2013-12-31": "12.40300", "2012-12-31": "1.53800", "2011-12-31": "0.93800"}, "Total Assets": {"2019-12-31": "1727.42400", "2018-12-31": "2242.84400", "2017-12-31": "1900.56700", "2016-12-31": "1118.12200", "2015-12-31": "1002.33700", "2014-12-31": "556.73900", "2013-12-31": "224.39000", "2012-12-31": "69.32200", "2011-12-31": "30.91800"}, "Total Current Liabilities": {"2019-12-31": "223.58000", "2018-12-31": "146.43100", "2017-12-31": "95.61200", "2016-12-31": "74.53300", "2015-12-31": "40.36800", "2014-12-31": "42.97800", "2013-12-31": "34.87400", "2012-12-31": "4.62800", "2011-12-31": "2.89300"}, "Long Term Debt": {"2019-12-31": "", "2018-12-31": "153.31900", "2017-12-31": "", "2016-12-31": "", "2015-12-31": "", "2014-12-31": "", "2013-12-31": "", "2012-12-31": "", "2011-12-31": ""}, "Other Non-Current Liabilities": {"2019-12-31": "38.24800", "2018-12-31": "41.68600", "2017-12-31": "159.76000", "2016-12-31": "123.53700", "2015-12-31": "67.22000", "2014-12-31": "8.52800", "2013-12-31": "0.20800", "2012-12-31": "0.21500", "2011-12-31": "0.63700"}, "Total Long Term Liabilities": {"2019-12-31": "218.85100", "2018-12-31": "211.34300", "2017-12-31": "181.52300", "2016-12-31": "174.14900", "2015-12-31": "111.47300", "2014-12-31": "22.50400", "2013-12-31": "37.84900", "2012-12-31": "0.60100", "2011-12-31": "1.32900"}, "Total Liabilities": {"2019-12-31": "442.43100", "2018-12-31": "357.77400", "2017-12-31": "277.13500", "2016-12-31": "248.68200", "2015-12-31": "151.84100", "2014-12-31": "65.48200", "2013-12-31": "72.72300", "2012-12-31": "5.22900", "2011-12-31": "4.22200"}, "Common Stock Net": {"2019-12-31": "0.55400", "2018-12-31": "0.54700", "2017-12-31": "0.49400", "2016-12-31": "0.40700", "2015-12-31": "0.36900", "2014-12-31": "0.32300", "2013-12-31": "0.23900", "2012-12-31": "0.00300", "2011-12-31": "0.00200"}, "Retained Earnings (Accumulated Deficit)": {"2019-12-31": "-2281.85200", "2018-12-31": "-1498.80800", "2017-12-31": "-913.80800", "2016-12-31": "-577.67400", "2015-12-31": "-314.16700", "2014-12-31": "-147.38400", "2013-12-31": "-98.67500", "2012-12-31": "-73.35400", "2011-12-31": "-63.44200"}, "Comprehensive Income": {"2019-12-31": "-1.89300", "2018-12-31": "-3.62700", "2017-12-31": "-4.20500", "2016-12-31": "-1.14900", "2015-12-31": "-2.29100", "2014-12-31": "-0.07100", "2013-12-31": "", "2012-12-31": "", "2011-12-31": "0.00100"}, "Other Share Holders Equity": {"2019-12-31": "", "2018-12-31": "", "2017-12-31": "", "2016-12-31": "", "2015-12-31": "", "2014-12-31": "", "2013-12-31": "", "2012-12-31": "", "2011-12-31": ""}, "Share Holder Equity": {"2019-12-31": "1284.99300", "2018-12-31": "1885.07000", "2017-12-31": "1623.43200", "2016-12-31": "869.44000", "2015-12-31": "850.49600", "2014-12-31": "491.25700", "2013-12-31": "151.66700", "2012-12-31": "64.09300", "2011-12-31": "26.69600"}, "Total Liabilities And Share Holders Equity": {"2019-12-31": "1727.42400", "2018-12-31": "2242.84400", "2017-12-31": "1900.56700", "2016-12-31": "1118.12200", "2015-12-31": "1002.33700", "2014-12-31": "556.73900", "2013-12-31": "224.39000", "2012-12-31": "69.32200", "2011-12-31": "30.91800"}}, "balance sheet, quarterly": {"Cash On Hand": {"2020-09-30": "1230.25500", "2020-06-30": "1549.38200", "2020-03-31": "910.68300", "2019-12-31": "1106.46000", "2019-09-30": "1179.95500", "2019-06-30": "1253.88000", "2019-03-31": "1321.81700", "2018-12-31": "1385.30400", "2018-09-30": "1675.27800", "2018-06-30": "1076.95900", "2018-03-31": "1121.57600", "2017-12-31": "1290.10900", "2017-09-30": "728.77400", "2017-06-30": "1095.43400", "2017-03-31": "634.06800", "2016-12-31": "704.37800", "2016-09-30": "600.96000", "2016-06-30": "575.79900", "2016-03-31": "553.10300", "2015-12-31": "517.94900", "2015-09-30": "707.46400", "2015-06-30": "810.50700", "2015-03-31": "334.88400", "2014-12-31": "473.55500", "2014-09-30": "215.37400", "2014-06-30": "175.71000", "2014-03-31": "192.49900", "2013-12-31": "206.27900", "2013-09-30": "216.79100", "2013-06-30": "228.84700", "2013-03-31": "", "2012-12-31": "", "2012-09-30": "", "2012-06-30": "", "2011-12-31": "29.10000"}, "Receivables": {"2020-09-30": "", "2020-06-30": "", "2020-03-31": "", "2019-12-31": "", "2019-09-30": "", "2019-06-30": "21.47300", "2019-03-31": "", "2018-12-31": "", "2018-09-30": "20.03600", "2018-06-30": "0.01900", "2018-03-31": "0.01900", "2017-12-31": "3.11200", "2017-09-30": "2.71200", "2017-06-30": "4.33400", "2017-03-31": "21.22800", "2016-12-31": "8.54200", "2016-09-30": "", "2016-06-30": "", "2016-03-31": "", "2015-12-31": "", "2015-09-30": "", "2015-06-30": "", "2015-03-31": "", "2014-12-31": "", "2014-09-30": "", "2014-06-30": "", "2014-03-31": "", "2013-12-31": "", "2013-09-30": "", "2013-06-30": "", "2013-03-31": "", "2012-12-31": "", "2012-09-30": "", "2012-06-30": "", "2011-12-31": ""}, "Inventory": {"2020-09-30": "", "2020-06-30": "", "2020-03-31": "", "2019-12-31": "", "2019-09-30": "", "2019-06-30": "", "2019-03-31": "", "2018-12-31": "", "2018-09-30": "", "2018-06-30": "", "2018-03-31": "", "2017-12-31": "", "2017-09-30": "", "2017-06-30": "", "2017-03-31": "", "2016-12-31": "", "2016-09-30": "", "2016-06-30": "", "2016-03-31": "", "2015-12-31": "", "2015-09-30": "", "2015-06-30": "", "2015-03-31": "", "2014-12-31": "", "2014-09-30": "", "2014-06-30": "", "2014-03-31": "", "2013-12-31": "", "2013-09-30": "", "2013-06-30": "", "2013-03-31": "", "2012-12-31": "", "2012-09-30": "", "2012-06-30": "", "2011-12-31": ""}, "Pre-Paid Expenses": {"2020-09-30": "35.42200", "2020-06-30": "39.35800", "2020-03-31": "40.20900", "2019-12-31": "32.88800", "2019-09-30": "26.93200", "2019-06-30": "25.42700", "2019-03-31": "23.76600", "2018-12-31": "19.76200", "2018-09-30": "24.13300", "2018-06-30": "24.05300", "2018-03-31": "28.26700", "2017-12-31": "21.17100", "2017-09-30": "13.89300", "2017-06-30": "15.03600", "2017-03-31": "8.73000", "2016-12-31": "8.20900", "2016-09-30": "7.87500", "2016-06-30": "7.08700", "2016-03-31": "7.87100", "2015-12-31": "6.01600", "2015-09-30": "4.95700", "2015-06-30": "4.54600", "2015-03-31": "4.03900", "2014-12-31": "6.43400", "2014-09-30": "4.84000", "2014-06-30": "4.05300", "2014-03-31": "2.72800", "2013-12-31": "5.01500", "2013-09-30": "4.67600", "2013-06-30": "1.67900", "2013-03-31": "", "2012-12-31": "", "2012-09-30": "", "2012-06-30": "", "2011-12-31": ""}, "Other Current Assets": {"2020-09-30": "27.51700", "2020-06-30": "24.70500", "2020-03-31": "16.57500", "2019-12-31": "12.82600", "2019-09-30": "13.14500", "2019-06-30": "", "2019-03-31": "19.44900", "2018-12-31": "13.93100", "2018-09-30": "5.90100", "2018-06-30": "4.71300", "2018-03-31": "14.24600", "2017-12-31": "8.37700", "2017-09-30": "13.32800", "2017-06-30": "3.81400", "2017-03-31": "3.28500", "2016-12-31": "3.08500", "2016-09-30": "", "2016-06-30": "", "2016-03-31": "", "2015-12-31": "", "2015-09-30": "", "2015-06-30": "", "2015-03-31": "", "2014-12-31": "", "2014-09-30": "", "2014-06-30": "", "2014-03-31": "", "2013-12-31": "", "2013-09-30": "", "2013-06-30": "", "2013-03-31": "", "2012-12-31": "", "2012-09-30": "", "2012-06-30": "", "2011-12-31": "0.86000"}, "Total Current Assets": {"2020-09-30": "1293.19400", "2020-06-30": "1613.44500", "2020-03-31": "967.46700", "2019-12-31": "1152.17400", "2019-09-30": "1220.03200", "2019-06-30": "1300.78000", "2019-03-31": "1365.03200", "2018-12-31": "1418.99700", "2018-09-30": "1725.34800", "2018-06-30": "1105.74400", "2018-03-31": "1164.10800", "2017-12-31": "1322.76900", "2017-09-30": "758.70700", "2017-06-30": "1118.61800", "2017-03-31": "667.31100", "2016-12-31": "724.21400", "2016-09-30": "608.83500", "2016-06-30": "582.88600", "2016-03-31": "560.97400", "2015-12-31": "523.96500", "2015-09-30": "713.15500", "2015-06-30": "815.45200", "2015-03-31": "340.83600", "2014-12-31": "479.98900", "2014-09-30": "223.32000", "2014-06-30": "182.86900", "2014-03-31": "195.92000", "2013-12-31": "211.98700", "2013-09-30": "221.46700", "2013-06-30": "230.52600", "2013-03-31": "", "2012-12-31": "", "2012-09-30": "", "2012-06-30": "", "2011-12-31": "29.98000"}, "Property, Plant, And Equipment": {"2020-09-30": "157.68100", "2020-06-30": "155.37600", "2020-03-31": "153.92000", "2019-12-31": "151.17600", "2019-09-30": "144.09700", "2019-06-30": "129.13500", "2019-03-31": "114.03000", "2018-12-31": "246.62200", "2018-09-30": "232.86300", "2018-06-30": "219.22600", "2018-03-31": "204.23000", "2017-12-31": "199.60600", "2017-09-30": "182.35800", "2017-06-30": "180.41900", "2017-03-31": "181.72000", "2016-12-31": "156.95500", "2016-09-30": "131.73700", "2016-06-30": "109.29900", "2016-03-31": "96.63800", "2015-12-31": "82.61400", "2015-09-30": "61.56400", "2015-06-30": "16.80300", "2015-03-31": "16.85000", "2014-12-31": "15.74000", "2014-09-30": "14.97800", "2014-06-30": "12.85700", "2014-03-31": "11.98400", "2013-12-31": "10.92000", "2013-09-30": "5.39200", "2013-06-30": "2.51500", "2013-03-31": "", "2012-12-31": "", "2012-09-30": "", "2012-06-30": "", "2011-12-31": "1.38000"}, "Long-Term Investments": {"2020-09-30": "207.61500", "2020-06-30": "49.41100", "2020-03-31": "107.67400", "2019-12-31": "131.50600", "2019-09-30": "225.93200", "2019-06-30": "287.92200", "2019-03-31": "408.94900", "2018-12-31": "506.12300", "2018-09-30": "323.77200", "2018-06-30": "380.28400", "2018-03-31": "444.78200", "2017-12-31": "324.19300", "2017-09-30": "413.85600", "2017-06-30": "101.62500", "2017-03-31": "165.80100", "2016-12-31": "180.45200", "2016-09-30": "126.68100", "2016-06-30": "203.20300", "2016-03-31": "273.76200", "2015-12-31": "347.81400", "2015-09-30": "194.24700", "2015-06-30": "125.93800", "2015-03-31": "134.43000", "2014-12-31": "18.44800", "2014-09-30": "48.44600", "2014-06-30": "", "2014-03-31": "", "2013-12-31": "", "2013-09-30": "", "2013-06-30": "", "2013-03-31": "", "2012-12-31": "", "2012-09-30": "", "2012-06-30": "", "2011-12-31": ""}, "Goodwill And Intangible Assets": {"2020-09-30": "24.24000", "2020-06-30": "25.31100", "2020-03-31": "26.38200", "2019-12-31": "27.45400", "2019-09-30": "28.52500", "2019-06-30": "29.60800", "2019-03-31": "25.35600", "2018-12-31": "26.29700", "2018-09-30": "27.23700", "2018-06-30": "28.17800", "2018-03-31": "29.11900", "2017-12-31": "30.05900", "2017-09-30": "31.00000", "2017-06-30": "31.94000", "2017-03-31": "32.88100", "2016-12-31": "33.82200", "2016-09-30": "34.76200", "2016-06-30": "35.70300", "2016-03-31": "36.64400", "2015-12-31": "37.58400", "2015-09-30": "38.52500", "2015-06-30": "39.46500", "2015-03-31": "40.40600", "2014-12-31": "41.34700", "2014-09-30": "42.28700", "2014-06-30": "43.22800", "2014-03-31": "", "2013-12-31": "", "2013-09-30": "", "2013-06-30": "", "2013-03-31": "0.00000", "2012-12-31": "", "2012-09-30": "0.00000", "2012-06-30": "0.00000", "2011-12-31": "0.00000"}, "Other Long-Term Assets": {"2020-09-30": "74.30400", "2020-06-30": "74.78300", "2020-03-31": "79.19200", "2019-12-31": "79.22900", "2019-09-30": "82.06900", "2019-06-30": "84.92000", "2019-03-31": "40.63000", "2018-12-31": "44.80500", "2018-09-30": "42.56900", "2018-06-30": "28.07900", "2018-03-31": "24.56900", "2017-12-31": "23.94000", "2017-09-30": "19.83500", "2017-06-30": "24.52800", "2017-03-31": "24.85700", "2016-12-31": "22.67900", "2016-09-30": "16.24700", "2016-06-30": "10.57600", "2016-03-31": "10.68600", "2015-12-31": "10.36000", "2015-09-30": "10.15000", "2015-06-30": "1.51100", "2015-03-31": "1.29400", "2014-12-31": "1.21500", "2014-09-30": "1.16200", "2014-06-30": "1.66800", "2014-03-31": "1.60600", "2013-12-31": "1.48300", "2013-09-30": "1.40300", "2013-06-30": "1.50300", "2013-03-31": "", "2012-12-31": "", "2012-09-30": "", "2012-06-30": "", "2011-12-31": "0.21000"}, "Total Long-Term Assets": {"2020-09-30": "652.29000", "2020-06-30": "494.34500", "2020-03-31": "561.63700", "2019-12-31": "575.25000", "2019-09-30": "672.18600", "2019-06-30": "722.56400", "2019-03-31": "773.58300", "2018-12-31": "823.84700", "2018-09-30": "626.44100", "2018-06-30": "655.76700", "2018-03-31": "702.70010", "2017-12-31": "577.79800", "2017-09-30": "647.04900", "2017-06-30": "338.51200", "2017-03-31": "405.25900", "2016-12-31": "393.90800", "2016-09-30": "309.42700", "2016-06-30": "358.78100", "2016-03-31": "417.73000", "2015-12-31": "478.37190", "2015-09-30": "304.48600", "2015-06-30": "183.71700", "2015-03-31": "192.98000", "2014-12-31": "76.75000", "2014-09-30": "106.87300", "2014-06-30": "57.75300", "2014-03-31": "13.59000", "2013-12-31": "12.40300", "2013-09-30": "6.79500", "2013-06-30": "4.01800", "2013-03-31": "", "2012-12-31": "", "2012-09-30": "", "2012-06-30": "", "2011-12-31": "1.59000"}, "Total Assets": {"2020-09-30": "1945.48400", "2020-06-30": "2107.79000", "2020-03-31": "1529.10400", "2019-12-31": "1727.42400", "2019-09-30": "1892.21800", "2019-06-30": "2023.34400", "2019-03-31": "2138.61500", "2018-12-31": "2242.84400", "2018-09-30": "2351.78900", "2018-06-30": "1761.51100", "2018-03-31": "1866.80800", "2017-12-31": "1900.56700", "2017-09-30": "1405.75600", "2017-06-30": "1457.13000", "2017-03-31": "1072.57000", "2016-12-31": "1118.12200", "2016-09-30": "918.26200", "2016-06-30": "941.66700", "2016-03-31": "978.70400", "2015-12-31": "1002.33700", "2015-09-30": "1017.64100", "2015-06-30": "999.16900", "2015-03-31": "533.81600", "2014-12-31": "556.73900", "2014-09-30": "330.19300", "2014-06-30": "240.62200", "2014-03-31": "209.51000", "2013-12-31": "224.39000", "2013-09-30": "228.26200", "2013-06-30": "234.54400", "2013-03-31": "0.00000", "2012-12-31": "0.00000", "2012-09-30": "0.00000", "2012-06-30": "0.00000", "2011-12-31": "30.91000"}, "Total Current Liabilities": {"2020-09-30": "196.90700", "2020-06-30": "197.18100", "2020-03-31": "184.42200", "2019-12-31": "223.58000", "2019-09-30": "196.03100", "2019-06-30": "162.10900", "2019-03-31": "146.69100", "2018-12-31": "146.43100", "2018-09-30": "131.64300", "2018-06-30": "116.26200", "2018-03-31": "107.75600", "2017-12-31": "95.61200", "2017-09-30": "76.80100", "2017-06-30": "77.83800", "2017-03-31": "72.63600", "2016-12-31": "74.53300", "2016-09-30": "67.59100", "2016-06-30": "40.38200", "2016-03-31": "38.96800", "2015-12-31": "40.36800", "2015-09-30": "33.57700", "2015-06-30": "28.03300", "2015-03-31": "42.01300", "2014-12-31": "42.97800", "2014-09-30": "38.52400", "2014-06-30": "39.54700", "2014-03-31": "33.04600", "2013-12-31": "34.87400", "2013-09-30": "31.49000", "2013-06-30": "30.35800", "2013-03-31": "", "2012-12-31": "", "2012-09-30": "", "2012-06-30": "", "2011-12-31": "2.89000"}, "Long Term Debt": {"2020-09-30": "", "2020-06-30": "", "2020-03-31": "", "2019-12-31": "", "2019-09-30": "", "2019-06-30": "", "2019-03-31": "", "2018-12-31": "153.31900", "2018-09-30": "", "2018-06-30": "", "2018-03-31": "", "2017-12-31": "", "2017-09-30": "", "2017-06-30": "", "2017-03-31": "", "2016-12-31": "", "2016-09-30": "", "2016-06-30": "", "2016-03-31": "", "2015-12-31": "", "2015-09-30": "", "2015-06-30": "", "2015-03-31": "", "2014-12-31": "", "2014-09-30": "", "2014-06-30": "", "2014-03-31": "", "2013-12-31": "", "2013-09-30": "", "2013-06-30": "", "2013-03-31": "", "2012-12-31": "", "2012-09-30": "", "2012-06-30": "", "2011-12-31": ""}, "Other Non-Current Liabilities": {"2020-09-30": "26.71900", "2020-06-30": "28.25200", "2020-03-31": "34.49600", "2019-12-31": "38.24800", "2019-09-30": "36.54100", "2019-06-30": "35.77200", "2019-03-31": "36.84800", "2018-12-31": "41.68600", "2018-09-30": "197.10000", "2018-06-30": "159.81500", "2018-03-31": "160.04500", "2017-12-31": "159.76000", "2017-09-30": "157.27600", "2017-06-30": "157.27100", "2017-03-31": "150.79000", "2016-12-31": "123.53700", "2016-09-30": "103.40700", "2016-06-30": "89.97300", "2016-03-31": "79.87000", "2015-12-31": "67.22000", "2015-09-30": "48.88300", "2015-06-30": "4.82400", "2015-03-31": "6.93500", "2014-12-31": "8.52800", "2014-09-30": "6.48900", "2014-06-30": "6.44900", "2014-03-31": "0.38500", "2013-12-31": "0.20800", "2013-09-30": "", "2013-06-30": "", "2013-03-31": "", "2012-12-31": "", "2012-09-30": "", "2012-06-30": "", "2011-12-31": "83.04000"}, "Total Long Term Liabilities": {"2020-09-30": "225.55600", "2020-06-30": "228.57800", "2020-03-31": "224.24900", "2019-12-31": "218.85100", "2019-09-30": "224.47700", "2019-06-30": "224.86100", "2019-03-31": "219.82500", "2018-12-31": "211.34300", "2018-09-30": "219.35600", "2018-06-30": "187.71500", "2018-03-31": "188.85100", "2017-12-31": "181.52300", "2017-09-30": "187.63700", "2017-06-30": "179.27300", "2017-03-31": "184.55500", "2016-12-31": "174.14900", "2016-09-30": "156.15800", "2016-06-30": "141.99500", "2016-03-31": "133.22900", "2015-12-31": "111.47300", "2015-09-30": "95.05800", "2015-06-30": "52.17000", "2015-03-31": "17.30400", "2014-12-31": "22.50400", "2014-09-30": "29.77700", "2014-06-30": "35.31900", "2014-03-31": "32.29900", "2013-12-31": "37.84900", "2013-09-30": "39.07200", "2013-06-30": "42.91600", "2013-03-31": "", "2012-12-31": "", "2012-09-30": "", "2012-06-30": "", "2011-12-31": "83.71000"}, "Total Liabilities": {"2020-09-30": "422.46300", "2020-06-30": "425.75900", "2020-03-31": "408.67100", "2019-12-31": "442.43100", "2019-09-30": "420.50800", "2019-06-30": "386.97000", "2019-03-31": "366.51600", "2018-12-31": "357.77400", "2018-09-30": "350.99900", "2018-06-30": "303.97700", "2018-03-31": "296.60700", "2017-12-31": "277.13500", "2017-09-30": "264.43800", "2017-06-30": "257.11100", "2017-03-31": "257.19100", "2016-12-31": "248.68200", "2016-09-30": "223.74900", "2016-06-30": "182.37700", "2016-03-31": "172.19700", "2015-12-31": "151.84100", "2015-09-30": "128.63500", "2015-06-30": "80.20300", "2015-03-31": "59.31700", "2014-12-31": "65.48200", "2014-09-30": "68.30100", "2014-06-30": "74.86600", "2014-03-31": "65.34500", "2013-12-31": "72.72300", "2013-09-30": "70.56200", "2013-06-30": "73.27400", "2013-03-31": "0.00000", "2012-12-31": "", "2012-09-30": "0.00000", "2012-06-30": "0.00000", "2011-12-31": "4.22000"}, "Common Stock Net": {"2020-09-30": "0.66300", "2020-06-30": "0.66200", "2020-03-31": "0.55600", "2019-12-31": "0.55400", "2019-09-30": "0.55300", "2019-06-30": "0.55300", "2019-03-31": "0.55100", "2018-12-31": "0.54700", "2018-09-30": "0.54700", "2018-06-30": "0.50200", "2018-03-31": "0.50100", "2017-12-31": "0.49400", "2017-09-30": "0.45800", "2017-06-30": "0.45500", "2017-03-31": "0.40900", "2016-12-31": "0.40700", "2016-09-30": "0.37300", "2016-06-30": "0.37000", "2016-03-31": "0.36900", "2015-12-31": "0.36900", "2015-09-30": "0.36600", "2015-06-30": "0.36000", "2015-03-31": "0.32700", "2014-12-31": "0.32300", "2014-09-30": "0.28700", "2014-06-30": "0.25100", "2014-03-31": "0.24300", "2013-12-31": "0.23900", "2013-09-30": "0.23600", "2013-06-30": "0.23600", "2013-03-31": "0.00000", "2012-12-31": "", "2012-09-30": "0.00000", "2012-06-30": "0.00000", "2011-12-31": "0.00200"}, "Retained Earnings (Accumulated Deficit)": {"2020-09-30": "-2700.67300", "2020-06-30": "-2505.92800", "2020-03-31": "-2484.46300", "2019-12-31": "-2281.85200", "2019-09-30": "-2058.50500", "2019-06-30": "-1852.47200", "2019-03-31": "-1656.69000", "2018-12-31": "-1498.80800", "2018-09-30": "-1349.78500", "2018-06-30": "-1204.30300", "2018-03-31": "-1058.30800", "2017-12-31": "-913.80800", "2017-09-30": "-796.58000", "2017-06-30": "-717.77500", "2017-03-31": "-646.87600", "2016-12-31": "-577.67400", "2016-09-30": "-506.31000", "2016-06-30": "-429.28500", "2016-03-31": "-370.44100", "2015-12-31": "-314.16700", "2015-09-30": "-266.89200", "2015-06-30": "-223.96600", "2015-03-31": "-172.17100", "2014-12-31": "-147.38400", "2014-09-30": "-127.84000", "2014-06-30": "-110.81000", "2014-03-31": "-109.28400", "2013-12-31": "-98.67500", "2013-09-30": "-90.59400", "2013-06-30": "-84.48100", "2013-03-31": "", "2012-12-31": "", "2012-09-30": "", "2012-06-30": "", "2011-12-31": "-63.44000"}, "Comprehensive Income": {"2020-09-30": "-4.22300", "2020-06-30": "-2.40000", "2020-03-31": "-2.79900", "2019-12-31": "-1.89300", "2019-09-30": "-2.85100", "2019-06-30": "-0.81900", "2019-03-31": "-1.79200", "2018-12-31": "-3.62700", "2018-09-30": "-5.46300", "2018-06-30": "-5.39400", "2018-03-31": "-5.04900", "2017-12-31": "-4.20500", "2017-09-30": "-2.09700", "2017-06-30": "-1.41500", "2017-03-31": "-1.25200", "2016-12-31": "-1.14900", "2016-09-30": "-0.83600", "2016-06-30": "-0.64200", "2016-03-31": "-0.97200", "2015-12-31": "-2.29100", "2015-09-30": "0.05000", "2015-06-30": "-0.05300", "2015-03-31": "-0.12300", "2014-12-31": "-0.07100", "2014-09-30": "-0.07400", "2014-06-30": "", "2014-03-31": "", "2013-12-31": "", "2013-09-30": "", "2013-06-30": "", "2013-03-31": "", "2012-12-31": "", "2012-09-30": "", "2012-06-30": "", "2011-12-31": ""}, "Other Share Holders Equity": {"2020-09-30": "", "2020-06-30": "", "2020-03-31": "", "2019-12-31": "", "2019-09-30": "", "2019-06-30": "", "2019-03-31": "", "2018-12-31": "", "2018-09-30": "", "2018-06-30": "", "2018-03-31": "", "2017-12-31": "", "2017-09-30": "", "2017-06-30": "", "2017-03-31": "", "2016-12-31": "", "2016-09-30": "", "2016-06-30": "", "2016-03-31": "", "2015-12-31": "", "2015-09-30": "", "2015-06-30": "", "2015-03-31": "", "2014-12-31": "", "2014-09-30": "", "2014-06-30": "", "2014-03-31": "", "2013-12-31": "", "2013-09-30": "", "2013-06-30": "", "2013-03-31": "0.00000", "2012-12-31": "", "2012-09-30": "0.00000", "2012-06-30": "0.00000", "2011-12-31": "0.00100"}, "Share Holder Equity": {"2020-09-30": "1523.02100", "2020-06-30": "1682.03100", "2020-03-31": "1120.43300", "2019-12-31": "1284.99300", "2019-09-30": "1471.71000", "2019-06-30": "1636.37400", "2019-03-31": "1772.09900", "2018-12-31": "1885.07000", "2018-09-30": "2000.79000", "2018-06-30": "1457.53400", "2018-03-31": "1570.20100", "2017-12-31": "1623.43200", "2017-09-30": "1141.31800", "2017-06-30": "1200.01900", "2017-03-31": "815.37900", "2016-12-31": "869.44000", "2016-09-30": "694.51300", "2016-06-30": "759.29000", "2016-03-31": "806.50700", "2015-12-31": "850.49600", "2015-09-30": "889.00600", "2015-06-30": "918.96600", "2015-03-31": "474.49900", "2014-12-31": "491.25700", "2014-09-30": "261.89200", "2014-06-30": "165.75600", "2014-03-31": "144.16500", "2013-12-31": "151.66700", "2013-09-30": "157.70000", "2013-06-30": "161.27000", "2013-03-31": "0.00000", "2012-12-31": "", "2012-09-30": "0.00000", "2012-06-30": "0.00000", "2011-12-31": "26.69000"}, "Total Liabilities And Share Holders Equity": {"2020-09-30": "1945.48400", "2020-06-30": "2107.79000", "2020-03-31": "1529.10400", "2019-12-31": "1727.42400", "2019-09-30": "1892.21800", "2019-06-30": "2023.34400", "2019-03-31": "2138.61500", "2018-12-31": "2242.84400", "2018-09-30": "2351.78900", "2018-06-30": "1761.51100", "2018-03-31": "1866.80800", "2017-12-31": "1900.56700", "2017-09-30": "1405.75600", "2017-06-30": "1457.13000", "2017-03-31": "1072.57000", "2016-12-31": "1118.12200", "2016-09-30": "918.26200", "2016-06-30": "941.66700", "2016-03-31": "978.70400", "2015-12-31": "1002.33700", "2015-09-30": "1017.64100", "2015-06-30": "999.16900", "2015-03-31": "533.81600", "2014-12-31": "556.73900", "2014-09-30": "330.19300", "2014-06-30": "240.62200", "2014-03-31": "209.51000", "2013-12-31": "224.39000", "2013-09-30": "228.26200", "2013-06-30": "234.54400", "2013-03-31": "0.00000", "2012-12-31": "", "2012-09-30": "0.00000", "2012-06-30": "0.00000", "2011-12-31": "30.91000"}}, "cash flow statement": {"Net Income/Loss": {"2019-12-31": "-789.60800", "2018-12-31": "-555.62500", "2017-12-31": "-335.64300", "2016-12-31": "-263.50700", "2015-12-31": "-166.78300", "2014-12-31": "-48.70900", "2013-12-31": "-25.32100", "2012-12-31": "-23.67000", "2011-12-31": "-15.59800"}, "Total Depreciation And Amortization - Cash Flow": {"2019-12-31": "17.43400", "2018-12-31": "17.15800", "2017-12-31": "13.53800", "2016-12-31": "9.64800", "2015-12-31": "7.41900", "2014-12-31": "4.22800", "2013-12-31": "0.94100", "2012-12-31": "0.30100", "2011-12-31": "0.22500"}, "Other Non-Cash Items": {"2019-12-31": "178.43000", "2018-12-31": "149.75500", "2017-12-31": "54.24600", "2016-12-31": "45.25600", "2015-12-31": "44.97700", "2014-12-31": "-0.47800", "2013-12-31": "6.94000", "2012-12-31": "0.80400", "2011-12-31": "1.22400"}, "Total Non-Cash Items": {"2019-12-31": "195.86400", "2018-12-31": "166.91300", "2017-12-31": "67.78400", "2016-12-31": "54.90400", "2015-12-31": "52.39600", "2014-12-31": "3.75000", "2013-12-31": "7.88100", "2012-12-31": "1.10500", "2011-12-31": "1.44900"}, "Change In Accounts Receivable": {"2019-12-31": "", "2018-12-31": "", "2017-12-31": "", "2016-12-31": "", "2015-12-31": "", "2014-12-31": "", "2013-12-31": "", "2012-12-31": "", "2011-12-31": ""}, "Change In Inventories": {"2019-12-31": "", "2018-12-31": "", "2017-12-31": "", "2016-12-31": "", "2015-12-31": "", "2014-12-31": "", "2013-12-31": "", "2012-12-31": "", "2011-12-31": ""}, "Change In Accounts Payable": {"2019-12-31": "23.60000", "2018-12-31": "3.61400", "2017-12-31": "0.52600", "2016-12-31": "6.65800", "2015-12-31": "2.54100", "2014-12-31": "-2.24900", "2013-12-31": "2.06700", "2012-12-31": "0.38000", "2011-12-31": "0.87000"}, "Change In Assets/Liabilities": {"2019-12-31": "-40.53100", "2018-12-31": "-66.16000", "2017-12-31": "-19.06800", "2016-12-31": "-9.75300", "2015-12-31": "3.99400", "2014-12-31": "-22.45400", "2013-12-31": "58.06200", "2012-12-31": "-0.19500", "2011-12-31": "0.69900"}, "Total Change In Assets/Liabilities": {"2019-12-31": "29.36000", "2018-12-31": "-24.71400", "2017-12-31": "-12.69400", "2016-12-31": "18.95600", "2015-12-31": "15.95800", "2014-12-31": "-14.73400", "2013-12-31": "60.89000", "2012-12-31": "1.52100", "2011-12-31": "1.93200"}, "Cash Flow From Operating Activities": {"2019-12-31": "-564.38400", "2018-12-31": "-413.42600", "2017-12-31": "-280.55300", "2016-12-31": "-189.64700", "2015-12-31": "-98.42900", "2014-12-31": "-59.69300", "2013-12-31": "43.45000", "2012-12-31": "-21.04400", "2011-12-31": "-12.21700"}, "Net Change In Property, Plant, And Equipment": {"2019-12-31": "-71.02800", "2018-12-31": "-55.73700", "2017-12-31": "-62.24200", "2016-12-31": "-28.02900", "2015-12-31": "-7.05500", "2014-12-31": "-8.70800", "2013-12-31": "-8.67000", "2012-12-31": "-0.86700", "2011-12-31": "-0.40300"}, "Net Change In Intangible Assets": {"2019-12-31": "-5.22400", "2018-12-31": "0.00000", "2017-12-31": "0.00000", "2016-12-31": "", "2015-12-31": "", "2014-12-31": "", "2013-12-31": "", "2012-12-31": "", "2011-12-31": ""}, "Net Acquisitions/Divestitures": {"2019-12-31": "", "2018-12-31": "", "2017-12-31": "", "2016-12-31": "", "2015-12-31": "", "2014-12-31": "-4.67300", "2013-12-31": "", "2012-12-31": "", "2011-12-31": ""}, "Net Change In Short-term Investments": {"2019-12-31": "584.05900", "2018-12-31": "-623.69810", "2017-12-31": "-254.38800", "2016-12-31": "95.13900", "2015-12-31": "-555.99600", "2014-12-31": "-144.02100", "2013-12-31": "0.00000", "2012-12-31": "3.50600", "2011-12-31": "-3.52600"}, "Net Change In Long-Term Investments": {"2019-12-31": "", "2018-12-31": "", "2017-12-31": "", "2016-12-31": "", "2015-12-31": "", "2014-12-31": "", "2013-12-31": "", "2012-12-31": "", "2011-12-31": ""}, "Net Change In Investments - Total": {"2019-12-31": "584.05900", "2018-12-31": "-623.69810", "2017-12-31": "-254.38800", "2016-12-31": "95.13900", "2015-12-31": "-555.99600", "2014-12-31": "-144.02100", "2013-12-31": "", "2012-12-31": "3.50600", "2011-12-31": "-3.52600"}, "Investing Activities - Other": {"2019-12-31": "", "2018-12-31": "", "2017-12-31": "", "2016-12-31": "", "2015-12-31": "-8.81600", "2014-12-31": "0.20900", "2013-12-31": "-1.15300", "2012-12-31": "-0.04000", "2011-12-31": "-0.03500"}, "Cash Flow From Investing Activities": {"2019-12-31": "507.80700", "2018-12-31": "-679.43500", "2017-12-31": "-316.63000", "2016-12-31": "67.11000", "2015-12-31": "-571.86700", "2014-12-31": "-157.19300", "2013-12-31": "-9.82300", "2012-12-31": "2.59900", "2011-12-31": "-3.96400"}, "Net Long-Term Debt": {"2019-12-31": "", "2018-12-31": "-1.01700", "2017-12-31": "-0.57400", "2016-12-31": "", "2015-12-31": "", "2014-12-31": "", "2013-12-31": "", "2012-12-31": "", "2011-12-31": ""}, "Net Current Debt": {"2019-12-31": "", "2018-12-31": "", "2017-12-31": "", "2016-12-31": "", "2015-12-31": "", "2014-12-31": "", "2013-12-31": "", "2012-12-31": "", "2011-12-31": ""}, "Debt Issuance/Retirement Net - Total": {"2019-12-31": "", "2018-12-31": "-1.01700", "2017-12-31": "-0.57400", "2016-12-31": "", "2015-12-31": "", "2014-12-31": "", "2013-12-31": "", "2012-12-31": "", "2011-12-31": ""}, "Net Common Equity Issued/Repurchased": {"2019-12-31": "21.18700", "2018-12-31": "735.61100", "2017-12-31": "1039.80100", "2016-12-31": "241.89600", "2015-12-31": "487.17300", "2014-12-31": "358.45200", "2013-12-31": "105.29700", "2012-12-31": "0.02100", "2011-12-31": "0.00100"}, "Net Total Equity Issued/Repurchased": {"2019-12-31": "21.18700", "2018-12-31": "735.61100", "2017-12-31": "1039.80100", "2016-12-31": "241.89600", "2015-12-31": "487.17300", "2014-12-31": "358.45200", "2013-12-31": "105.29700", "2012-12-31": "59.85200", "2011-12-31": "32.43500"}, "Total Common And Preferred Stock Dividends Paid": {"2019-12-31": "", "2018-12-31": "", "2017-12-31": "", "2016-12-31": "", "2015-12-31": "", "2014-12-31": "", "2013-12-31": "", "2012-12-31": "", "2011-12-31": ""}, "Financial Activities - Other": {"2019-12-31": "", "2018-12-31": "3.09800", "2017-12-31": "36.94700", "2016-12-31": "-0.36200", "2015-12-31": "-0.45300", "2014-12-31": "", "2013-12-31": "0.34400", "2012-12-31": "", "2011-12-31": ""}, "Cash Flow From Financial Activities": {"2019-12-31": "21.18700", "2018-12-31": "737.69200", "2017-12-31": "1076.17400", "2016-12-31": "241.53400", "2015-12-31": "486.72000", "2014-12-31": "358.45200", "2013-12-31": "105.64100", "2012-12-31": "59.85200", "2011-12-31": "32.43500"}, "Net Cash Flow": {"2019-12-31": "-35.39000", "2018-12-31": "-355.16900", "2017-12-31": "478.99100", "2016-12-31": "118.99700", "2015-12-31": "-183.57600", "2014-12-31": "141.56600", "2013-12-31": "139.26800", "2012-12-31": "41.40700", "2011-12-31": "16.25400"}, "Stock-Based Compensation": {"2019-12-31": "160.62900", "2018-12-31": "110.83600", "2017-12-31": "53.28200", "2016-12-31": "39.75600", "2015-12-31": "41.12000", "2014-12-31": "10.93100", "2013-12-31": "6.49100", "2012-12-31": "0.82200", "2011-12-31": "0.86300"}, "Common Stock Dividends Paid": {"2019-12-31": "", "2018-12-31": "", "2017-12-31": "", "2016-12-31": "", "2015-12-31": "", "2014-12-31": "", "2013-12-31": "", "2012-12-31": "", "2011-12-31": ""}}, "cash flow statement, quarterly": {"Net Income/Loss": {"2020-09-30": -194.745, "2020-06-30": -21.465, "2020-03-31": "-202.61100", "2019-12-31": -223.347, "2019-09-30": -206.033, "2019-06-30": -195.782, "2019-03-31": "-164.44600", "2018-12-31": -149.023, "2018-09-30": -145.482, "2018-06-30": -145.994, "2018-03-31": "-115.12600", "2017-12-31": -117.228, "2017-09-30": -78.804, "2017-06-30": -70.899, "2017-03-31": "-68.71200", "2016-12-31": -71.364, "2016-09-30": -77.025, "2016-06-30": -58.844, "2016-03-31": "-56.27400", "2015-12-31": -47.275, "2015-09-30": -42.926, "2015-06-30": -51.795, "2015-03-31": "-24.78700", "2014-12-31": -19.544, "2014-09-30": -17.03, "2014-06-30": -1.526, "2014-03-31": "-10.60900", "2013-12-31": -8.081, "2013-09-30": -6.113, "2013-06-30": -4.583, "2013-03-31": "-6.54400", "2012-12-31": -8.998, "2012-09-30": -5.041, "2012-06-30": 5.959, "2011-12-31": -15.59}, "Total Depreciation And Amortization - Cash Flow": {"2020-09-30": 4.948, "2020-06-30": 4.55, "2020-03-31": "4.88000", "2019-12-31": 5.056, "2019-09-30": 4.547, "2019-06-30": 4.048, "2019-03-31": "3.78300", "2018-12-31": 4.545, "2018-09-30": 4.414, "2018-06-30": 4.179, "2018-03-31": "4.02000", "2017-12-31": 3.639, "2017-09-30": 3.618, "2017-06-30": 3.437, "2017-03-31": "2.84400", "2016-12-31": 2.516, "2016-09-30": 2.385, "2016-06-30": 2.464, "2016-03-31": "2.28300", "2015-12-31": 2.038, "2015-09-30": 1.872, "2015-06-30": 1.799, "2015-03-31": "1.71000", "2014-12-31": 1.67, "2014-09-30": 1.541, "2014-06-30": 0.542, "2014-03-31": "0.47500", "2013-12-31": 0.331, "2013-09-30": 0.306, "2013-06-30": 0.165, "2013-03-31": "0.13900", "2012-12-31": 0.095, "2012-09-30": 0.072, "2012-06-30": -0.087, "2011-12-31": 0.22}, "Other Non-Cash Items": {"2020-09-30": 46.855, "2020-06-30": 49.009, "2020-03-31": "39.85800", "2019-12-31": 38.424, "2019-09-30": 44.318, "2019-06-30": 60.014, "2019-03-31": "35.67400", "2018-12-31": 19.439, "2018-09-30": 75.635, "2018-06-30": 28.749, "2018-03-31": "25.93200", "2017-12-31": 14.208, "2017-09-30": 12.27, "2017-06-30": 14.016, "2017-03-31": "13.75200", "2016-12-31": 10.16, "2016-09-30": 11.606, "2016-06-30": 11.466, "2016-03-31": "12.02400", "2015-12-31": 11.423, "2015-09-30": 9.615, "2015-06-30": 18.162, "2015-03-31": "5.77700", "2014-12-31": 3.238, "2014-09-30": 3.07, "2014-06-30": -9.321, "2014-03-31": "2.53500", "2013-12-31": 1.665, "2013-09-30": 2.515, "2013-06-30": 2.056, "2013-03-31": "0.70400", "2012-12-31": -0.503, "2012-09-30": 0.207, "2012-06-30": 0.296, "2011-12-31": 0}, "Total Non-Cash Items": {"2020-09-30": 51.803, "2020-06-30": 53.559, "2020-03-31": "44.73800", "2019-12-31": 43.48, "2019-09-30": 48.865, "2019-06-30": 64.062, "2019-03-31": "39.45700", "2018-12-31": 23.984, "2018-09-30": 80.049, "2018-06-30": 32.928, "2018-03-31": "29.95200", "2017-12-31": 17.847, "2017-09-30": 15.888, "2017-06-30": 17.453, "2017-03-31": "16.59600", "2016-12-31": 12.676, "2016-09-30": 13.991, "2016-06-30": 13.93, "2016-03-31": "14.30700", "2015-12-31": 13.461, "2015-09-30": 11.487, "2015-06-30": 19.961, "2015-03-31": "7.48700", "2014-12-31": 4.908, "2014-09-30": 4.611, "2014-06-30": -8.779, "2014-03-31": "3.01000", "2013-12-31": 1.996, "2013-09-30": 2.821, "2013-06-30": 2.221, "2013-03-31": "0.84300", "2012-12-31": -0.408, "2012-09-30": 0.279, "2012-06-30": 0.209, "2011-12-31": 0.22}, "Change In Accounts Receivable": {"2020-09-30": 0, "2020-06-30": 0, "2020-03-31": "", "2019-12-31": 0, "2019-09-30": 0, "2019-06-30": 0, "2019-03-31": "", "2018-12-31": 0, "2018-09-30": 0, "2018-06-30": 0, "2018-03-31": "", "2017-12-31": 0, "2017-09-30": 0, "2017-06-30": 0, "2017-03-31": "", "2016-12-31": 0, "2016-09-30": 0, "2016-06-30": 0, "2016-03-31": "", "2015-12-31": 0, "2015-09-30": 0, "2015-06-30": 0, "2015-03-31": "", "2014-12-31": 0, "2014-09-30": 0, "2014-06-30": 0, "2014-03-31": "", "2013-12-31": 0, "2013-09-30": 0, "2013-06-30": 0, "2013-03-31": "", "2012-12-31": 0, "2012-09-30": 0, "2012-06-30": 0, "2011-12-31": 0}, "Change In Inventories": {"2020-09-30": 0, "2020-06-30": 0, "2020-03-31": "", "2019-12-31": 0, "2019-09-30": 0, "2019-06-30": 0, "2019-03-31": "", "2018-12-31": 0, "2018-09-30": 0, "2018-06-30": 0, "2018-03-31": "", "2017-12-31": 0, "2017-09-30": 0, "2017-06-30": 0, "2017-03-31": "", "2016-12-31": 0, "2016-09-30": 0, "2016-06-30": 0, "2016-03-31": "", "2015-12-31": 0, "2015-09-30": 0, "2015-06-30": 0, "2015-03-31": "", "2014-12-31": 0, "2014-09-30": 0, "2014-06-30": 0, "2014-03-31": "", "2013-12-31": 0, "2013-09-30": 0, "2013-06-30": 0, "2013-03-31": "", "2012-12-31": 0, "2012-09-30": 0, "2012-06-30": 0, "2011-12-31": 0}, "Change In Accounts Payable": {"2020-09-30": -1.378, "2020-06-30": -4.523, "2020-03-31": "-9.51900", "2019-12-31": 0.32, "2019-09-30": 16.628, "2019-06-30": -3.938, "2019-03-31": "10.59000", "2018-12-31": 4.107, "2018-09-30": -4.59, "2018-06-30": 4.834, "2018-03-31": "-0.73700", "2017-12-31": 0.973, "2017-09-30": -2.45, "2017-06-30": 5.26, "2017-03-31": "-3.25700", "2016-12-31": 5.448, "2016-09-30": 4.342, "2016-06-30": -0.937, "2016-03-31": "-2.19500", "2015-12-31": 1.918, "2015-09-30": 1.041, "2015-06-30": -0.087, "2015-03-31": "-0.33100", "2014-12-31": 0.355, "2014-09-30": 0.098, "2014-06-30": -0.314, "2014-03-31": "-2.38800", "2013-12-31": 3.088, "2013-09-30": 0.395, "2013-06-30": -0.823, "2013-03-31": "-0.59300", "2012-12-31": 0.755, "2012-09-30": 0.34, "2012-06-30": -1.095, "2011-12-31": 0}, "Change In Assets/Liabilities": {"2020-09-30": -5.429, "2020-06-30": 5.64, "2020-03-31": "-18.17200", "2019-12-31": -10.46, "2019-09-30": 2.598, "2019-06-30": -14.428, "2019-03-31": "-18.24100", "2018-12-31": -15.165, "2018-09-30": -26.127, "2018-06-30": 2.584, "2018-03-31": "-27.45200", "2017-12-31": -9.287, "2017-09-30": 6.988, "2017-06-30": -10.157, "2017-03-31": "-6.61200", "2016-12-31": -13.818, "2016-09-30": -2.351, "2016-06-30": -0.769, "2016-03-31": "7.18500", "2015-12-31": -5.292, "2015-09-30": -2.891, "2015-06-30": 18.793, "2015-03-31": "-6.61600", "2014-12-31": -5.739, "2014-09-30": -6.389, "2014-06-30": -6.641, "2014-03-31": "-3.68500", "2013-12-31": -1.971, "2013-09-30": -6.594, "2013-06-30": -6.17, "2013-03-31": "72.79700", "2012-12-31": 0.473, "2012-09-30": -0.068, "2012-06-30": -0.405, "2011-12-31": 0}, "Total Change In Assets/Liabilities": {"2020-09-30": -5.838, "2020-06-30": 7.649, "2020-03-31": "-48.24800", "2019-12-31": 20.891, "2019-09-30": 43.787, "2019-06-30": -6.153, "2019-03-31": "-29.16500", "2018-12-31": -4.692, "2018-09-30": -9.04, "2018-06-30": 12.666, "2018-03-31": "-23.64800", "2017-12-31": 4.002, "2017-09-30": 6.579, "2017-06-30": -0.088, "2017-03-31": "-23.18700", "2016-12-31": -10.418, "2016-09-30": 23.593, "2016-06-30": 0.58, "2016-03-31": "5.20100", "2015-12-31": 0.729, "2015-09-30": 2.372, "2015-06-30": 19.716, "2015-03-31": "-6.85900", "2014-12-31": -1.028, "2014-09-30": -8.352, "2014-06-30": -1.019, "2014-03-31": "-4.33500", "2013-12-31": 0.63, "2013-09-30": -5.568, "2013-06-30": -5.891, "2013-03-31": "71.71900", "2012-12-31": 1.964, "2012-09-30": 0.539, "2012-06-30": -2.913, "2011-12-31": 1.93}, "Cash Flow From Operating Activities": {"2020-09-30": -148.78, "2020-06-30": 39.743, "2020-03-31": "-206.12100", "2019-12-31": -158.976, "2019-09-30": -113.381, "2019-06-30": -137.873, "2019-03-31": "-154.15400", "2018-12-31": -129.731, "2018-09-30": -74.473, "2018-06-30": -100.4, "2018-03-31": "-108.82200", "2017-12-31": -95.379, "2017-09-30": -56.337, "2017-06-30": -53.534, "2017-03-31": "-75.30300", "2016-12-31": -69.106, "2016-09-30": -39.441, "2016-06-30": -44.334, "2016-03-31": "-36.76600", "2015-12-31": -33.085, "2015-09-30": -29.067, "2015-06-30": -12.118, "2015-03-31": "-24.15900", "2014-12-31": -15.664, "2014-09-30": -20.771, "2014-06-30": -11.324, "2014-03-31": "-11.93400", "2013-12-31": -5.455, "2013-09-30": -8.86, "2013-06-30": -8.253, "2013-03-31": "66.01800", "2012-12-31": -6.632, "2012-09-30": -4.223, "2012-06-30": 2.025, "2011-12-31": -12.21}, "Net Change In Property, Plant, And Equipment": {"2020-09-30": -5.62, "2020-06-30": -4.802, "2020-03-31": "-10.67600", "2019-12-31": -12.39, "2019-09-30": -20.713, "2019-06-30": -18.604, "2019-03-31": "-19.32100", "2018-12-31": -12.893, "2018-09-30": -22.155, "2018-06-30": -13.237, "2018-03-31": "-7.45200", "2017-12-31": -18.834, "2017-09-30": -3.899, "2017-06-30": -13.485, "2017-03-31": "-26.02400", "2016-12-31": -13.024, "2016-09-30": -8.948, "2016-06-30": -2.163, "2016-03-31": "-3.89400", "2015-12-31": -3.437, "2015-09-30": -1.05, "2015-06-30": -1.412, "2015-03-31": "-1.15600", "2014-12-31": -2.405, "2014-09-30": -1.769, "2014-06-30": -2.017, "2014-03-31": "-2.51700", "2013-12-31": -5.29, "2013-09-30": -2.115, "2013-06-30": -0.453, "2013-03-31": "-0.81200", "2012-12-31": -0.349, "2012-09-30": -0.04, "2012-06-30": -0.071, "2011-12-31": -0.4}, "Net Change In Intangible Assets": {"2020-09-30": 0, "2020-06-30": 0, "2020-03-31": "", "2019-12-31": -1, "2019-09-30": -4.224, "2019-06-30": 0, "2019-03-31": "", "2018-12-31": 0, "2018-09-30": 0, "2018-06-30": 0, "2018-03-31": "", "2017-12-31": 0, "2017-09-30": 0, "2017-06-30": 0, "2017-03-31": "", "2016-12-31": 0, "2016-09-30": 0, "2016-06-30": 0, "2016-03-31": "", "2015-12-31": 0, "2015-09-30": 0, "2015-06-30": 0, "2015-03-31": "", "2014-12-31": 0, "2014-09-30": 0, "2014-06-30": 0, "2014-03-31": "", "2013-12-31": 0, "2013-09-30": 0, "2013-06-30": 0, "2013-03-31": "", "2012-12-31": 0, "2012-09-30": 0, "2012-06-30": 0, "2011-12-31": 0}, "Net Acquisitions/Divestitures": {"2020-09-30": 0, "2020-06-30": 0, "2020-03-31": "", "2019-12-31": 0, "2019-09-30": 0, "2019-06-30": 0, "2019-03-31": "", "2018-12-31": 0, "2018-09-30": 0, "2018-06-30": 0, "2018-03-31": "", "2017-12-31": 0, "2017-09-30": 0, "2017-06-30": 0, "2017-03-31": "", "2016-12-31": 0, "2016-09-30": 0, "2016-06-30": 0, "2016-03-31": "", "2015-12-31": 0, "2015-09-30": 0, "2015-06-30": 0, "2015-03-31": "", "2014-12-31": 0, "2014-09-30": 0, "2014-06-30": -4.673, "2014-03-31": "", "2013-12-31": 0, "2013-09-30": 0, "2013-06-30": 0, "2013-03-31": "", "2012-12-31": 0, "2012-09-30": 0, "2012-06-30": 0, "2011-12-31": 0}, "Net Change In Short-term Investments": {"2020-09-30": -721.395, "2020-06-30": 274.078, "2020-03-31": "235.25400", "2019-12-31": 196.643, "2019-09-30": 153.978, "2019-06-30": 251.03, "2019-03-31": "-17.59200", "2018-12-31": -428.2151, "2018-09-30": 76.04, "2018-06-30": -14.25, "2018-03-31": "-257.27300", "2017-12-31": 46.426, "2017-09-30": -394.884, "2017-06-30": 72.5, "2017-03-31": "21.57000", "2016-12-31": -123.91, "2016-09-30": 73.069, "2016-06-30": 77.64, "2016-03-31": "68.34000", "2015-12-31": -217.736, "2015-09-30": -139.5, "2015-06-30": -6.94, "2015-03-31": "-191.82000", "2014-12-31": 30, "2014-09-30": -174.021, "2014-06-30": 0, "2014-03-31": "0.00000", "2013-12-31": 0, "2013-09-30": 0, "2013-06-30": 0, "2013-03-31": "", "2012-12-31": -3.506, "2012-09-30": -0.001, "2012-06-30": 3.507, "2011-12-31": 0}, "Net Change In Long-Term Investments": {"2020-09-30": 0, "2020-06-30": 0, "2020-03-31": "", "2019-12-31": 0, "2019-09-30": 0, "2019-06-30": 0, "2019-03-31": "", "2018-12-31": 0, "2018-09-30": 0, "2018-06-30": 0, "2018-03-31": "", "2017-12-31": 0, "2017-09-30": 0, "2017-06-30": 0, "2017-03-31": "", "2016-12-31": 0, "2016-09-30": 0, "2016-06-30": 0, "2016-03-31": "", "2015-12-31": 0, "2015-09-30": 0, "2015-06-30": 0, "2015-03-31": "", "2014-12-31": 0, "2014-09-30": 0, "2014-06-30": 0, "2014-03-31": "", "2013-12-31": 0, "2013-09-30": 0, "2013-06-30": 0, "2013-03-31": "", "2012-12-31": 0, "2012-09-30": 0, "2012-06-30": 0, "2011-12-31": 0}, "Net Change In Investments - Total": {"2020-09-30": -721.395, "2020-06-30": 274.078, "2020-03-31": "235.25400", "2019-12-31": 196.643, "2019-09-30": 153.978, "2019-06-30": 251.03, "2019-03-31": "-17.59200", "2018-12-31": -428.2151, "2018-09-30": 76.04, "2018-06-30": -14.25, "2018-03-31": "-257.27300", "2017-12-31": 46.426, "2017-09-30": -394.884, "2017-06-30": 72.5, "2017-03-31": "21.57000", "2016-12-31": -123.91, "2016-09-30": 73.069, "2016-06-30": 77.64, "2016-03-31": "68.34000", "2015-12-31": -217.736, "2015-09-30": -139.5, "2015-06-30": -6.94, "2015-03-31": "-191.82000", "2014-12-31": 30, "2014-09-30": -174.021, "2014-06-30": 0, "2014-03-31": "", "2013-12-31": 0, "2013-09-30": 0, "2013-06-30": 0, "2013-03-31": "", "2012-12-31": -0.006, "2012-09-30": -0.001, "2012-06-30": 7.027, "2011-12-31": -3.52}, "Investing Activities - Other": {"2020-09-30": 0, "2020-06-30": 0, "2020-03-31": "", "2019-12-31": 0, "2019-09-30": 0, "2019-06-30": 0, "2019-03-31": "", "2018-12-31": 20.017, "2018-09-30": -20.017, "2018-06-30": 0, "2018-03-31": "", "2017-12-31": 0, "2017-09-30": 0, "2017-06-30": 0, "2017-03-31": "", "2016-12-31": 4.379, "2016-09-30": -4.588, "2016-06-30": 0.209, "2016-03-31": "", "2015-12-31": 0, "2015-09-30": -9.175, "2015-06-30": 0.359, "2015-03-31": "", "2014-12-31": 0, "2014-09-30": 0.209, "2014-06-30": 0, "2014-03-31": "", "2013-12-31": 0, "2013-09-30": 0.1, "2013-06-30": -1.253, "2013-03-31": "", "2012-12-31": 0, "2012-09-30": 0, "2012-06-30": -0.01, "2011-12-31": -0.03}, "Cash Flow From Investing Activities": {"2020-09-30": -727.015, "2020-06-30": 269.276, "2020-03-31": "224.57800", "2019-12-31": 183.253, "2019-09-30": 129.041, "2019-06-30": 232.426, "2019-03-31": "-36.91300", "2018-12-31": -421.091, "2018-09-30": 33.868, "2018-06-30": -27.487, "2018-03-31": "-264.72500", "2017-12-31": 27.592, "2017-09-30": -398.783, "2017-06-30": 59.015, "2017-03-31": "-4.45400", "2016-12-31": -132.555, "2016-09-30": 59.533, "2016-06-30": 75.686, "2016-03-31": "64.44600", "2015-12-31": -221.173, "2015-09-30": -149.725, "2015-06-30": -7.993, "2015-03-31": "-192.97600", "2014-12-31": 27.595, "2014-09-30": -175.581, "2014-06-30": -6.69, "2014-03-31": "-2.51700", "2013-12-31": -5.29, "2013-09-30": -2.015, "2013-06-30": -1.706, "2013-03-31": "-0.81200", "2012-12-31": -0.365, "2012-09-30": -0.041, "2012-06-30": 6.956, "2011-12-31": -3.96}, "Net Long-Term Debt": {"2020-09-30": 0, "2020-06-30": 0, "2020-03-31": "", "2019-12-31": 0, "2019-09-30": 0, "2019-06-30": 0, "2019-03-31": "", "2018-12-31": -0.289, "2018-09-30": -0.282, "2018-06-30": -0.34, "2018-03-31": "-0.10600", "2017-12-31": -0.259, "2017-09-30": -0.195, "2017-06-30": -0.12, "2017-03-31": "", "2016-12-31": 0, "2016-09-30": 0, "2016-06-30": 0, "2016-03-31": "", "2015-12-31": 0, "2015-09-30": 0, "2015-06-30": 0, "2015-03-31": "", "2014-12-31": 0, "2014-09-30": 0, "2014-06-30": 0, "2014-03-31": "", "2013-12-31": 0, "2013-09-30": 0, "2013-06-30": 0, "2013-03-31": "", "2012-12-31": 0, "2012-09-30": 0, "2012-06-30": 0, "2011-12-31": 0}, "Net Current Debt": {"2020-09-30": 0, "2020-06-30": 0, "2020-03-31": "", "2019-12-31": 0, "2019-09-30": 0, "2019-06-30": 0, "2019-03-31": "", "2018-12-31": 0, "2018-09-30": 0, "2018-06-30": 0, "2018-03-31": "", "2017-12-31": 0, "2017-09-30": 0, "2017-06-30": 0, "2017-03-31": "", "2016-12-31": 0, "2016-09-30": 0, "2016-06-30": 0, "2016-03-31": "", "2015-12-31": 0, "2015-09-30": 0, "2015-06-30": 0, "2015-03-31": "", "2014-12-31": 0, "2014-09-30": 0, "2014-06-30": 0, "2014-03-31": "", "2013-12-31": 0, "2013-09-30": 0, "2013-06-30": 0, "2013-03-31": "", "2012-12-31": 0, "2012-09-30": 0, "2012-06-30": 0, "2011-12-31": 0}, "Debt Issuance/Retirement Net - Total": {"2020-09-30": 0, "2020-06-30": 0, "2020-03-31": "", "2019-12-31": 0, "2019-09-30": 0, "2019-06-30": 0, "2019-03-31": "", "2018-12-31": -0.289, "2018-09-30": -0.282, "2018-06-30": -0.34, "2018-03-31": "-0.10600", "2017-12-31": -0.259, "2017-09-30": -0.195, "2017-06-30": -0.12, "2017-03-31": "", "2016-12-31": 0, "2016-09-30": 0, "2016-06-30": 0, "2016-03-31": "", "2015-12-31": 0, "2015-09-30": 0, "2015-06-30": 0, "2015-03-31": "", "2014-12-31": 0, "2014-09-30": 0, "2014-06-30": 0, "2014-03-31": "", "2013-12-31": 0, "2013-09-30": 0, "2013-06-30": 0, "2013-03-31": "", "2012-12-31": 0, "2012-09-30": 0, "2012-06-30": 0, "2011-12-31": 0}, "Net Common Equity Issued/Repurchased": {"2020-09-30": 1.198, "2020-06-30": 543.122, "2020-03-31": "0.96300", "2019-12-31": 2.005, "2019-09-30": 4.178, "2019-06-30": 4.781, "2019-03-31": "10.22300", "2018-12-31": 2.21, "2018-09-30": 707.777, "2018-06-30": -43.061, "2018-03-31": "68.68500", "2017-12-31": 588.59, "2017-09-30": 5.767, "2017-06-30": 442.404, "2017-03-31": "3.04000", "2016-12-31": 238.11, "2016-09-30": 2.433, "2016-06-30": 0.714, "2016-03-31": "0.63900", "2015-12-31": 1.017, "2015-09-30": 480.635, "2015-06-30": 3.057, "2015-03-31": "2.46400", "2014-12-31": 246.311, "2014-09-30": 110.245, "2014-06-30": 1.225, "2014-03-31": "0.67100", "2013-12-31": 0.233, "2013-09-30": -1.181, "2013-06-30": 106.211, "2013-03-31": "0.03400", "2012-12-31": -0.008, "2012-09-30": 0, "2012-06-30": 0.008, "2011-12-31": 0}, "Net Total Equity Issued/Repurchased": {"2020-09-30": 1.198, "2020-06-30": 543.122, "2020-03-31": "0.96300", "2019-12-31": 2.005, "2019-09-30": 4.178, "2019-06-30": 4.781, "2019-03-31": "10.22300", "2018-12-31": 2.21, "2018-09-30": 707.777, "2018-06-30": -43.061, "2018-03-31": "68.68500", "2017-12-31": 588.59, "2017-09-30": 5.767, "2017-06-30": 442.404, "2017-03-31": "3.04000", "2016-12-31": 238.11, "2016-09-30": 2.433, "2016-06-30": 0.714, "2016-03-31": "0.63900", "2015-12-31": 1.017, "2015-09-30": 3.456, "2015-06-30": 480.236, "2015-03-31": "2.46400", "2014-12-31": 246.311, "2014-09-30": 110.245, "2014-06-30": 1.225, "2014-03-31": "0.67100", "2013-12-31": 0.233, "2013-09-30": -1.181, "2013-06-30": 106.211, "2013-03-31": "0.03400", "2012-12-31": -0.017, "2012-09-30": 59.859, "2012-06-30": -32.422, "2011-12-31": 32.43}, "Total Common And Preferred Stock Dividends Paid": {"2020-09-30": 0, "2020-06-30": 0, "2020-03-31": "", "2019-12-31": 0, "2019-09-30": 0, "2019-06-30": 0, "2019-03-31": "", "2018-12-31": 0, "2018-09-30": 0, "2018-06-30": 0, "2018-03-31": "", "2017-12-31": 0, "2017-09-30": 0, "2017-06-30": 0, "2017-03-31": "", "2016-12-31": 0, "2016-09-30": 0, "2016-06-30": 0, "2016-03-31": "", "2015-12-31": 0, "2015-09-30": 0, "2015-06-30": 0, "2015-03-31": "", "2014-12-31": 0, "2014-09-30": 0, "2014-06-30": 0, "2014-03-31": "", "2013-12-31": 0, "2013-09-30": 0, "2013-06-30": 0, "2013-03-31": "", "2012-12-31": 0, "2012-09-30": 0, "2012-06-30": 0, "2011-12-31": 0}, "Financial Activities - Other": {"2020-09-30": 0, "2020-06-30": 0, "2020-03-31": "", "2019-12-31": 0, "2019-09-30": 0, "2019-06-30": 0, "2019-03-31": "", "2018-12-31": 0, "2018-09-30": -48.702, "2018-06-30": 48.702, "2018-03-31": "3.09800", "2017-12-31": 0, "2017-09-30": 0.548, "2017-06-30": 22.568, "2017-03-31": "13.83100", "2016-12-31": 1.663, "2016-09-30": 0, "2016-06-30": -2.025, "2016-03-31": "", "2015-12-31": 0, "2015-09-30": -0.453, "2015-06-30": 0, "2015-03-31": "", "2014-12-31": 0, "2014-09-30": 0, "2014-06-30": 0, "2014-03-31": "", "2013-12-31": 0, "2013-09-30": 0, "2013-06-30": 0.759, "2013-03-31": "-0.41500", "2012-12-31": 0, "2012-09-30": 0, "2012-06-30": 0, "2011-12-31": 0}, "Cash Flow From Financial Activities": {"2020-09-30": 1.198, "2020-06-30": 543.122, "2020-03-31": "0.96300", "2019-12-31": 2.005, "2019-09-30": 4.178, "2019-06-30": 4.781, "2019-03-31": "10.22300", "2018-12-31": 1.921, "2018-09-30": 658.793, "2018-06-30": 5.301, "2018-03-31": "71.67700", "2017-12-31": 588.331, "2017-09-30": 6.12, "2017-06-30": 464.852, "2017-03-31": "16.87100", "2016-12-31": 239.773, "2016-09-30": 2.433, "2016-06-30": -1.311, "2016-03-31": "0.63900", "2015-12-31": 1.017, "2015-09-30": 3.003, "2015-06-30": 480.236, "2015-03-31": "2.46400", "2014-12-31": 246.311, "2014-09-30": 110.245, "2014-06-30": 1.225, "2014-03-31": "0.67100", "2013-12-31": 0.233, "2013-09-30": -1.181, "2013-06-30": 106.97, "2013-03-31": "-0.38100", "2012-12-31": -0.017, "2012-09-30": 59.859, "2012-06-30": -32.422, "2011-12-31": 32.43}, "Net Cash Flow": {"2020-09-30": -874.597, "2020-06-30": 852.141, "2020-03-31": "19.42000", "2019-12-31": 26.282, "2019-09-30": 19.838, "2019-06-30": 99.334, "2019-03-31": "-180.84400", "2018-12-31": -548.901, "2018-09-30": 618.188, "2018-06-30": -122.586, "2018-03-31": "-301.87000", "2017-12-31": 520.544, "2017-09-30": -449, "2017-06-30": 470.333, "2017-03-31": "-62.88600", "2016-12-31": 38.112, "2016-09-30": 22.525, "2016-06-30": 30.041, "2016-03-31": "28.31900", "2015-12-31": -253.241, "2015-09-30": -175.789, "2015-06-30": 460.125, "2015-03-31": "-214.67100", "2014-12-31": 258.242, "2014-09-30": -86.107, "2014-06-30": -16.789, "2014-03-31": "-13.78000", "2013-12-31": -10.512, "2013-09-30": -12.056, "2013-06-30": 97.011, "2013-03-31": "64.82500", "2012-12-31": -7.014, "2012-09-30": 55.595, "2012-06-30": -23.431, "2011-12-31": 16.25}, "Stock-Based Compensation": {"2020-09-30": 38.818, "2020-06-30": 48.529, "2020-03-31": "36.29300", "2019-12-31": 34.631, "2019-09-30": 38.546, "2019-06-30": 55.111, "2019-03-31": "32.34100", "2018-12-31": 29.987, "2018-09-30": 29.798, "2018-06-30": 28.056, "2018-03-31": "22.99500", "2017-12-31": 14.329, "2017-09-30": 13.982, "2017-06-30": 13.49, "2017-03-31": "11.48100", "2016-12-31": 8.925, "2016-09-30": 9.905, "2016-06-30": 10.783, "2016-03-31": "10.14300", "2015-12-31": 10.109, "2015-09-30": 9.529, "2015-06-30": 16.05, "2015-03-31": "5.43200", "2014-12-31": 3.174, "2014-09-30": 2.914, "2014-06-30": 2.308, "2014-03-31": "2.53500", "2013-12-31": 1.658, "2013-09-30": 2.515, "2013-06-30": 1.657, "2013-03-31": "0.66100", "2012-12-31": -0.57, "2012-09-30": 0.185, "2012-06-30": 0.385, "2011-12-31": 0}, "Common Stock Dividends Paid": {"2020-09-30": 0, "2020-06-30": 0, "2020-03-31": "", "2019-12-31": 0, "2019-09-30": 0, "2019-06-30": 0, "2019-03-31": "", "2018-12-31": 0, "2018-09-30": 0, "2018-06-30": 0, "2018-03-31": "", "2017-12-31": 0, "2017-09-30": 0, "2017-06-30": 0, "2017-03-31": "", "2016-12-31": 0, "2016-09-30": 0, "2016-06-30": 0, "2016-03-31": "", "2015-12-31": 0, "2015-09-30": 0, "2015-06-30": 0, "2015-03-31": "", "2014-12-31": 0, "2014-09-30": 0, "2014-06-30": 0, "2014-03-31": "", "2013-12-31": 0, "2013-09-30": 0, "2013-06-30": 0, "2013-03-31": "", "2012-12-31": 0, "2012-09-30": 0, "2012-06-30": 0, "2011-12-31": 0}}, "financial ratios": {"Current Ratio": {"2019-12-31": "5.15330", "2018-12-31": "9.69060", "2017-12-31": "13.83480", "2016-12-31": "9.71670", "2015-12-31": "12.97970", "2014-12-31": "11.16830", "2013-12-31": "6.07870", "2012-12-31": "14.64650", "2011-12-31": "10.36300"}, "Long-term Debt / Capital": {"2019-12-31": "", "2018-12-31": "0.07520", "2017-12-31": "", "2016-12-31": "", "2015-12-31": "", "2014-12-31": "", "2013-12-31": "", "2012-12-31": "", "2011-12-31": ""}, "Debt/Equity Ratio": {"2019-12-31": "", "2018-12-31": "0.08130", "2017-12-31": "", "2016-12-31": "", "2015-12-31": "", "2014-12-31": "", "2013-12-31": "", "2012-12-31": "", "2011-12-31": ""}, "Gross Margin": {"2019-12-31": "93.33390", "2018-12-31": "98.37850", "2017-12-31": "95.68970", "2016-12-31": "100.00000", "2015-12-31": "100.00000", "2014-12-31": "100.00000", "2013-12-31": "100.00000", "2012-12-31": "100.00000", "2011-12-31": "100.00000"}, "Operating Margin": {"2019-12-31": "-1823.93800", "2018-12-31": "-1048.06400", "2017-12-31": "-937.60410", "2016-12-31": "-4351.42100", "2015-12-31": "-1200.63200", "2014-12-31": "-238.48790", "2013-12-31": "-123.61630", "2012-12-31": "-6975.29400", "2011-12-31": "-1716.78000"}, "EBIT Margin": {"2019-12-31": "-1823.93800", "2018-12-31": "-1048.06400", "2017-12-31": "-937.60410", "2016-12-31": "-4351.42100", "2015-12-31": "-1200.63200", "2014-12-31": "-238.48790", "2013-12-31": "-123.61630", "2012-12-31": "-6975.29400", "2011-12-31": "-1716.78000"}, "EBITDA Margin": {"2019-12-31": "-1784.91300", "2018-12-31": "-1016.62700", "2017-12-31": "-899.39040", "2016-12-31": "-4194.67000", "2015-12-31": "-1147.93700", "2014-12-31": "-221.85600", "2013-12-31": "-118.95350", "2012-12-31": "-6886.76500", "2011-12-31": "-1691.27000"}, "Pre-Tax Profit Margin": {"2019-12-31": "-1768.70900", "2018-12-31": "-1017.67700", "2017-12-31": "-946.82870", "2016-12-31": "-4291.12900", "2015-12-31": "-1184.19600", "2014-12-31": "-238.01580", "2013-12-31": "-125.46950", "2012-12-31": "-6961.76500", "2011-12-31": "-1768.48100"}, "Net Profit Margin": {"2019-12-31": "-1767.48900", "2018-12-31": "-1018.02000", "2017-12-31": "-947.42160", "2016-12-31": "-4281.18600", "2015-12-31": "-1184.62200", "2014-12-31": "-191.60930", "2013-12-31": "-125.46950", "2012-12-31": "-1062.64700", "2011-12-31": "-2334.58000"}, "Asset Turnover": {"2019-12-31": "0.02590", "2018-12-31": "0.02430", "2017-12-31": "0.01860", "2016-12-31": "0.00550", "2015-12-31": "0.01400", "2014-12-31": "0.04570", "2013-12-31": "0.08990", "2012-12-31": "0.00490", "2011-12-31": "0.02850"}, "Inventory Turnover Ratio": {"2019-12-31": "", "2018-12-31": "", "2017-12-31": "", "2016-12-31": "", "2015-12-31": "", "2014-12-31": "", "2013-12-31": "", "2012-12-31": "", "2011-12-31": ""}, "Receiveable Turnover": {"2019-12-31": "", "2018-12-31": "", "2017-12-31": "11.38400", "2016-12-31": "0.72060", "2015-12-31": "", "2014-12-31": "", "2013-12-31": "", "2012-12-31": "", "2011-12-31": ""}, "Days Sales In Receivables": {"2019-12-31": "", "2018-12-31": "", "2017-12-31": "32.06260", "2016-12-31": "506.55240", "2015-12-31": "", "2014-12-31": "", "2013-12-31": "", "2012-12-31": "", "2011-12-31": ""}, "ROE - Return On Equity": {"2019-12-31": "-61.44840", "2018-12-31": "-29.47500", "2017-12-31": "-20.67490", "2016-12-31": "-30.30770", "2015-12-31": "-19.61010", "2014-12-31": "-9.91520", "2013-12-31": "-16.69510", "2012-12-31": "40.75130", "2011-12-31": "28.00010"}, "Return On Tangible Equity": {"2019-12-31": "-62.79000", "2018-12-31": "-29.89200", "2017-12-31": "-21.06490", "2016-12-31": "-31.53440", "2015-12-31": "-20.51670", "2014-12-31": "-10.82640", "2013-12-31": "-16.69510", "2012-12-31": "-36.93070", "2011-12-31": "-58.42820"}, "ROA - Return On Assets": {"2019-12-31": "-45.71020", "2018-12-31": "-24.77320", "2017-12-31": "-17.66020", "2016-12-31": "-23.56690", "2015-12-31": "-16.63940", "2014-12-31": "-8.74900", "2013-12-31": "-11.28440", "2012-12-31": "-34.14500", "2011-12-31": "-50.44960"}, "ROI - Return On Investment": {"2019-12-31": "-61.44840", "2018-12-31": "-27.25810", "2017-12-31": "-20.67490", "2016-12-31": "-30.30770", "2015-12-31": "-19.61010", "2014-12-31": "-9.91520", "2013-12-31": "-16.69510", "2012-12-31": "-36.93070", "2011-12-31": "-58.42820"}, "Book Value Per Share": {"2019-12-31": "23.20820", "2018-12-31": "34.43810", "2017-12-31": "32.85900", "2016-12-31": "21.36690", "2015-12-31": "23.05240", "2014-12-31": "15.19040", "2013-12-31": "6.33530", "2012-12-31": "207.42070", "2011-12-31": "130.22440"}, "Operating Cash Flow Per Share": {"2019-12-31": -2.2804, "2018-12-31": -1.5013, "2017-12-31": -1.3577, "2016-12-31": -2.2475, "2015-12-31": -0.5904, "2014-12-31": -5.7095, "2013-12-31": 83.7814, "2012-12-31": 21.4877, "2011-12-31": -101.8083}, "Free Cash Flow Per Share": {"2019-12-31": -2.4962, "2018-12-31": -1.1428, "2017-12-31": -2.0357, "2016-12-31": -2.7957, "2015-12-31": -0.4659, "2014-12-31": -5.3469, "2013-12-31": 86.4, "2012-12-31": 21.5369, "2011-12-31": -105.1667}}, "financial ratios, quarterly": {"Current Ratio": {"2020-09-30": "6.56750", "2020-06-30": "8.18260", "2020-03-31": "5.24590", "2019-12-31": "5.15330", "2019-09-30": "6.22370", "2019-06-30": "8.02410", "2019-03-31": "9.30550", "2018-12-31": "9.69060", "2018-09-30": "13.10630", "2018-06-30": "9.51080", "2018-03-31": "10.80320", "2017-12-31": "13.83480", "2017-09-30": "9.87890", "2017-06-30": "14.37110", "2017-03-31": "9.18710", "2016-12-31": "9.71670", "2016-09-30": "9.00760", "2016-06-30": "14.43430", "2016-03-31": "14.39580", "2015-12-31": "12.97970", "2015-09-30": "21.23940", "2015-06-30": "29.08900", "2015-03-31": "8.11260", "2014-12-31": "11.16830", "2014-09-30": "5.79690", "2014-06-30": "4.62410", "2014-03-31": "5.92870", "2013-12-31": "6.07870", "2013-09-30": "7.03290", "2013-06-30": "7.59360", "2013-03-31": "", "2012-12-31": "", "2012-09-30": "", "2012-06-30": "", "2011-12-31": ""}, "Long-term Debt / Capital": {"2020-09-30": "", "2020-06-30": "", "2020-03-31": "", "2019-12-31": "", "2019-09-30": "", "2019-06-30": "", "2019-03-31": "", "2018-12-31": "0.07520", "2018-09-30": "", "2018-06-30": "", "2018-03-31": "", "2017-12-31": "", "2017-09-30": "", "2017-06-30": "", "2017-03-31": "", "2016-12-31": "", "2016-09-30": "", "2016-06-30": "", "2016-03-31": "", "2015-12-31": "", "2015-09-30": "", "2015-06-30": "", "2015-03-31": "", "2014-12-31": "", "2014-09-30": "", "2014-06-30": "", "2014-03-31": "", "2013-12-31": "", "2013-09-30": "", "2013-06-30": "", "2013-03-31": "", "2012-12-31": "", "2012-09-30": "", "2012-06-30": "", "2011-12-31": ""}, "Debt/Equity Ratio": {"2020-09-30": "", "2020-06-30": "", "2020-03-31": "", "2019-12-31": "", "2019-09-30": "", "2019-06-30": "", "2019-03-31": "", "2018-12-31": "0.08130", "2018-09-30": "", "2018-06-30": "", "2018-03-31": "", "2017-12-31": "", "2017-09-30": "", "2017-06-30": "", "2017-03-31": "", "2016-12-31": "", "2016-09-30": "", "2016-06-30": "", "2016-03-31": "", "2015-12-31": "", "2015-09-30": "", "2015-06-30": "", "2015-03-31": "", "2014-12-31": "", "2014-09-30": "", "2014-06-30": "", "2014-03-31": "", "2013-12-31": "", "2013-09-30": "", "2013-06-30": "", "2013-03-31": "", "2012-12-31": "", "2012-09-30": "", "2012-06-30": "", "2011-12-31": ""}, "Gross Margin": {"2020-09-30": "93.16140", "2020-06-30": "99.21870", "2020-03-31": "95.31170", "2019-12-31": "89.26680", "2019-09-30": "90.32550", "2019-06-30": "95.38960", "2019-03-31": "96.55200", "2018-12-31": "95.74910", "2018-09-30": "99.74840", "2018-06-30": "99.73250", "2018-03-31": "99.89350", "2017-12-31": "99.83210", "2017-09-30": "85.73470", "2017-06-30": "97.48740", "2017-03-31": "100.00000", "2016-12-31": "100.00000", "2016-09-30": "100.00000", "2016-06-30": "100.00000", "2016-03-31": "100.00000", "2015-12-31": "100.00000", "2015-09-30": "100.00000", "2015-06-30": "100.00000", "2015-03-31": "100.00000", "2014-12-31": "100.00000", "2014-09-30": "100.00000", "2014-06-30": "100.00000", "2014-03-31": "100.00000", "2013-12-31": "100.00000", "2013-09-30": "100.00000", "2013-06-30": "100.00000", "2013-03-31": "100.00000", "2012-12-31": "", "2012-09-30": "100.00000", "2012-06-30": "100.00000", "2011-12-31": ""}, "Operating Margin": {"2020-09-30": "-984.24730", "2020-06-30": "-13.04490", "2020-03-31": "-930.45320", "2019-12-31": "-2306.03200", "2019-09-30": "-2361.57100", "2019-06-30": "-1524.53400", "2019-03-31": "-1372.57700", "2018-12-31": "-815.67900", "2018-09-30": "-1299.61000", "2018-06-30": "-1892.93100", "2018-03-31": "-730.89550", "2017-12-31": "-2801.63400", "2017-09-30": "-1007.10700", "2017-06-30": "-405.73100", "2017-03-31": "-1023.31700", "2016-12-31": "-4660.75900", "2016-09-30": "-5034.79300", "2016-06-30": "-3864.36800", "2016-03-31": "-3827.88500", "2015-12-31": "-3328.41500", "2015-09-30": "-3257.32600", "2015-06-30": "-1053.09700", "2015-03-31": "-392.90670", "2014-12-31": "-307.14070", "2014-09-30": "-267.24270", "2014-06-30": "-210.48140", "2014-03-31": "-168.39780", "2013-12-31": "-128.09790", "2013-09-30": "-96.42910", "2013-06-30": "-66.21410", "2013-03-31": "-575.06660", "2012-12-31": "", "2012-09-30": "-5910.58800", "2012-06-30": "-5411.76500", "2011-12-31": ""}, "EBIT Margin": {"2020-09-30": "-984.24730", "2020-06-30": "-13.04490", "2020-03-31": "-930.45320", "2019-12-31": "-2306.03200", "2019-09-30": "-2361.57100", "2019-06-30": "-1524.53400", "2019-03-31": "-1372.57700", "2018-12-31": "-815.67910", "2018-09-30": "-1299.61000", "2018-06-30": "-1892.93100", "2018-03-31": "-730.89550", "2017-12-31": "-2801.63400", "2017-09-30": "-1007.10700", "2017-06-30": "-405.73100", "2017-03-31": "-1023.31700", "2016-12-31": "-4660.76000", "2016-09-30": "-5034.79300", "2016-06-30": "-3864.36800", "2016-03-31": "-3827.88500", "2015-12-31": "-3328.41600", "2015-09-30": "-3257.32600", "2015-06-30": "-1053.09700", "2015-03-31": "-392.90670", "2014-12-31": "-307.14070", "2014-09-30": "-267.24270", "2014-06-30": "-210.48140", "2014-03-31": "-168.39780", "2013-12-31": "-128.09790", "2013-09-30": "-96.42910", "2013-06-30": "-66.21410", "2013-03-31": "-575.06660", "2012-12-31": "", "2012-09-30": "-5910.58800", "2012-06-30": "-5411.76500", "2011-12-31": ""}, "EBITDA Margin": {"2020-09-30": "", "2020-06-30": "", "2020-03-31": "", "2019-12-31": "", "2019-09-30": "", "2019-06-30": "", "2019-03-31": "", "2018-12-31": "", "2018-09-30": "", "2018-06-30": "", "2018-03-31": "", "2017-12-31": "", "2017-09-30": "", "2017-06-30": "", "2017-03-31": "", "2016-12-31": "", "2016-09-30": "", "2016-06-30": "", "2016-03-31": "", "2015-12-31": "", "2015-09-30": "", "2015-06-30": "", "2015-03-31": "", "2014-12-31": "", "2014-09-30": "", "2014-06-30": "", "2014-03-31": "", "2013-12-31": "", "2013-09-30": "", "2013-06-30": "", "2013-03-31": "", "2012-12-31": "", "2012-09-30": "", "2012-06-30": "", "2011-12-31": ""}, "Pre-Tax Profit Margin": {"2020-09-30": "-1008.74800", "2020-06-30": "-10.78740", "2020-03-31": "-926.30020", "2019-12-31": "-2232.11000", "2019-09-30": "-2315.34200", "2019-06-30": "-1476.01600", "2019-03-31": "-1318.74800", "2018-12-31": "-773.45540", "2018-09-30": "-1261.97100", "2018-06-30": "-1859.58500", "2018-03-31": "-721.47640", "2017-12-31": "-2807.53500", "2017-09-30": "-1021.98200", "2017-06-30": "-424.13260", "2017-03-31": "-1005.73800", "2016-12-31": "-4602.25400", "2016-09-30": "-4974.42000", "2016-06-30": "-3806.05700", "2016-03-31": "-3763.77600", "2015-12-31": "-3213.93600", "2015-09-30": "-3237.46200", "2015-06-30": "-1048.48200", "2015-03-31": "-390.71560", "2014-12-31": "-306.04450", "2014-09-30": "-267.55700", "2014-06-30": "-210.30780", "2014-03-31": "-167.46650", "2013-12-31": "-127.56120", "2013-09-30": "-95.74000", "2013-06-30": "-72.35560", "2013-03-31": "-580.65660", "2012-12-31": "", "2012-09-30": "-5930.58800", "2012-06-30": "-5368.23500", "2011-12-31": ""}, "Net Profit Margin": {"2020-09-30": "-1010.45500", "2020-06-30": "-10.79240", "2020-03-31": "-926.73000", "2019-12-31": "-2234.14000", "2019-09-30": "-2312.37900", "2019-06-30": "-1472.48800", "2019-03-31": "-1318.62700", "2018-12-31": "-774.42720", "2018-09-30": "-1261.97100", "2018-06-30": "-1859.58500", "2018-03-31": "-721.47640", "2017-12-31": "-2812.57300", "2017-09-30": "-1021.98200", "2017-06-30": "-424.13260", "2017-03-31": "-1005.73800", "2016-12-31": "-4598.19500", "2016-09-30": "-4962.95100", "2016-06-30": "-3791.49500", "2016-03-31": "-3754.10300", "2015-12-31": "-3213.93600", "2015-09-30": "-3241.99400", "2015-06-30": "-1048.48200", "2015-03-31": "-390.71560", "2014-12-31": "-306.04450", "2014-09-30": "-267.55700", "2014-06-30": "-24.08840", "2014-03-31": "-167.46650", "2013-12-31": "-127.56120", "2013-09-30": "-95.74000", "2013-06-30": "-72.35560", "2013-03-31": "-580.65660", "2012-12-31": "", "2012-09-30": "370.58820", "2012-06-30": "-6880.00000", "2011-12-31": ""}, "Asset Turnover": {"2020-09-30": "0.00990", "2020-06-30": "0.09440", "2020-03-31": "0.01430", "2019-12-31": "0.00580", "2019-09-30": "0.00470", "2019-06-30": "0.00660", "2019-03-31": "0.00580", "2018-12-31": "0.00860", "2018-09-30": "0.00490", "2018-06-30": "0.00450", "2018-03-31": "0.00850", "2017-12-31": "0.00220", "2017-09-30": "0.00550", "2017-06-30": "0.01150", "2017-03-31": "0.00640", "2016-12-31": "0.00140", "2016-09-30": "0.00170", "2016-06-30": "0.00160", "2016-03-31": "0.00150", "2015-12-31": "0.00150", "2015-09-30": "0.00130", "2015-06-30": "0.00490", "2015-03-31": "0.01190", "2014-12-31": "0.01150", "2014-09-30": "0.01930", "2014-06-30": "0.02630", "2014-03-31": "0.03020", "2013-12-31": "0.02820", "2013-09-30": "0.02800", "2013-06-30": "0.02700", "2013-03-31": "", "2012-12-31": "", "2012-09-30": "", "2012-06-30": "", "2011-12-31": ""}, "Inventory Turnover Ratio": {"2020-09-30": "", "2020-06-30": "", "2020-03-31": "", "2019-12-31": "", "2019-09-30": "", "2019-06-30": "", "2019-03-31": "", "2018-12-31": "", "2018-09-30": "", "2018-06-30": "", "2018-03-31": "", "2017-12-31": "", "2017-09-30": "", "2017-06-30": "", "2017-03-31": "", "2016-12-31": "", "2016-09-30": "", "2016-06-30": "", "2016-03-31": "", "2015-12-31": "", "2015-09-30": "", "2015-06-30": "", "2015-03-31": "", "2014-12-31": "", "2014-09-30": "", "2014-06-30": "", "2014-03-31": "", "2013-12-31": "", "2013-09-30": "", "2013-06-30": "", "2013-03-31": "", "2012-12-31": "", "2012-09-30": "", "2012-06-30": "", "2011-12-31": ""}, "Receiveable Turnover": {"2020-09-30": "", "2020-06-30": "", "2020-03-31": "", "2019-12-31": "", "2019-09-30": "", "2019-06-30": "0.61920", "2019-03-31": "", "2018-12-31": "", "2018-09-30": "0.57540", "2018-06-30": "413.21050", "2018-03-31": "839.84210", "2017-12-31": "1.33930", "2017-09-30": "2.84330", "2017-06-30": "3.85690", "2017-03-31": "0.32180", "2016-12-31": "0.18170", "2016-09-30": "", "2016-06-30": "", "2016-03-31": "", "2015-12-31": "", "2015-09-30": "", "2015-06-30": "", "2015-03-31": "", "2014-12-31": "", "2014-09-30": "", "2014-06-30": "", "2014-03-31": "", "2013-12-31": "", "2013-09-30": "", "2013-06-30": "", "2013-03-31": "", "2012-12-31": "", "2012-09-30": "", "2012-06-30": "", "2011-12-31": ""}, "Days Sales In Receivables": {"2020-09-30": "", "2020-06-30": "", "2020-03-31": "", "2019-12-31": "", "2019-09-30": "", "2019-06-30": "145.34970", "2019-03-31": "", "2018-12-31": "", "2018-09-30": "156.42260", "2018-06-30": "0.21780", "2018-03-31": "0.10720", "2017-12-31": "67.19770", "2017-09-30": "31.65350", "2017-06-30": "23.33450", "2017-03-31": "279.64290", "2016-12-31": "495.34790", "2016-09-30": "", "2016-06-30": "", "2016-03-31": "", "2015-12-31": "", "2015-09-30": "", "2015-06-30": "", "2015-03-31": "", "2014-12-31": "", "2014-09-30": "", "2014-06-30": "", "2014-03-31": "", "2013-12-31": "", "2013-09-30": "", "2013-06-30": "", "2013-03-31": "", "2012-12-31": "", "2012-09-30": "", "2012-06-30": "", "2011-12-31": ""}, "ROE - Return On Equity": {"2020-09-30": "-12.78680", "2020-06-30": "-1.27610", "2020-03-31": "-18.08330", "2019-12-31": "-17.38120", "2019-09-30": "-13.99960", "2019-06-30": "-11.96440", "2019-03-31": "-9.27970", "2018-12-31": "-7.90540", "2018-09-30": "-7.27110", "2018-06-30": "-10.01670", "2018-03-31": "-7.33190", "2017-12-31": "-7.22100", "2017-09-30": "-6.90470", "2017-06-30": "-5.90810", "2017-03-31": "-8.42700", "2016-12-31": "-8.20800", "2016-09-30": "-11.09050", "2016-06-30": "-7.74990", "2016-03-31": "-6.97750", "2015-12-31": "-5.55880", "2015-09-30": "-4.82830", "2015-06-30": "-5.63620", "2015-03-31": "-5.22380", "2014-12-31": "-3.97840", "2014-09-30": "-6.50270", "2014-06-30": "-0.92060", "2014-03-31": "-7.35890", "2013-12-31": "-5.32810", "2013-09-30": "-3.87630", "2013-06-30": "-2.84180", "2013-03-31": "", "2012-12-31": "", "2012-09-30": "", "2012-06-30": "", "2011-12-31": ""}, "Return On Tangible Equity": {"2020-09-30": "-12.99360", "2020-06-30": "-1.29560", "2020-03-31": "-18.51930", "2019-12-31": "-17.76070", "2019-09-30": "-14.27630", "2019-06-30": "-12.18490", "2019-03-31": "-9.41440", "2018-12-31": "-8.01730", "2018-09-30": "-7.37150", "2018-06-30": "-10.21410", "2018-03-31": "-7.47050", "2017-12-31": "-7.35720", "2017-09-30": "-7.09750", "2017-06-30": "-6.06960", "2017-03-31": "-8.78110", "2016-12-31": "-8.54030", "2016-09-30": "-11.67490", "2016-06-30": "-8.13230", "2016-03-31": "-7.30960", "2015-12-31": "-5.81580", "2015-09-30": "-5.04700", "2015-06-30": "-5.88910", "2015-03-31": "-5.71010", "2014-12-31": "-4.34400", "2014-09-30": "-7.75480", "2014-06-30": "-1.24540", "2014-03-31": "-7.35890", "2013-12-31": "-5.32810", "2013-09-30": "-3.87630", "2013-06-30": "-2.84180", "2013-03-31": "", "2012-12-31": "", "2012-09-30": "", "2012-06-30": "", "2011-12-31": ""}, "ROA - Return On Assets": {"2020-09-30": "-10.01010", "2020-06-30": "-1.01840", "2020-03-31": "-13.25030", "2019-12-31": "-12.92950", "2019-09-30": "-10.88840", "2019-06-30": "-9.67620", "2019-03-31": "-7.68940", "2018-12-31": "-6.64440", "2018-09-30": "-6.18590", "2018-06-30": "-8.28810", "2018-03-31": "-6.16700", "2017-12-31": "-6.16810", "2017-09-30": "-5.60590", "2017-06-30": "-4.86560", "2017-03-31": "-6.40630", "2016-12-31": "-6.38250", "2016-09-30": "-8.38810", "2016-06-30": "-6.24890", "2016-03-31": "-5.74980", "2015-12-31": "-4.71670", "2015-09-30": "-4.21800", "2015-06-30": "-5.18380", "2015-03-31": "-4.64340", "2014-12-31": "-3.51040", "2014-09-30": "-5.15760", "2014-06-30": "-0.63420", "2014-03-31": "-5.06370", "2013-12-31": "-3.60130", "2013-09-30": "-2.67810", "2013-06-30": "-1.95400", "2013-03-31": "", "2012-12-31": "", "2012-09-30": "", "2012-06-30": "", "2011-12-31": ""}, "ROI - Return On Investment": {"2020-09-30": "-12.78680", "2020-06-30": "-1.27610", "2020-03-31": "-18.08330", "2019-12-31": "-17.38120", "2019-09-30": "-13.99960", "2019-06-30": "-11.96440", "2019-03-31": "-9.27970", "2018-12-31": "-7.31080", "2018-09-30": "-7.27110", "2018-06-30": "-10.01660", "2018-03-31": "-7.33190", "2017-12-31": "-7.22100", "2017-09-30": "-6.90470", "2017-06-30": "-5.90810", "2017-03-31": "-8.42700", "2016-12-31": "-8.20800", "2016-09-30": "-11.09050", "2016-06-30": "-7.74990", "2016-03-31": "-6.97750", "2015-12-31": "-5.55880", "2015-09-30": "-4.82830", "2015-06-30": "-5.63620", "2015-03-31": "-5.22380", "2014-12-31": "-3.97840", "2014-09-30": "-6.50270", "2014-06-30": "-0.92060", "2014-03-31": "-7.35890", "2013-12-31": "-5.32810", "2013-09-30": "-3.87630", "2013-06-30": "-2.84180", "2013-03-31": "", "2012-12-31": "", "2012-09-30": "", "2012-06-30": "", "2011-12-31": ""}, "Book Value Per Share": {"2020-09-30": "22.95820", "2020-06-30": "25.40990", "2020-03-31": "20.14440", "2019-12-31": "23.20820", "2019-09-30": "26.60360", "2019-06-30": "29.62940", "2019-03-31": "32.17960", "2018-12-31": "34.43810", "2018-09-30": "36.59220", "2018-06-30": "29.02010", "2018-03-31": "31.36200", "2017-12-31": "32.85900", "2017-09-30": "24.92780", "2017-06-30": "26.35150", "2017-03-31": "19.92470", "2016-12-31": "21.36690", "2016-09-30": "18.62170", "2016-06-30": "20.52020", "2016-03-31": "21.83470", "2015-12-31": "23.05240", "2015-09-30": "24.26260", "2015-06-30": "25.55670", "2015-03-31": "14.51380", "2014-12-31": "15.19040", "2014-09-30": "9.12450", "2014-06-30": "6.60990", "2014-03-31": "5.93780", "2013-12-31": "6.33530", "2013-09-30": "6.67290", "2013-06-30": "6.83260", "2013-03-31": "", "2012-12-31": "", "2012-09-30": "", "2012-06-30": "", "2011-12-31": ""}, "Operating Cash Flow Per Share": {"2020-09-30": -2.0017, "2020-06-30": 0.9526, "2020-03-31": "-3.70790", "2019-12-31": -2.8939, "2019-09-30": -2.0384, "2019-06-30": -2.4887, "2019-03-31": "-2.80500", "2018-12-31": -2.6207, "2018-09-30": -1.1532, "2018-06-30": -1.9919, "2018-03-31": "-2.17980", "2017-12-31": -2.3877, "2017-09-30": -0.9169, "2017-06-30": -1.2957, "2017-03-31": "-1.84400", "2016-12-31": -1.8463, "2016-09-30": -1.0457, "2016-06-30": -1.1988, "2016-03-31": "-0.99580", "2015-12-31": -1.0431, "2015-09-30": -0.6952, "2015-06-30": -0.3588, "2015-03-31": "-0.74200", "2014-12-31": -0.6827, "2014-09-30": -0.6157, "2014-06-30": -0.4561, "2014-03-31": "-0.49420", "2013-12-31": 1.3906, "2013-09-30": -24.7848, "2013-06-30": -174.4194, "2013-03-31": "201.27440", "2012-12-31": 26.0072, "2012-09-30": 14.4095, "2012-06-30": -40.4167, "2011-12-31": 0}, "Free Cash Flow Per Share": {"2020-09-30": -2.0638, "2020-06-30": 0.8882, "2020-03-31": "-3.89990", "2019-12-31": -3.1204, "2019-09-30": -2.4114, "2019-06-30": -2.8246, "2019-03-31": "-3.15660", "2018-12-31": -2.8877, "2018-09-30": -1.5449, "2018-06-30": -2.2551, "2018-03-31": "-2.32910", "2017-12-31": -2.8665, "2017-09-30": -0.905, "2017-06-30": -1.6212, "2017-03-31": "-2.48130", "2016-12-31": -2.1947, "2016-09-30": -1.2851, "2016-06-30": -1.2572, "2016-03-31": "-1.10130", "2015-12-31": -1.1472, "2015-09-30": -0.7167, "2015-06-30": -0.4012, "2015-03-31": "-0.77750", "2014-12-31": -0.7865, "2014-09-30": -0.6546, "2014-06-30": -0.5372, "2014-03-31": "-0.59840", "2013-12-31": 0.8431, "2013-09-30": -24.3398, "2013-06-30": -172.5319, "2013-03-31": "198.79880", "2012-12-31": 26.9296, "2012-09-30": 15.3561, "2012-06-30": -42.2857, "2011-12-31": 0}}, "revenue": {"Bluebird Bio Annual Revenue (Millions of US $)": {"2019": "$45", "2018": "$55", "2017": "$35", "2016": "$6", "2015": "$14", "2014": "$25", "2013": "$20", "2012": "$0", "2011": "$1"}, "Bluebird Bio Quarterly Revenue (Millions of US $)": {"2020-09-30": "$19", "2020-06-30": "$199", "2020-03-31": "$22", "2019-12-31": "$10", "2019-09-30": "$9", "2019-06-30": "$13", "2019-03-31": "$12", "2018-12-31": "$19", "2018-09-30": "$12", "2018-06-30": "$8", "2018-03-31": "$16", "2017-12-31": "$4", "2017-09-30": "$8", "2017-06-30": "$17", "2017-03-31": "$7", "2016-12-31": "$2", "2016-09-30": "$2", "2016-06-30": "$2", "2016-03-31": "$1", "2015-12-31": "$1", "2015-09-30": "$1", "2015-06-30": "$5", "2015-03-31": "$6", "2014-12-31": "$6", "2014-09-30": "$6", "2014-06-30": "$6", "2014-03-31": "$6", "2013-12-31": "$6", "2013-09-30": "$6", "2013-06-30": "$6", "2013-03-31": "$1", "2012-12-31": "", "2012-09-30": "$0", "2012-06-30": "$0", "2011-12-31": ""}}, "gross-profit": {"Bluebird Bio Annual Gross Profit (Millions of US $)": {"2019": "$42", "2018": "$54", "2017": "$34", "2016": "$6", "2015": "$14", "2014": "$25", "2013": "$20", "2012": "$0", "2011": "$1"}, "Bluebird Bio Quarterly Gross Profit (Millions of US $)": {"2020-09-30": "$18", "2020-06-30": "$197", "2020-03-31": "$21", "2019-12-31": "$9", "2019-09-30": "$8", "2019-06-30": "$13", "2019-03-31": "$12", "2018-12-31": "$18", "2018-09-30": "$11", "2018-06-30": "$8", "2018-03-31": "$16", "2017-12-31": "$4", "2017-09-30": "$7", "2017-06-30": "$16", "2017-03-31": "$7", "2016-12-31": "$2", "2016-09-30": "$2", "2016-06-30": "$2", "2016-03-31": "$1", "2015-12-31": "$1", "2015-09-30": "$1", "2015-06-30": "$5", "2015-03-31": "$6", "2014-12-31": "$6", "2014-09-30": "$6", "2014-06-30": "$6", "2014-03-31": "$6", "2013-12-31": "$6", "2013-09-30": "$6", "2013-06-30": "$6", "2013-03-31": "$1", "2012-12-31": "", "2012-09-30": "$0", "2012-06-30": "$0", "2011-12-31": ""}}, "operating-income": {"Bluebird Bio Annual Operating Income (Millions of US $)": {"2019": "$-815", "2018": "$-572", "2017": "$-332", "2016": "$-268", "2015": "$-169", "2014": "$-61", "2013": "$-25", "2012": "$-24", "2011": "$-15"}, "Bluebird Bio Quarterly Operating Income (Millions of US $)": {"2020-09-30": "$-190", "2020-06-30": "$-26", "2020-03-31": "$-203", "2019-12-31": "$-231", "2019-09-30": "$-210", "2019-06-30": "$-203", "2019-03-31": "$-171", "2018-12-31": "$-157", "2018-09-30": "$-150", "2018-06-30": "$-149", "2018-03-31": "$-117", "2017-12-31": "$-117", "2017-09-30": "$-78", "2017-06-30": "$-68", "2017-03-31": "$-70", "2016-12-31": "$-72", "2016-09-30": "$-78", "2016-06-30": "$-60", "2016-03-31": "$-57", "2015-12-31": "$-49", "2015-09-30": "$-43", "2015-06-30": "$-52", "2015-03-31": "$-25", "2014-12-31": "$-20", "2014-09-30": "$-17", "2014-06-30": "$-13", "2014-03-31": "$-11", "2013-12-31": "$-8", "2013-09-30": "$-6", "2013-06-30": "$-4", "2013-03-31": "$-6", "2012-12-31": "", "2012-09-30": "$-5", "2012-06-30": "$-5", "2011-12-31": ""}}, "ebitda": {"Bluebird Bio Annual EBITDA (Millions of US $)": {"2019": "$-797", "2018": "$-555", "2017": "$-319", "2016": "$-258", "2015": "$-162", "2014": "$-56", "2013": "$-24", "2012": "$-23", "2011": "$-15"}, "Bluebird Bio Quarterly EBITDA (Millions of US $)": {"2020-09-30": "$-185", "2020-06-30": "$-21", "2020-03-31": "$-199", "2019-12-31": "$-225", "2019-09-30": "$-206", "2019-06-30": "$-199", "2019-03-31": "$-167", "2018-12-31": "$-152", "2018-09-30": "$-145", "2018-06-30": "$-144", "2018-03-31": "$-113", "2017-12-31": "$-113", "2017-09-30": "$-74", "2017-06-30": "$-64", "2017-03-31": "$-67", "2016-12-31": "$-70", "2016-09-30": "$-76", "2016-06-30": "$-58", "2016-03-31": "$-55", "2015-12-31": "$-47", "2015-09-30": "$-41", "2015-06-30": "$-50", "2015-03-31": "$-23", "2014-12-31": "$-18", "2014-09-30": "$-15", "2014-06-30": "$-13", "2014-03-31": "$-10", "2013-12-31": "$-8", "2013-09-30": "$-6", "2013-06-30": "$-4", "2013-03-31": "$-6", "2012-12-31": "", "2012-09-30": "$-5", "2012-06-30": "$-5", "2011-12-31": ""}}, "net-income": {"Bluebird Bio Annual Net Income (Millions of US $)": {"2019": "$-790", "2018": "$-556", "2017": "$-336", "2016": "$-264", "2015": "$-167", "2014": "$-49", "2013": "$-25", "2012": "$-4", "2011": "$-21"}, "Bluebird Bio Quarterly Net Income (Millions of US $)": {"2020-09-30": "$-195", "2020-06-30": "$-21", "2020-03-31": "$-203", "2019-12-31": "$-223", "2019-09-30": "$-206", "2019-06-30": "$-196", "2019-03-31": "$-164", "2018-12-31": "$-149", "2018-09-30": "$-145", "2018-06-30": "$-146", "2018-03-31": "$-115", "2017-12-31": "$-117", "2017-09-30": "$-79", "2017-06-30": "$-71", "2017-03-31": "$-69", "2016-12-31": "$-71", "2016-09-30": "$-77", "2016-06-30": "$-59", "2016-03-31": "$-56", "2015-12-31": "$-47", "2015-09-30": "$-43", "2015-06-30": "$-52", "2015-03-31": "$-25", "2014-12-31": "$-20", "2014-09-30": "$-17", "2014-06-30": "$-2", "2014-03-31": "$-11", "2013-12-31": "$-8", "2013-09-30": "$-6", "2013-06-30": "$-5", "2013-03-31": "$-7", "2012-12-31": "", "2012-09-30": "$0", "2012-06-30": "$-6", "2011-12-31": ""}}, "eps-earnings-per-share-diluted": {"Bluebird Bio Annual EPS": {"2019": "$-14.31", "2018": "$-10.68", "2017": "$-7.71", "2016": "$-7.07", "2015": "$-4.81", "2014": "$-1.83", "2013": "$-2.02", "2012": "$-13.79", "2011": "$-171.59"}, "Bluebird Bio Quarterly EPS": {"2020-09-30": "$-2.94", "2020-06-30": "$-0.36", "2020-03-31": "$-3.64", "2019-12-31": "$-4.04", "2019-09-30": "$-3.73", "2019-06-30": "$-3.55", "2019-03-31": "$-2.99", "2018-12-31": "$-2.73", "2018-09-30": "$-2.73", "2018-06-30": "$-2.91", "2018-03-31": "$-2.31", "2017-12-31": "$-2.57", "2017-09-30": "$-1.73", "2017-06-30": "$-1.73", "2017-03-31": "$-1.68", "2016-12-31": "$-1.89", "2016-09-30": "$-2.07", "2016-06-30": "$-1.59", "2016-03-31": "$-1.52", "2015-12-31": "$-1.30", "2015-09-30": "$-1.18", "2015-06-30": "$-1.57", "2015-03-31": "$-0.76", "2014-12-31": "$-0.72", "2014-09-30": "$-0.61", "2014-06-30": "$-0.06", "2014-03-31": "$-0.44", "2013-12-31": "$20.31", "2013-09-30": "$-0.26", "2013-06-30": "$-2.13", "2013-03-31": "$-19.94", "2012-12-31": "$0.00", "2012-09-30": "$1.14", "2012-06-30": "$-23.21", "2011-12-31": "$0.00"}}, "shares-outstanding": {"Bluebird Bio Annual Shares Outstanding (Millions of Shares)": {"2019": "55", "2018": "52", "2017": "44", "2016": "37", "2015": "35", "2014": "27", "2013": "13", "2012": "0", "2011": "0"}, "Bluebird Bio Quarterly Shares Outstanding (Millions of Shares)": {"2020-09-30": "66", "2020-06-30": "60", "2020-03-31": "56", "2019-12-31": "55", "2019-09-30": "55", "2019-06-30": "55", "2019-03-31": "55", "2018-12-31": "52", "2018-09-30": "53", "2018-06-30": "50", "2018-03-31": "50", "2017-12-31": "44", "2017-09-30": "46", "2017-06-30": "41", "2017-03-31": "41", "2016-12-31": "37", "2016-09-30": "37", "2016-06-30": "37", "2016-03-31": "37", "2015-12-31": "35", "2015-09-30": "36", "2015-06-30": "33", "2015-03-31": "33", "2014-12-31": "27", "2014-09-30": "28", "2014-06-30": "24", "2014-03-31": "24", "2013-12-31": "13", "2013-09-30": "24", "2013-06-30": "2", "2013-03-31": "0", "2012-12-31": "", "2012-09-30": "1", "2012-06-30": "0", "2011-12-31": ""}}, "total-assets": {"Bluebird Bio Annual Total Assets (Millions of US $)": {"2019": "$1,727", "2018": "$2,243", "2017": "$1,901", "2016": "$1,118", "2015": "$1,002", "2014": "$557", "2013": "$224", "2012": "$69", "2011": "$31"}, "Bluebird Bio Quarterly Total Assets (Millions of US $)": {"2020-09-30": "$1,945", "2020-06-30": "$2,108", "2020-03-31": "$1,529", "2019-12-31": "$1,727", "2019-09-30": "$1,892", "2019-06-30": "$2,023", "2019-03-31": "$2,139", "2018-12-31": "$2,243", "2018-09-30": "$2,352", "2018-06-30": "$1,762", "2018-03-31": "$1,867", "2017-12-31": "$1,901", "2017-09-30": "$1,406", "2017-06-30": "$1,457", "2017-03-31": "$1,073", "2016-12-31": "$1,118", "2016-09-30": "$918", "2016-06-30": "$942", "2016-03-31": "$979", "2015-12-31": "$1,002", "2015-09-30": "$1,018", "2015-06-30": "$999", "2015-03-31": "$534", "2014-12-31": "$557", "2014-09-30": "$330", "2014-06-30": "$241", "2014-03-31": "$210", "2013-12-31": "$224", "2013-09-30": "$228", "2013-06-30": "$235", "2013-03-31": "$0", "2012-12-31": "$0", "2012-09-30": "$0", "2012-06-30": "$0", "2011-12-31": "$31"}}, "cash-on-hand": {"Bluebird Bio Annual Cash on Hand (Millions of US $)": {"2019": "$1,106", "2018": "$1,385", "2017": "$1,290", "2016": "$704", "2015": "$518", "2014": "$474", "2013": "$206", "2012": "$67", "2011": "$29"}, "Bluebird Bio Quarterly Cash on Hand (Millions of US $)": {"2020-09-30": "$1,230", "2020-06-30": "$1,549", "2020-03-31": "$911", "2019-12-31": "$1,106", "2019-09-30": "$1,180", "2019-06-30": "$1,254", "2019-03-31": "$1,322", "2018-12-31": "$1,385", "2018-09-30": "$1,675", "2018-06-30": "$1,077", "2018-03-31": "$1,122", "2017-12-31": "$1,290", "2017-09-30": "$729", "2017-06-30": "$1,095", "2017-03-31": "$634", "2016-12-31": "$704", "2016-09-30": "$601", "2016-06-30": "$576", "2016-03-31": "$553", "2015-12-31": "$518", "2015-09-30": "$707", "2015-06-30": "$811", "2015-03-31": "$335", "2014-12-31": "$474", "2014-09-30": "$215", "2014-06-30": "$176", "2014-03-31": "$192", "2013-12-31": "$206", "2013-09-30": "$217", "2013-06-30": "$229", "2013-03-31": "", "2012-12-31": "", "2012-09-30": "", "2012-06-30": "", "2011-12-31": "$29"}}, "long-term-debt": {"Bluebird Bio Annual Long Term Debt (Millions of US $)": {"2019": "$", "2018": "$153", "2017": "$", "2016": "$", "2015": "$", "2014": "$", "2013": "$", "2012": "$", "2011": "$"}, "Bluebird Bio Quarterly Long Term Debt (Millions of US $)": {"2020-09-30": "", "2020-06-30": "", "2020-03-31": "", "2019-12-31": "", "2019-09-30": "", "2019-06-30": "", "2019-03-31": "", "2018-12-31": "$153", "2018-09-30": "", "2018-06-30": "", "2018-03-31": "", "2017-12-31": "", "2017-09-30": "", "2017-06-30": "", "2017-03-31": "", "2016-12-31": "", "2016-09-30": "", "2016-06-30": "", "2016-03-31": "", "2015-12-31": "", "2015-09-30": "", "2015-06-30": "", "2015-03-31": "", "2014-12-31": "", "2014-09-30": "", "2014-06-30": "", "2014-03-31": "", "2013-12-31": "", "2013-09-30": "", "2013-06-30": "", "2013-03-31": "", "2012-12-31": "", "2012-09-30": "", "2012-06-30": "", "2011-12-31": ""}}, "total-liabilities": {"Bluebird Bio Annual Total Liabilities (Millions of US $)": {"2019": "$442", "2018": "$358", "2017": "$277", "2016": "$249", "2015": "$152", "2014": "$65", "2013": "$73", "2012": "$5", "2011": "$4"}, "Bluebird Bio Quarterly Total Liabilities (Millions of US $)": {"2020-09-30": "$422", "2020-06-30": "$426", "2020-03-31": "$409", "2019-12-31": "$442", "2019-09-30": "$421", "2019-06-30": "$387", "2019-03-31": "$367", "2018-12-31": "$358", "2018-09-30": "$351", "2018-06-30": "$304", "2018-03-31": "$297", "2017-12-31": "$277", "2017-09-30": "$264", "2017-06-30": "$257", "2017-03-31": "$257", "2016-12-31": "$249", "2016-09-30": "$224", "2016-06-30": "$182", "2016-03-31": "$172", "2015-12-31": "$152", "2015-09-30": "$129", "2015-06-30": "$80", "2015-03-31": "$59", "2014-12-31": "$65", "2014-09-30": "$68", "2014-06-30": "$75", "2014-03-31": "$65", "2013-12-31": "$73", "2013-09-30": "$71", "2013-06-30": "$73", "2013-03-31": "$0", "2012-12-31": "", "2012-09-30": "$0", "2012-06-30": "$0", "2011-12-31": "$4"}}, "total-share-holder-equity": {"Bluebird Bio Annual Share Holder Equity (Millions of US $)": {"2019": "$1,285", "2018": "$1,885", "2017": "$1,623", "2016": "$869", "2015": "$850", "2014": "$491", "2013": "$152", "2012": "$64", "2011": "$27"}, "Bluebird Bio Quarterly Share Holder Equity (Millions of US $)": {"2020-09-30": "$1,523", "2020-06-30": "$1,682", "2020-03-31": "$1,120", "2019-12-31": "$1,285", "2019-09-30": "$1,472", "2019-06-30": "$1,636", "2019-03-31": "$1,772", "2018-12-31": "$1,885", "2018-09-30": "$2,001", "2018-06-30": "$1,458", "2018-03-31": "$1,570", "2017-12-31": "$1,623", "2017-09-30": "$1,141", "2017-06-30": "$1,200", "2017-03-31": "$815", "2016-12-31": "$869", "2016-09-30": "$695", "2016-06-30": "$759", "2016-03-31": "$807", "2015-12-31": "$850", "2015-09-30": "$889", "2015-06-30": "$919", "2015-03-31": "$474", "2014-12-31": "$491", "2014-09-30": "$262", "2014-06-30": "$166", "2014-03-31": "$144", "2013-12-31": "$152", "2013-09-30": "$158", "2013-06-30": "$161", "2013-03-31": "$0", "2012-12-31": "", "2012-09-30": "$0", "2012-06-30": "$0", "2011-12-31": "$27"}}, "profit-margins": {"current": "-256.84%"}, "gross margin": {"2020-09-30": "98.00%", "2020-06-30": "97.92%", "2020-03-31": "94.44%", "2019-12-31": "95.45%", "2019-09-30": "96.23%", "2019-06-30": "96.43%", "2019-03-31": "96.08%", "2018-12-31": "96.36%", "2018-09-30": "97.50%", "2018-06-30": "97.22%", "2018-03-31": "95.56%", "2017-12-31": "94.44%", "2017-09-30": "94.12%", "2017-06-30": "96.43%", "2017-03-31": "100.00%", "2016-12-31": "100.00%", "2016-09-30": "100.00%", "2016-06-30": "100.00%", "2016-03-31": "100.00%", "2015-12-31": "100.00%", "2015-09-30": "100.00%", "2015-06-30": "100.00%", "2015-03-31": "100.00%", "2014-12-31": "100.00%", "2014-09-30": "100.00%", "2014-06-30": "100.00%", "2014-03-31": "100.00%", "2013-12-31": "100.00%", "2013-06-30": "100.00%", "2013-03-31": "100.00%"}, "operating margin": {"2020-09-30": "-260.00%", "2020-06-30": "-279.17%", "2020-03-31": "-1568.52%", "2019-12-31": "-1852.27%", "2019-09-30": "-1398.11%", "2019-06-30": "-1216.07%", "2019-03-31": "-1229.41%", "2018-12-31": "-1041.82%", "2018-09-30": "-1332.50%", "2018-06-30": "-1280.56%", "2018-03-31": "-844.44%", "2017-12-31": "-925.00%", "2017-09-30": "-847.06%", "2017-06-30": "-1028.57%", "2017-03-31": "-2153.85%", "2016-12-31": "-3814.29%", "2016-09-30": "-4066.67%", "2016-06-30": "-4180.00%", "2016-03-31": "-2512.50%", "2015-12-31": "-1300.00%", "2015-09-30": "-777.78%", "2015-06-30": "-495.65%", "2015-03-31": "-312.50%", "2014-12-31": "-254.17%", "2014-09-30": "-204.17%", "2014-06-30": "-158.33%", "2014-03-31": "-120.83%", "2013-12-31": "-126.32%", "2013-06-30": "-214.29%", "2013-03-31": "-1600.00%"}, "ebitda margin": {"2020-09-30": "-252.00%", "2020-06-30": "-271.25%", "2020-03-31": "-1535.19%", "2019-12-31": "-1811.36%", "2019-09-30": "-1366.04%", "2019-06-30": "-1183.93%", "2019-03-31": "-1192.16%", "2018-12-31": "-1007.27%", "2018-09-30": "-1287.50%", "2018-06-30": "-1233.33%", "2018-03-31": "-808.89%", "2017-12-31": "-883.33%", "2017-09-30": "-808.82%", "2017-06-30": "-989.29%", "2017-03-31": "-2084.62%", "2016-12-31": "-3700.00%", "2016-09-30": "-3933.33%", "2016-06-30": "-4020.00%", "2016-03-31": "-2412.50%", "2015-12-31": "-1238.46%", "2015-09-30": "-733.33%", "2015-06-30": "-460.87%", "2015-03-31": "-287.50%", "2014-12-31": "-233.33%", "2014-09-30": "-191.67%", "2014-06-30": "-154.17%", "2014-03-31": "-116.67%", "2013-12-31": "-126.32%", "2013-06-30": "-214.29%", "2013-03-31": "-1600.00%"}, "pre tax profit margin": {"2020-09-30": "-256.40%", "2020-06-30": "-272.08%", "2020-03-31": "-1533.33%", "2019-12-31": "-1793.18%", "2019-09-30": "-1349.06%", "2019-06-30": "-1167.86%", "2019-03-31": "-1184.31%", "2018-12-31": "-1009.09%", "2018-09-30": "-1307.50%", "2018-06-30": "-1269.44%", "2018-03-31": "-848.89%", "2017-12-31": "-933.33%", "2017-09-30": "-852.94%", "2017-06-30": "-1028.57%", "2017-03-31": "-2123.08%", "2016-12-31": "-3757.14%", "2016-09-30": "-3983.33%", "2016-06-30": "-4100.00%", "2016-03-31": "-2475.00%", "2015-12-31": "-1284.62%", "2015-09-30": "-777.78%", "2015-06-30": "-495.65%", "2015-03-31": "-312.50%", "2014-12-31": "-254.17%", "2014-09-30": "-204.17%", "2014-06-30": "-158.33%", "2014-03-31": "-125.00%", "2013-12-31": "-136.84%", "2013-06-30": "-242.86%", "2013-03-31": "-1700.00%"}, "net profit margin": {"2020-09-30": "-256.80%", "2020-06-30": "-272.08%", "2020-03-31": "-1533.33%", "2019-12-31": "-1793.18%", "2019-09-30": "-1349.06%", "2019-06-30": "-1167.86%", "2019-03-31": "-1184.31%", "2018-12-31": "-1009.09%", "2018-09-30": "-1307.50%", "2018-06-30": "-1269.44%", "2018-03-31": "-848.89%", "2017-12-31": "-933.33%", "2017-09-30": "-852.94%", "2017-06-30": "-1028.57%", "2017-03-31": "-2123.08%", "2016-12-31": "-3757.14%", "2016-09-30": "-3983.33%", "2016-06-30": "-4100.00%", "2016-03-31": "-2475.00%", "2015-12-31": "-1284.62%", "2015-09-30": "-777.78%", "2015-06-30": "-495.65%", "2015-03-31": "-266.67%", "2014-12-31": "-208.33%", "2014-09-30": "-158.33%", "2014-06-30": "-112.50%", "2014-03-31": "-125.00%", "2013-12-31": "-136.84%", "2013-06-30": "-171.43%", "2013-03-31": "-1300.00%"}, "pe ratio": {"current": "0.00", "2021-02-05": "0.00", "2020-09-30": "0.00", "2020-06-30": "0.00", "2020-03-31": "0.00", "2019-12-31": "0.00", "2019-09-30": "0.00", "2019-06-30": "0.00", "2019-03-31": "0.00", "2018-12-31": "0.00", "2018-09-30": "0.00", "2018-06-30": "0.00", "2018-03-31": "0.00", "2017-12-31": "0.00", "2017-09-30": "0.00", "2017-06-30": "0.00", "2017-03-31": "0.00", "2016-12-31": "0.00", "2016-09-30": "0.00", "2016-06-30": "0.00", "2016-03-31": "0.00", "2015-12-31": "0.00", "2015-09-30": "0.00", "2015-06-30": "0.00", "2015-03-31": "0.00", "2014-12-31": "0.00", "2014-09-30": "0.00", "2014-06-30": "0.00", "2014-03-31": "0.00"}, "price sales": {"2021-02-05": "11.47", "2020-09-30": "12.97", "2020-06-30": "15.15", "2020-03-31": "47.06", "2019-12-31": "108.30", "2019-09-30": "91.92", "2019-06-30": "120.67", "2019-03-31": "162.25", "2018-12-31": "93.38", "2018-09-30": "185.21", "2018-06-30": "211.86", "2018-03-31": "172.19", "2017-12-31": "212.19", "2017-09-30": "174.92", "2017-06-30": "159.65", "2017-03-31": "310.61", "2016-12-31": "371.81", "2016-09-30": "406.48", "2016-06-30": "268.18", "2016-03-31": "157.80", "2015-12-31": "151.61", "2015-09-30": "137.61", "2015-06-30": "207.43", "2015-03-31": "131.18", "2014-12-31": "92.82", "2014-09-30": "28.65", "2014-06-30": "29.76", "2014-03-31": "5.71"}, "price book": {"current": "2.08", "2021-02-05": "2.08", "2020-09-30": "2.35", "2020-06-30": "2.40", "2020-03-31": "2.28", "2019-12-31": "3.78", "2019-09-30": "3.45", "2019-06-30": "4.29", "2019-03-31": "4.89", "2018-12-31": "2.88", "2018-09-30": "3.99", "2018-06-30": "5.41", "2018-03-31": "5.44", "2017-12-31": "5.42", "2017-09-30": "5.51", "2017-06-30": "3.99", "2017-03-31": "4.56", "2016-12-31": "2.89", "2016-09-30": "3.64", "2016-06-30": "2.11", "2016-03-31": "1.95", "2015-12-31": "2.79", "2015-09-30": "3.53", "2015-06-30": "6.59", "2015-03-31": "8.32", "2014-12-31": "6.04", "2014-09-30": "3.93", "2014-06-30": "5.84", "2014-03-31": "3.83", "2013-12-31": "3.31", "2013-09-30": "4.04", "2013-06-30": "3.65"}, "price fcf": {"2021-02-05": "", "2020-09-30": "$-8.20", "2020-06-30": "$-8.54", "2020-03-31": "$-12.26", "2019-12-31": "$-11.51", "2019-09-30": "$-11.28", "2019-06-30": "$-10.41", "2019-03-31": "$-9.84", "2018-12-31": "$-9.02", "2018-09-30": "$-9.00", "2018-06-30": "$-8.36", "2018-03-31": "$-7.72", "2017-12-31": "$-7.87", "2017-09-30": "$-7.20", "2017-06-30": "$-7.58", "2017-03-31": "$-7.22", "2016-12-31": "$-5.84", "2016-09-30": "$-4.79", "2016-06-30": "$-4.22", "2016-03-31": "$-3.37", "2015-12-31": "$-3.04", "2015-09-30": "$-2.68", "2015-06-30": "$-2.62", "2015-03-31": "$-2.76", "2014-12-31": "$-2.58", "2014-09-30": "$-0.95", "2014-06-30": "$-24.63", "2014-03-31": "$2.17"}, "net worth": {"value": "$3.17B"}, "current ratio": {"2020-09-30": "6.57", "2020-06-30": "8.18", "2020-03-31": "5.25", "2019-12-31": "5.15", "2019-09-30": "6.22", "2019-06-30": "8.02", "2019-03-31": "9.31", "2018-12-31": "9.69", "2018-09-30": "13.11", "2018-06-30": "9.51", "2018-03-31": "10.80", "2017-12-31": "13.84", "2017-09-30": "9.88", "2017-06-30": "14.37", "2017-03-31": "9.19", "2016-12-31": "9.72", "2016-09-30": "9.01", "2016-06-30": "14.43", "2016-03-31": "14.40", "2015-12-31": "12.98", "2015-09-30": "21.24", "2015-06-30": "29.09", "2015-03-31": "8.11", "2014-12-31": "11.17", "2014-09-30": "5.80", "2014-06-30": "4.62", "2014-03-31": "5.93", "2013-12-31": "6.08", "2013-09-30": "7.03", "2013-06-30": "7.59", "2013-03-31": "0.00", "2012-12-31": "0.00", "2012-09-30": "0.00", "2012-06-30": "0.00", "2011-12-31": "10.37"}, "quick ratio": {"2020-09-30": "0.00", "2020-06-30": "0.00", "2020-03-31": "0.00", "2019-12-31": "0.00", "2019-09-30": "0.00", "2019-06-30": "0.00", "2019-03-31": "0.00", "2018-12-31": "0.00", "2018-09-30": "0.00", "2018-06-30": "0.00", "2018-03-31": "0.00", "2017-12-31": "0.00", "2017-09-30": "0.00", "2017-06-30": "0.00", "2017-03-31": "0.00", "2016-12-31": "0.00", "2016-09-30": "0.00", "2016-06-30": "0.00", "2016-03-31": "0.00", "2015-12-31": "0.00", "2015-09-30": "0.00", "2015-06-30": "0.00", "2015-03-31": "0.00", "2014-12-31": "0.00", "2014-09-30": "0.00", "2014-06-30": "0.00", "2014-03-31": "0.00", "2013-12-31": "0.00", "2013-09-30": "0.00", "2013-06-30": "0.00", "2013-03-31": "0.00", "2012-12-31": "0.00", "2012-09-30": "0.00", "2012-06-30": "0.00", "2011-12-31": "0.00"}, "debt equity ratio": {"current": "0.00", "2020-09-30": "0.28", "2020-06-30": "0.25", "2020-03-31": "0.37", "2019-12-31": "0.34", "2019-09-30": "0.29", "2019-06-30": "0.24", "2019-03-31": "0.21", "2018-12-31": "0.19", "2018-09-30": "0.18", "2018-06-30": "0.21", "2018-03-31": "0.19", "2017-12-31": "0.17", "2017-09-30": "0.23", "2017-06-30": "0.21", "2017-03-31": "0.32", "2016-12-31": "0.29", "2016-09-30": "0.32", "2016-06-30": "0.24", "2016-03-31": "0.21", "2015-12-31": "0.18", "2015-09-30": "0.15", "2015-06-30": "0.09", "2015-03-31": "0.13", "2014-12-31": "0.13", "2014-09-30": "0.26", "2014-06-30": "0.45", "2014-03-31": "0.45", "2013-12-31": "0.48", "2013-09-30": "0.45", "2013-06-30": "0.45", "2013-03-31": "0.00", "2012-12-31": "0.00", "2012-09-30": "0.00", "2012-06-30": "0.00", "2011-12-31": "0.16"}, "return on equity": {"2020-09-30": "-45.78%", "2020-06-30": "-46.99%", "2020-03-31": "-60.08%", "2019-12-31": "-51.19%", "2019-09-30": "-42.28%", "2019-06-30": "-35.87%", "2019-03-31": "-33.95%", "2018-12-31": "-32.11%", "2018-09-30": "-31.45%", "2018-06-30": "-31.56%", "2018-03-31": "-27.61%", "2017-12-31": "-28.12%", "2017-09-30": "-28.82%", "2017-06-30": "-32.19%", "2017-03-31": "-35.18%", "2016-12-31": "-33.61%", "2016-09-30": "-30.73%", "2016-06-30": "-24.81%", "2016-03-31": "-22.86%", "2015-12-31": "-21.33%", "2015-09-30": "-20.19%", "2015-06-30": "-21.25%", "2015-03-31": "-18.38%", "2014-12-31": "-18.81%", "2014-09-30": "-20.99%", "2014-06-30": "-17.42%", "2014-03-31": "-19.51%", "2013-12-31": "-22.08%", "2013-06-30": "-29.81%", "2013-03-31": "inf%"}, "return on assets": {"2020-09-30": "-35.13%", "2020-06-30": "-36.00%", "2020-03-31": "-46.19%", "2019-12-31": "-40.56%", "2019-09-30": "-34.47%", "2019-06-30": "-29.87%", "2019-03-31": "-28.44%", "2018-12-31": "-26.99%", "2018-09-30": "-26.54%", "2018-06-30": "-26.36%", "2018-03-31": "-23.04%", "2017-12-31": "-23.03%", "2017-09-30": "-22.95%", "2017-06-30": "-25.23%", "2017-03-31": "-27.25%", "2016-12-31": "-26.59%", "2016-09-30": "-24.89%", "2016-06-30": "-20.81%", "2016-03-31": "-19.81%", "2015-12-31": "-18.80%", "2015-09-30": "-18.02%", "2015-06-30": "-18.84%", "2015-03-31": "-15.40%", "2014-12-31": "-14.95%", "2014-09-30": "-15.12%", "2014-06-30": "-11.96%", "2014-03-31": "-13.38%", "2013-12-31": "-15.14%", "2013-06-30": "-20.43%", "2013-03-31": "inf%"}, "return on investments": {"2020-09-30": "inf%", "2020-06-30": "inf%", "2020-03-31": "inf%", "2019-12-31": "inf%", "2019-09-30": "-145.44%", "2019-06-30": "-133.66%", "2019-03-31": "-123.06%", "2018-12-31": "-112.46%", "2018-09-30": "inf%", "2018-06-30": "inf%", "2018-03-31": "inf%", "2017-12-31": "inf%", "2017-09-30": "inf%", "2017-06-30": "inf%", "2017-03-31": "inf%", "2016-12-31": "inf%", "2016-09-30": "inf%", "2016-06-30": "inf%", "2016-03-31": "inf%", "2015-12-31": "inf%", "2015-09-30": "inf%", "2015-06-30": "inf%", "2015-03-31": "inf%", "2014-12-31": "inf%", "2014-09-30": "inf%", "2014-06-30": "inf%", "2014-03-31": "inf%", "2013-12-31": "inf%", "2013-06-30": "inf%", "2013-03-31": "inf%"}, "return on tangible equity": {"2020-09-30": "-46.62%", "2020-06-30": "-47.91%", "2020-03-31": "-61.31%", "2019-12-31": "-52.12%", "2019-09-30": "-42.97%", "2019-06-30": "-36.40%", "2019-03-31": "-34.47%", "2018-12-31": "-32.63%", "2018-09-30": "-32.00%", "2018-06-30": "-32.22%", "2018-03-31": "-28.23%", "2017-12-31": "-28.88%", "2017-09-30": "-29.77%", "2017-06-30": "-33.43%", "2017-03-31": "-36.78%", "2016-12-31": "-35.18%", "2016-09-30": "-32.22%", "2016-06-30": "-25.97%", "2016-03-31": "-23.91%", "2015-12-31": "-22.44%", "2015-09-30": "-21.42%", "2015-06-30": "-22.98%", "2015-03-31": "-20.86%", "2014-12-31": "-21.34%", "2014-09-30": "-23.79%", "2014-06-30": "-18.72%", "2014-03-31": "-19.51%", "2013-12-31": "-22.08%", "2013-06-30": "-29.81%", "2013-03-31": "inf%"}, "dividend yield history": {"last payout": "$0.00", "last yield": "0.00%"}}