{"ticker": "BMY", "price": {"title": "Bristol Myers Squibb Historical Annual Stock Price Data", "value": 59.99, "historical": {"2021": {"Average Stock Price": "62.9839", "Year Open": "61.3800", "Year High": "66.7400", "Year Low": "59.7600", "Year Close": "59.9900", "Annual % Change": "-3.29%"}, "2020": {"Average Stock Price": "60.6506", "Year Open": "63.3400", "Year High": "67.4300", "Year Low": "46.4000", "Year Close": "62.0300", "Annual % Change": "-3.37%"}, "2019": {"Average Stock Price": "50.1838", "Year Open": "52.4300", "Year High": "64.1900", "Year Low": "42.7700", "Year Close": "64.1900", "Annual % Change": "23.49%"}, "2018": {"Average Stock Price": "57.7859", "Year Open": "61.3100", "Year High": "68.9800", "Year Low": "48.7600", "Year Close": "51.9800", "Annual % Change": "-15.18%"}, "2017": {"Average Stock Price": "57.5613", "Year Open": "59.4500", "Year High": "65.3500", "Year Low": "46.8200", "Year Close": "61.2800", "Annual % Change": "4.86%"}, "2016": {"Average Stock Price": "63.1920", "Year Open": "67.0300", "Year High": "76.7700", "Year Low": "49.2300", "Year Close": "58.4400", "Annual % Change": "-15.05%"}, "2015": {"Average Stock Price": "64.5237", "Year Open": "59.5100", "Year High": "70.7100", "Year Low": "57.3000", "Year Close": "68.7900", "Annual % Change": "16.53%"}, "2014": {"Average Stock Price": "52.2089", "Year Open": "52.2700", "Year High": "61.3000", "Year Low": "46.5900", "Year Close": "59.0300", "Annual % Change": "11.06%"}, "2013": {"Average Stock Price": "43.8476", "Year Open": "32.7100", "Year High": "53.8400", "Year Low": "32.7100", "Year Close": "53.1500", "Annual % Change": "63.09%"}, "2012": {"Average Stock Price": "33.2952", "Year Open": "35.0100", "Year High": "36.1500", "Year Low": "30.8100", "Year Close": "32.5900", "Annual % Change": "-7.52%"}, "2011": {"Average Stock Price": "28.9302", "Year Open": "26.5800", "Year High": "35.2900", "Year Low": "24.9700", "Year Close": "35.2400", "Annual % Change": "33.08%"}, "2010": {"Average Stock Price": "25.6371", "Year Open": "25.6300", "Year High": "27.9300", "Year Low": "22.4400", "Year Close": "26.4800", "Annual % Change": "4.87%"}, "2009": {"Average Stock Price": "21.7191", "Year Open": "23.8800", "Year High": "25.9600", "Year Low": "17.5100", "Year Close": "25.2500", "Annual % Change": "8.60%"}, "2008": {"Average Stock Price": "21.6487", "Year Open": "26.1300", "Year High": "27.0800", "Year Low": "17.2600", "Year Close": "23.2500", "Annual % Change": "-12.33%"}, "2007": {"Average Stock Price": "28.8082", "Year Open": "26.3800", "Year High": "32.1400", "Year Low": "26.1000", "Year Close": "26.5200", "Annual % Change": "0.76%"}, "2006": {"Average Stock Price": "24.1178", "Year Open": "23.2400", "Year High": "26.3200", "Year Low": "20.2400", "Year Close": "26.3200", "Annual % Change": "14.53%"}, "2005": {"Average Stock Price": "24.2257", "Year Open": "25.4300", "Year High": "26.4800", "Year Low": "21.0300", "Year Close": "22.9800", "Annual % Change": "-10.30%"}, "2004": {"Average Stock Price": "25.1550", "Year Open": "29.3500", "Year High": "30.6400", "Year Low": "22.5000", "Year Close": "25.6200", "Annual % Change": "-10.42%"}, "2003": {"Average Stock Price": "25.2421", "Year Open": "24.0300", "Year High": "28.8600", "Year Low": "21.1300", "Year Close": "28.6000", "Annual % Change": "23.54%"}, "2002": {"Average Stock Price": "30.9320", "Year Open": "50.8500", "Year High": "51.3000", "Year Low": "20.5500", "Year Close": "23.1500", "Annual % Change": "-54.61%"}, "2001": {"Average Stock Price": "57.3467", "Year Open": "71.5000", "Year High": "71.5000", "Year Low": "49.0000", "Year Close": "51.0000", "Annual % Change": "-31.03%"}, "2000": {"Average Stock Price": "58.1863", "Year Open": "64.4400", "Year High": "73.9400", "Year Low": "43.5000", "Year Close": "73.9400", "Annual % Change": "15.19%"}, "1999": {"Average Stock Price": "68.1165", "Year Open": "65.2000", "Year High": "77.9400", "Year Low": "57.4400", "Year Close": "64.1900", "Annual % Change": "-4.05%"}, "1998": {"Average Stock Price": "54.3212", "Year Open": "47.3150", "Year High": "66.9000", "Year Low": "44.9050", "Year Close": "66.9000", "Annual % Change": "41.39%"}, "1997": {"Average Stock Price": "38.1206", "Year Open": "26.7750", "Year High": "48.9050", "Year Low": "26.7750", "Year Close": "47.3150", "Annual % Change": "73.63%"}, "1996": {"Average Stock Price": "23.0023", "Year Open": "21.4075", "Year High": "28.9375", "Year Low": "19.9375", "Year Close": "27.2500", "Annual % Change": "26.92%"}, "1995": {"Average Stock Price": "17.2268", "Year Open": "14.7500", "Year High": "21.5325", "Year Low": "14.5325", "Year Close": "21.4700", "Annual % Change": "48.38%"}, "1994": {"Average Stock Price": "13.9728", "Year Open": "14.3750", "Year High": "15.1575", "Year Low": "12.6575", "Year Close": "14.4700", "Annual % Change": "-0.64%"}, "1993": {"Average Stock Price": "14.6061", "Year Open": "16.5950", "Year High": "16.5950", "Year Low": "12.7825", "Year Close": "14.5625", "Annual % Change": "-13.70%"}, "1992": {"Average Stock Price": "17.9620", "Year Open": "22.0625", "Year High": "22.1875", "Year Low": "15.4375", "Year Close": "16.8750", "Annual % Change": "-23.51%"}, "1991": {"Average Stock Price": "19.8315", "Year Open": "16.6575", "Year High": "22.0625", "Year Low": "15.3450", "Year Close": "22.0625", "Annual % Change": "31.72%"}, "1990": {"Average Stock Price": "14.7655", "Year Open": "14.2500", "Year High": "16.9375", "Year Low": "12.7500", "Year Close": "16.7500", "Annual % Change": "19.64%"}, "1989": {"Average Stock Price": "12.4070", "Year Open": "11.0950", "Year High": "14.2825", "Year Low": "11.0000", "Year Close": "14.0000", "Annual % Change": "23.76%"}, "1988": {"Average Stock Price": "10.6511", "Year Open": "10.8125", "Year High": "11.5000", "Year Low": "9.6250", "Year Close": "11.3125", "Annual % Change": "8.70%"}, "1987": {"Average Stock Price": "11.9236", "Year Open": "10.5463", "Year High": "13.7500", "Year Low": "9.1250", "Year Close": "10.4075", "Annual % Change": "0.77%"}, "1986": {"Average Stock Price": "9.4609", "Year Open": "8.2188", "Year High": "10.9838", "Year Low": "7.5475", "Year Close": "10.3275", "Annual % Change": "24.71%"}, "1985": {"Average Stock Price": "7.3259", "Year Open": "6.4063", "Year High": "8.4525", "Year Low": "6.2188", "Year Close": "8.2813", "Annual % Change": "26.48%"}, "1984": {"Average Stock Price": "5.7989", "Year Open": "5.3913", "Year High": "6.5625", "Year Low": "5.2188", "Year Close": "6.5475", "Annual % Change": "23.98%"}, "1983": {"Average Stock Price": "4.8534", "Year Open": "4.1875", "Year High": "5.9538", "Year Low": "3.9375", "Year Close": "5.2813", "Annual % Change": "25.65%"}, "1982": {"Average Stock Price": "3.7147", "Year Open": "3.2969", "Year High": "4.5781", "Year Low": "3.1956", "Year Close": "4.2031", "Annual % Change": "26.58%"}, "1981": {"Average Stock Price": "3.2716", "Year Open": "3.1875", "Year High": "3.6563", "Year Low": "2.8831", "Year Close": "3.3206", "Annual % Change": "5.46%"}, "1980": {"Average Stock Price": "2.5446", "Year Open": "2.2738", "Year High": "3.2113", "Year Low": "1.9219", "Year Close": "3.1488", "Annual % Change": "36.16%"}, "1979": {"Average Stock Price": "2.1596", "Year Open": "2.2263", "Year High": "2.3906", "Year Low": "1.9531", "Year Close": "2.3125", "Annual % Change": "3.50%"}, "1978": {"Average Stock Price": "2.1048", "Year Open": "2.0863", "Year High": "2.4844", "Year Low": "1.7656", "Year Close": "2.2344", "Annual % Change": "6.30%"}, "1977": {"Average Stock Price": "2.0358", "Year Open": "2.1250", "Year High": "2.2263", "Year Low": "1.8047", "Year Close": "2.1019", "Annual % Change": "-2.00%"}, "1976": {"Average Stock Price": "2.2848", "Year Open": "2.1641", "Year High": "2.5859", "Year Low": "1.9334", "Year Close": "2.1447", "Annual % Change": "-0.35%"}, "1975": {"Average Stock Price": "1.9405", "Year Open": "1.5975", "Year High": "2.3006", "Year Low": "1.4725", "Year Close": "2.1522", "Annual % Change": "37.38%"}, "1974": {"Average Stock Price": "1.4518", "Year Open": "1.4609", "Year High": "1.7541", "Year Low": "0.9881", "Year Close": "1.5666", "Annual % Change": "8.11%"}, "1973": {"Average Stock Price": "1.9110", "Year Open": "2.1406", "Year High": "2.2306", "Year Low": "1.3750", "Year Close": "1.4491", "Annual % Change": "-32.80%"}}}, "market cap": {"value": "$135.22B"}, "income statement": {"Revenue": {"2020-12-31": "42518.00000", "2019-12-31": "26145.00000", "2018-12-31": "22561.00000", "2017-12-31": "20776.00000", "2016-12-31": "19427.00000", "2015-12-31": "16560.00000", "2014-12-31": "15879.00000", "2013-12-31": "16385.00000", "2012-12-31": "17621.00000", "2011-12-31": "21244.00000", "2010-12-31": "19484.00000", "2009-12-31": "18808.00000", "2008-12-31": "17715.00000", "2007-12-31": "15617.00000", "2006-12-31": "16208.00000", "2005-12-31": "18605.00000"}, "Cost Of Goods Sold": {"2020-12-31": "11773.00000", "2019-12-31": "8078.00000", "2018-12-31": "6467.00000", "2017-12-31": "6014.00000", "2016-12-31": "4969.00000", "2015-12-31": "3909.00000", "2014-12-31": "3932.00000", "2013-12-31": "4619.00000", "2012-12-31": "4610.00000", "2011-12-31": "5598.00000", "2010-12-31": "5277.00000", "2009-12-31": "5140.00000", "2008-12-31": "5316.00000", "2007-12-31": "4919.00000", "2006-12-31": "5420.00000", "2005-12-31": "5737.00000"}, "Gross Profit": {"2020-12-31": "30745.00000", "2019-12-31": "18067.00000", "2018-12-31": "16094.00000", "2017-12-31": "14762.00000", "2016-12-31": "14458.00000", "2015-12-31": "12651.00000", "2014-12-31": "11947.00000", "2013-12-31": "11766.00000", "2012-12-31": "13011.00000", "2011-12-31": "15646.00000", "2010-12-31": "14207.00000", "2009-12-31": "13668.00000", "2008-12-31": "12399.00000", "2007-12-31": "10698.00000", "2006-12-31": "10788.00000", "2005-12-31": "12868.00000"}, "Research And Development Expenses": {"2020-12-31": "11143.00000", "2019-12-31": "6148.00000", "2018-12-31": "6332.00000", "2017-12-31": "6468.00000", "2016-12-31": "5012.00000", "2015-12-31": "5920.00000", "2014-12-31": "4534.00000", "2013-12-31": "3731.00000", "2012-12-31": "3904.00000", "2011-12-31": "3839.00000", "2010-12-31": "3566.00000", "2009-12-31": "3647.00000", "2008-12-31": "3512.00000", "2007-12-31": "3160.00000", "2006-12-31": "2951.00000", "2005-12-31": "2678.00000"}, "SG&A Expenses": {"2020-12-31": "7661.00000", "2019-12-31": "4871.00000", "2018-12-31": "4551.00000", "2017-12-31": "4751.00000", "2016-12-31": "4979.00000", "2015-12-31": "4841.00000", "2014-12-31": "4822.00000", "2013-12-31": "4939.00000", "2012-12-31": "5017.00000", "2011-12-31": "5160.00000", "2010-12-31": "4663.00000", "2009-12-31": "5082.00000", "2008-12-31": "5321.00000", "2007-12-31": "5038.00000", "2006-12-31": "5773.00000", "2005-12-31": "6453.00000"}, "Other Operating Income Or Expenses": {"2020-12-31": "-9124.00000", "2019-12-31": "-938.00000", "2018-12-31": "854.00000", "2017-12-31": "1685.00000", "2016-12-31": "1448.00000", "2015-12-31": "187.00000", "2014-12-31": "-210.00000", "2013-12-31": "-205.00000", "2012-12-31": "80.00000", "2011-12-31": "334.00000", "2010-12-31": "93.00000", "2009-12-31": "381.00000", "2008-12-31": "-22.00000", "2007-12-31": "-77.00000", "2006-12-31": "-292.00000", "2005-12-31": "-35.00000"}, "Operating Expenses": {"2020-12-31": "49389.00000", "2019-12-31": "21170.00000", "2018-12-31": "16593.00000", "2017-12-31": "15645.00000", "2016-12-31": "13512.00000", "2015-12-31": "14483.00000", "2014-12-31": "13498.00000", "2013-12-31": "13494.00000", "2012-12-31": "13451.00000", "2011-12-31": "14263.00000", "2010-12-31": "13413.00000", "2009-12-31": "13488.00000", "2008-12-31": "14203.00000", "2007-12-31": "13424.00000", "2006-12-31": "14436.00000", "2005-12-31": "14903.00000"}, "Operating Income": {"2020-12-31": "-6871.00000", "2019-12-31": "4975.00000", "2018-12-31": "5968.00000", "2017-12-31": "5131.00000", "2016-12-31": "5915.00000", "2015-12-31": "2077.00000", "2014-12-31": "2381.00000", "2013-12-31": "2891.00000", "2012-12-31": "4170.00000", "2011-12-31": "6981.00000", "2010-12-31": "6071.00000", "2009-12-31": "5320.00000", "2008-12-31": "3512.00000", "2007-12-31": "2193.00000", "2006-12-31": "1772.00000", "2005-12-31": "3702.00000"}, "Total Non-Operating Income/Expense": {"2020-12-31": "", "2019-12-31": "", "2018-12-31": "", "2017-12-31": "", "2016-12-31": "", "2015-12-31": "", "2014-12-31": "", "2013-12-31": "", "2012-12-31": "-1830.00000", "2011-12-31": "", "2010-12-31": "", "2009-12-31": "282.00000", "2008-12-31": "1264.00000", "2007-12-31": "330.00000", "2006-12-31": "313.00000", "2005-12-31": "602.00000"}, "Pre-Tax Income": {"2020-12-31": "-6871.00000", "2019-12-31": "4975.00000", "2018-12-31": "5968.00000", "2017-12-31": "5131.00000", "2016-12-31": "5915.00000", "2015-12-31": "2077.00000", "2014-12-31": "2381.00000", "2013-12-31": "2891.00000", "2012-12-31": "2340.00000", "2011-12-31": "6981.00000", "2010-12-31": "6071.00000", "2009-12-31": "5602.00000", "2008-12-31": "4776.00000", "2007-12-31": "2523.00000", "2006-12-31": "2085.00000", "2005-12-31": "4304.00000"}, "Income Taxes": {"2020-12-31": "2124.00000", "2019-12-31": "1515.00000", "2018-12-31": "1021.00000", "2017-12-31": "4156.00000", "2016-12-31": "1408.00000", "2015-12-31": "446.00000", "2014-12-31": "352.00000", "2013-12-31": "311.00000", "2012-12-31": "-161.00000", "2011-12-31": "1721.00000", "2010-12-31": "1558.00000", "2009-12-31": "1182.00000", "2008-12-31": "1090.00000", "2007-12-31": "471.00000", "2006-12-31": "431.00000", "2005-12-31": "870.00000"}, "Income After Taxes": {"2020-12-31": "-8995.00000", "2019-12-31": "3460.00000", "2018-12-31": "4947.00000", "2017-12-31": "975.00000", "2016-12-31": "4507.00000", "2015-12-31": "1631.00000", "2014-12-31": "2029.00000", "2013-12-31": "2580.00000", "2012-12-31": "2501.00000", "2011-12-31": "5260.00000", "2010-12-31": "4513.00000", "2009-12-31": "4420.00000", "2008-12-31": "3686.00000", "2007-12-31": "2052.00000", "2006-12-31": "1654.00000", "2005-12-31": "3434.00000"}, "Other Income": {"2020-12-31": "", "2019-12-31": "", "2018-12-31": "", "2017-12-31": "", "2016-12-31": "", "2015-12-31": "", "2014-12-31": "", "2013-12-31": "", "2012-12-31": "", "2011-12-31": "", "2010-12-31": "", "2009-12-31": "", "2008-12-31": "", "2007-12-31": "", "2006-12-31": "", "2005-12-31": ""}, "Income From Continuous Operations": {"2020-12-31": "-8995.00000", "2019-12-31": "3460.00000", "2018-12-31": "4947.00000", "2017-12-31": "975.00000", "2016-12-31": "4507.00000", "2015-12-31": "1631.00000", "2014-12-31": "2029.00000", "2013-12-31": "2580.00000", "2012-12-31": "2501.00000", "2011-12-31": "5260.00000", "2010-12-31": "4513.00000", "2009-12-31": "4420.00000", "2008-12-31": "3686.00000", "2007-12-31": "2052.00000", "2006-12-31": "1214.00000", "2005-12-31": "2842.00000"}, "Income From Discontinued Operations": {"2020-12-31": "", "2019-12-31": "", "2018-12-31": "", "2017-12-31": "", "2016-12-31": "", "2015-12-31": "", "2014-12-31": "", "2013-12-31": "", "2012-12-31": "", "2011-12-31": "", "2010-12-31": "", "2009-12-31": "7442.00000", "2008-12-31": "2557.00000", "2007-12-31": "876.00000", "2006-12-31": "371.00000", "2005-12-31": "158.00000"}, "Net Income": {"2020-12-31": "-9015.00000", "2019-12-31": "3439.00000", "2018-12-31": "4920.00000", "2017-12-31": "1007.00000", "2016-12-31": "4457.00000", "2015-12-31": "1565.00000", "2014-12-31": "2004.00000", "2013-12-31": "2563.00000", "2012-12-31": "1959.00000", "2011-12-31": "3701.00000", "2010-12-31": "3090.00000", "2009-12-31": "10594.00000", "2008-12-31": "5247.00000", "2007-12-31": "2165.00000", "2006-12-31": "1585.00000", "2005-12-31": "3000.00000"}, "EBITDA": {"2020-12-31": "-6871.00000", "2019-12-31": "6721.00000", "2018-12-31": "6605.00000", "2017-12-31": "5920.00000", "2016-12-31": "6297.00000", "2015-12-31": "2453.00000", "2014-12-31": "2848.00000", "2013-12-31": "3654.00000", "2012-12-31": "5143.00000", "2011-12-31": "7609.00000", "2010-12-31": "6678.00000", "2009-12-31": "6027.00000", "2008-12-31": "4328.00000", "2007-12-31": "3085.00000", "2006-12-31": "2699.00000", "2005-12-31": "4631.00000"}, "EBIT": {"2020-12-31": "-6871.00000", "2019-12-31": "4975.00000", "2018-12-31": "5968.00000", "2017-12-31": "5131.00000", "2016-12-31": "5915.00000", "2015-12-31": "2077.00000", "2014-12-31": "2381.00000", "2013-12-31": "2891.00000", "2012-12-31": "4170.00000", "2011-12-31": "6981.00000", "2010-12-31": "6071.00000", "2009-12-31": "5320.00000", "2008-12-31": "3512.00000", "2007-12-31": "2193.00000", "2006-12-31": "1772.00000", "2005-12-31": "3702.00000"}, "Basic Shares Outstanding": {"2020-12-31": "2258.00000", "2019-12-31": "1705.00000", "2018-12-31": "1633.00000", "2017-12-31": "1645.00000", "2016-12-31": "1671.00000", "2015-12-31": "1667.00000", "2014-12-31": "1657.00000", "2013-12-31": "1644.00000", "2012-12-31": "1670.00000", "2011-12-31": "1700.00000", "2010-12-31": "1713.00000", "2009-12-31": "1974.00000", "2008-12-31": "1977.00000", "2007-12-31": "1970.00000", "2006-12-31": "1960.00000", "2005-12-31": "1952.00000"}, "Shares Outstanding": {"2020-12-31": "2258.00000", "2019-12-31": "1712.00000", "2018-12-31": "1637.00000", "2017-12-31": "1652.00000", "2016-12-31": "1680.00000", "2015-12-31": "1679.00000", "2014-12-31": "1670.00000", "2013-12-31": "1662.00000", "2012-12-31": "1688.00000", "2011-12-31": "1717.00000", "2010-12-31": "1727.00000", "2009-12-31": "1978.00000", "2008-12-31": "1999.00000", "2007-12-31": "1977.00000", "2006-12-31": "1963.00000", "2005-12-31": "1983.00000"}, "Basic EPS": {"2020-12-31": "-3.99000", "2019-12-31": "2.02000", "2018-12-31": "3.01000", "2017-12-31": "0.61000", "2016-12-31": "2.67000", "2015-12-31": "0.94000", "2014-12-31": "1.21000", "2013-12-31": "1.56000", "2012-12-31": "1.17000", "2011-12-31": "2.18000", "2010-12-31": "1.80000", "2009-12-31": "5.35000", "2008-12-31": "2.64000", "2007-12-31": "1.09000", "2006-12-31": "0.81000", "2005-12-31": "1.53000"}, "EPS - Earnings Per Share": {"2020-12-31": "-3.99000", "2019-12-31": "2.01000", "2018-12-31": "3.01000", "2017-12-31": "0.61000", "2016-12-31": "2.65000", "2015-12-31": "0.93000", "2014-12-31": "1.20000", "2013-12-31": "1.54000", "2012-12-31": "1.16000", "2011-12-31": "2.16000", "2010-12-31": "1.79000", "2009-12-31": "5.34000", "2008-12-31": "2.62000", "2007-12-31": "1.09000", "2006-12-31": "0.81000", "2005-12-31": "1.52000"}}, "income statement, quarterly": {"Revenue": {"2020-12-31": "11068.00000", "2020-09-30": "10540.00000", "2020-06-30": "10129.00000", "2020-03-31": "10781.00000", "2019-12-31": "7945.00000", "2019-09-30": "6007.00000", "2019-06-30": "6273.00000", "2019-03-31": "5920.00000", "2018-12-31": "5973.00000", "2018-09-30": "5691.00000", "2018-06-30": "5704.00000", "2018-03-31": "5193.00000", "2017-12-31": "5449.00000", "2017-09-30": "5254.00000", "2017-06-30": "5144.00000", "2017-03-31": "4929.00000", "2016-12-31": "5243.00000", "2016-09-30": "4922.00000", "2016-06-30": "4871.00000", "2016-03-31": "4391.00000", "2015-12-31": "4287.00000", "2015-09-30": "4069.00000", "2015-06-30": "4163.00000", "2015-03-31": "4041.00000", "2014-12-31": "4258.00000", "2014-09-30": "3921.00000", "2014-06-30": "3889.00000", "2014-03-31": "3811.00000", "2013-12-31": "4441.00000", "2013-09-30": "4065.00000", "2013-06-30": "4048.00000", "2013-03-31": "3831.00000", "2012-12-31": "4191.00000", "2012-09-30": "3736.00000", "2012-06-30": "4443.00000", "2012-03-31": "5251.00000", "2011-12-31": "5454.00000", "2011-09-30": "5345.00000", "2011-06-30": "5434.00000", "2011-03-31": "5011.00000", "2010-12-31": "5111.00000", "2010-09-30": "4798.00000", "2010-06-30": "4768.00000", "2010-03-31": "4807.00000", "2009-12-31": "5033.00000", "2009-09-30": "4788.00000", "2009-06-30": "4665.00000", "2009-03-31": "4322.00000", "2008-12-31": "2367.00000", "2008-09-30": "5254.00000", "2008-06-30": "5203.00000", "2008-03-31": "4891.00000", "2007-12-31": "2228.00000", "2007-09-30": "4601.00000", "2007-06-30": "4471.00000", "2007-03-31": "4317.00000", "2006-12-31": "2507.00000", "2006-09-30": "4154.00000", "2006-06-30": "4871.00000", "2006-03-31": "4676.00000", "2005-12-31": "4417.00000", "2005-09-30": "4767.00000", "2005-06-30": "4889.00000", "2005-03-31": "4532.00000"}, "Cost Of Goods Sold": {"2020-12-31": "2910.00000", "2020-09-30": "2502.00000", "2020-06-30": "2699.00000", "2020-03-31": "3662.00000", "2019-12-31": "2492.00000", "2019-09-30": "1790.00000", "2019-06-30": "1972.00000", "2019-03-31": "1824.00000", "2018-12-31": "1610.00000", "2018-09-30": "1648.00000", "2018-06-30": "1625.00000", "2018-03-31": "1584.00000", "2017-12-31": "1601.00000", "2017-09-30": "1579.00000", "2017-06-30": "1569.00000", "2017-03-31": "1265.00000", "2016-12-31": "1406.00000", "2016-09-30": "1305.00000", "2016-06-30": "1206.00000", "2016-03-31": "1052.00000", "2015-12-31": "952.00000", "2015-09-30": "1097.00000", "2015-06-30": "1013.00000", "2015-03-31": "847.00000", "2014-12-31": "966.00000", "2014-09-30": "1007.00000", "2014-06-30": "991.00000", "2014-03-31": "968.00000", "2013-12-31": "1273.00000", "2013-09-30": "1175.00000", "2013-06-30": "1108.00000", "2013-03-31": "1063.00000", "2012-12-31": "1075.00000", "2012-09-30": "987.00000", "2012-06-30": "1245.00000", "2012-03-31": "1303.00000", "2011-12-31": "1367.00000", "2011-09-30": "1407.00000", "2011-06-30": "1481.00000", "2011-03-31": "1343.00000", "2010-12-31": "1414.00000", "2010-09-30": "1280.00000", "2010-06-30": "1277.00000", "2010-03-31": "1306.00000", "2009-12-31": "1433.00000", "2009-09-30": "1317.00000", "2009-06-30": "1225.00000", "2009-03-31": "1165.00000", "2008-12-31": "442.00000", "2008-09-30": "1634.00000", "2008-06-30": "1670.00000", "2008-03-31": "1570.00000", "2007-12-31": "693.00000", "2007-09-30": "1478.00000", "2007-06-30": "1408.00000", "2007-03-31": "1340.00000", "2006-12-31": "911.00000", "2006-09-30": "1465.00000", "2006-06-30": "1568.00000", "2006-03-31": "1476.00000", "2005-12-31": "1404.00000", "2005-09-30": "1483.00000", "2005-06-30": "1483.00000", "2005-03-31": "1367.00000"}, "Gross Profit": {"2020-12-31": "8158.00000", "2020-09-30": "8038.00000", "2020-06-30": "7430.00000", "2020-03-31": "7119.00000", "2019-12-31": "5453.00000", "2019-09-30": "4217.00000", "2019-06-30": "4301.00000", "2019-03-31": "4096.00000", "2018-12-31": "4363.00000", "2018-09-30": "4043.00000", "2018-06-30": "4079.00000", "2018-03-31": "3609.00000", "2017-12-31": "3848.00000", "2017-09-30": "3675.00000", "2017-06-30": "3575.00000", "2017-03-31": "3664.00000", "2016-12-31": "3837.00000", "2016-09-30": "3617.00000", "2016-06-30": "3665.00000", "2016-03-31": "3339.00000", "2015-12-31": "3335.00000", "2015-09-30": "2972.00000", "2015-06-30": "3150.00000", "2015-03-31": "3194.00000", "2014-12-31": "3292.00000", "2014-09-30": "2914.00000", "2014-06-30": "2898.00000", "2014-03-31": "2843.00000", "2013-12-31": "3168.00000", "2013-09-30": "2890.00000", "2013-06-30": "2940.00000", "2013-03-31": "2768.00000", "2012-12-31": "3116.00000", "2012-09-30": "2749.00000", "2012-06-30": "3198.00000", "2012-03-31": "3948.00000", "2011-12-31": "4087.00000", "2011-09-30": "3938.00000", "2011-06-30": "3953.00000", "2011-03-31": "3668.00000", "2010-12-31": "3697.00000", "2010-09-30": "3518.00000", "2010-06-30": "3491.00000", "2010-03-31": "3501.00000", "2009-12-31": "3600.00000", "2009-09-30": "3471.00000", "2009-06-30": "3440.00000", "2009-03-31": "3157.00000", "2008-12-31": "1925.00000", "2008-09-30": "3620.00000", "2008-06-30": "3533.00000", "2008-03-31": "3321.00000", "2007-12-31": "1535.00000", "2007-09-30": "3123.00000", "2007-06-30": "3063.00000", "2007-03-31": "2977.00000", "2006-12-31": "1596.00000", "2006-09-30": "2689.00000", "2006-06-30": "3303.00000", "2006-03-31": "3200.00000", "2005-12-31": "3013.00000", "2005-09-30": "3284.00000", "2005-06-30": "3406.00000", "2005-03-31": "3165.00000"}, "Research And Development Expenses": {"2020-12-31": "3750.00000", "2020-09-30": "2499.00000", "2020-06-30": "2522.00000", "2020-03-31": "2372.00000", "2019-12-31": "2097.00000", "2019-09-30": "1378.00000", "2019-06-30": "1325.00000", "2019-03-31": "1348.00000", "2018-12-31": "1367.00000", "2018-09-30": "1280.00000", "2018-06-30": "2435.00000", "2018-03-31": "1250.00000", "2017-12-31": "1925.00000", "2017-09-30": "1561.00000", "2017-06-30": "1679.00000", "2017-03-31": "1303.00000", "2016-12-31": "1472.00000", "2016-09-30": "1138.00000", "2016-06-30": "1266.00000", "2016-03-31": "1136.00000", "2015-12-31": "1916.00000", "2015-09-30": "1132.00000", "2015-06-30": "1856.00000", "2015-03-31": "1016.00000", "2014-12-31": "1189.00000", "2014-09-30": "983.00000", "2014-06-30": "1416.00000", "2014-03-31": "946.00000", "2013-12-31": "957.00000", "2013-09-30": "893.00000", "2013-06-30": "951.00000", "2013-03-31": "930.00000", "2012-12-31": "1082.00000", "2012-09-30": "951.00000", "2012-06-30": "962.00000", "2012-03-31": "909.00000", "2011-12-31": "1008.00000", "2011-09-30": "973.00000", "2011-06-30": "923.00000", "2011-03-31": "935.00000", "2010-12-31": "1010.00000", "2010-09-30": "824.00000", "2010-06-30": "822.00000", "2010-03-31": "910.00000", "2009-12-31": "1108.00000", "2009-09-30": "820.00000", "2009-06-30": "811.00000", "2009-03-31": "908.00000", "2008-12-31": "1070.00000", "2008-09-30": "834.00000", "2008-06-30": "826.00000", "2008-03-31": "782.00000", "2007-12-31": "812.00000", "2007-09-30": "802.00000", "2007-06-30": "755.00000", "2007-03-31": "791.00000", "2006-12-31": "705.00000", "2006-09-30": "756.00000", "2006-06-30": "740.00000", "2006-03-31": "750.00000", "2005-12-31": "707.00000", "2005-09-30": "669.00000", "2005-06-30": "649.00000", "2005-03-31": "653.00000"}, "SG&A Expenses": {"2020-12-31": "2721.00000", "2020-09-30": "1706.00000", "2020-06-30": "1628.00000", "2020-03-31": "1606.00000", "2019-12-31": "1734.00000", "2019-09-30": "1055.00000", "2019-06-30": "1076.00000", "2019-03-31": "1006.00000", "2018-12-31": "1336.00000", "2018-09-30": "1104.00000", "2018-06-30": "1131.00000", "2018-03-31": "980.00000", "2017-12-31": "1316.00000", "2017-09-30": "1163.00000", "2017-06-30": "1187.00000", "2017-03-31": "1085.00000", "2016-12-31": "1529.00000", "2016-09-30": "1144.00000", "2016-06-30": "1238.00000", "2016-03-31": "1068.00000", "2015-12-31": "1501.00000", "2015-09-30": "1176.00000", "2015-06-30": "1135.00000", "2015-03-31": "1029.00000", "2014-12-31": "1364.00000", "2014-09-30": "1200.00000", "2014-06-30": "1138.00000", "2014-03-31": "1120.00000", "2013-12-31": "1322.00000", "2013-09-30": "1174.00000", "2013-06-30": "1260.00000", "2013-03-31": "1183.00000", "2012-12-31": "1355.00000", "2012-09-30": "1238.00000", "2012-06-30": "1228.00000", "2012-03-31": "1196.00000", "2011-12-31": "1501.00000", "2011-09-30": "1224.00000", "2011-06-30": "1293.00000", "2011-03-31": "1142.00000", "2010-12-31": "1271.00000", "2010-09-30": "1123.00000", "2010-06-30": "1157.00000", "2010-03-31": "1112.00000", "2009-12-31": "1504.00000", "2009-09-30": "1209.00000", "2009-06-30": "1220.00000", "2009-03-31": "1149.00000", "2008-12-31": "713.00000", "2008-09-30": "1570.00000", "2008-06-30": "1585.00000", "2008-03-31": "1453.00000", "2007-12-31": "737.00000", "2007-09-30": "1443.00000", "2007-06-30": "1457.00000", "2007-03-31": "1401.00000", "2006-12-31": "1232.00000", "2006-09-30": "1475.00000", "2006-06-30": "1533.00000", "2006-03-31": "1533.00000", "2005-12-31": "1684.00000", "2005-09-30": "1635.00000", "2005-06-30": "1633.00000", "2005-03-31": "1501.00000"}, "Other Operating Income Or Expenses": {"2020-12-31": "-9612.00000", "2020-09-30": "915.00000", "2020-06-30": "736.00000", "2020-03-31": "-1163.00000", "2019-12-31": "-689.00000", "2019-09-30": "-410.00000", "2019-06-30": "-100.00000", "2019-03-31": "261.00000", "2018-12-31": "-58.00000", "2018-09-30": "508.00000", "2018-06-30": "4.00000", "2018-03-31": "400.00000", "2017-12-31": "188.00000", "2017-09-30": "232.00000", "2017-06-30": "586.00000", "2017-03-31": "679.00000", "2016-12-31": "250.00000", "2016-09-30": "224.00000", "2016-06-30": "454.00000", "2016-03-31": "520.00000", "2015-12-31": "-328.00000", "2015-09-30": "323.00000", "2015-06-30": "-107.00000", "2015-03-31": "299.00000", "2014-12-31": "-799.00000", "2014-09-30": "277.00000", "2014-06-30": "104.00000", "2014-03-31": "208.00000", "2013-12-31": "-20.00000", "2013-09-30": "-5.00000", "2013-06-30": "-199.00000", "2013-03-31": "19.00000", "2012-12-31": "-166.00000", "2012-09-30": "11.00000", "2012-06-30": "51.00000", "2012-03-31": "184.00000", "2011-12-31": "139.00000", "2011-09-30": "26.00000", "2011-06-30": "31.00000", "2011-03-31": "138.00000", "2010-12-31": "177.00000", "2010-09-30": "10.00000", "2010-06-30": "19.00000", "2010-03-31": "-113.00000", "2009-12-31": "264.00000", "2009-09-30": "35.00000", "2009-06-30": "10.00000", "2009-03-31": "72.00000", "2008-12-31": "166.00000", "2008-09-30": "-169.00000", "2008-06-30": "13.00000", "2008-03-31": "-32.00000", "2007-12-31": "-48.00000", "2007-09-30": "-8.00000", "2007-06-30": "1.00000", "2007-03-31": "-22.00000", "2006-12-31": "-233.00000", "2006-09-30": "34.00000", "2006-06-30": "-56.00000", "2006-03-31": "-37.00000", "2005-12-31": "133.00000", "2005-09-30": "-38.00000", "2005-06-30": "-105.00000", "2005-03-31": "-25.00000"}, "Operating Expenses": {"2020-12-31": "21519.00000", "2020-09-30": "8283.00000", "2020-06-30": "8502.00000", "2020-03-31": "11085.00000", "2019-12-31": "8074.00000", "2019-09-30": "4658.00000", "2019-06-30": "4497.00000", "2019-03-31": "3941.00000", "2018-12-31": "4468.00000", "2018-09-30": "3524.00000", "2018-06-30": "5187.00000", "2018-03-31": "3414.00000", "2017-12-31": "4751.00000", "2017-09-30": "4071.00000", "2017-06-30": "3849.00000", "2017-03-31": "2974.00000", "2016-12-31": "4157.00000", "2016-09-30": "3363.00000", "2016-06-30": "3256.00000", "2016-03-31": "2736.00000", "2015-12-31": "4697.00000", "2015-09-30": "3082.00000", "2015-06-30": "4111.00000", "2015-03-31": "2593.00000", "2014-12-31": "4318.00000", "2014-09-30": "2913.00000", "2014-06-30": "3441.00000", "2014-03-31": "2826.00000", "2013-12-31": "3572.00000", "2013-09-30": "3247.00000", "2013-06-30": "3518.00000", "2013-03-31": "3157.00000", "2012-12-31": "3678.00000", "2012-09-30": "3165.00000", "2012-06-30": "3384.00000", "2012-03-31": "3224.00000", "2011-12-31": "3737.00000", "2011-09-30": "3578.00000", "2011-06-30": "3666.00000", "2011-03-31": "3282.00000", "2010-12-31": "3518.00000", "2010-09-30": "3217.00000", "2010-06-30": "3237.00000", "2010-03-31": "3441.00000", "2009-12-31": "3781.00000", "2009-09-30": "3311.00000", "2009-06-30": "3246.00000", "2009-03-31": "3150.00000", "2008-12-31": "2059.00000", "2008-09-30": "4207.00000", "2008-06-30": "4100.00000", "2008-03-31": "3837.00000", "2007-12-31": "2520.00000", "2007-09-30": "3731.00000", "2007-06-30": "3619.00000", "2007-03-31": "3554.00000", "2006-12-31": "3081.00000", "2006-09-30": "3662.00000", "2006-06-30": "3897.00000", "2006-03-31": "3796.00000", "2005-12-31": "3662.00000", "2005-09-30": "3825.00000", "2005-06-30": "3870.00000", "2005-03-31": "3546.00000"}, "Operating Income": {"2020-12-31": "-10451.00000", "2020-09-30": "2257.00000", "2020-06-30": "1627.00000", "2020-03-31": "-304.00000", "2019-12-31": "-129.00000", "2019-09-30": "1349.00000", "2019-06-30": "1776.00000", "2019-03-31": "1979.00000", "2018-12-31": "1505.00000", "2018-09-30": "2167.00000", "2018-06-30": "517.00000", "2018-03-31": "1779.00000", "2017-12-31": "698.00000", "2017-09-30": "1183.00000", "2017-06-30": "1295.00000", "2017-03-31": "1955.00000", "2016-12-31": "1086.00000", "2016-09-30": "1559.00000", "2016-06-30": "1615.00000", "2016-03-31": "1655.00000", "2015-12-31": "-410.00000", "2015-09-30": "987.00000", "2015-06-30": "52.00000", "2015-03-31": "1448.00000", "2014-12-31": "-60.00000", "2014-09-30": "1008.00000", "2014-06-30": "448.00000", "2014-03-31": "985.00000", "2013-12-31": "869.00000", "2013-09-30": "818.00000", "2013-06-30": "530.00000", "2013-03-31": "674.00000", "2012-12-31": "513.00000", "2012-09-30": "571.00000", "2012-06-30": "1059.00000", "2012-03-31": "2027.00000", "2011-12-31": "1717.00000", "2011-09-30": "1767.00000", "2011-06-30": "1768.00000", "2011-03-31": "1729.00000", "2010-12-31": "1593.00000", "2010-09-30": "1581.00000", "2010-06-30": "1531.00000", "2010-03-31": "1366.00000", "2009-12-31": "1252.00000", "2009-09-30": "1477.00000", "2009-06-30": "1419.00000", "2009-03-31": "1172.00000", "2008-12-31": "308.00000", "2008-09-30": "1047.00000", "2008-06-30": "1103.00000", "2008-03-31": "1054.00000", "2007-12-31": "-292.00000", "2007-09-30": "870.00000", "2007-06-30": "852.00000", "2007-03-31": "763.00000", "2006-12-31": "-574.00000", "2006-09-30": "492.00000", "2006-06-30": "974.00000", "2006-03-31": "880.00000", "2005-12-31": "755.00000", "2005-09-30": "942.00000", "2005-06-30": "1019.00000", "2005-03-31": "986.00000"}, "Total Non-Operating Income/Expense": {"2020-12-31": "", "2020-09-30": "", "2020-06-30": "", "2020-03-31": "", "2019-12-31": "", "2019-09-30": "", "2019-06-30": "", "2019-03-31": "", "2018-12-31": "", "2018-09-30": "", "2018-06-30": "", "2018-03-31": "", "2017-12-31": "", "2017-09-30": "", "2017-06-30": "", "2017-03-31": "", "2016-12-31": "", "2016-09-30": "", "2016-06-30": "", "2016-03-31": "", "2015-12-31": "", "2015-09-30": "", "2015-06-30": "", "2015-03-31": "", "2014-12-31": "", "2014-09-30": "", "2014-06-30": "", "2014-03-31": "", "2013-12-31": "", "2013-09-30": "", "2013-06-30": "", "2013-03-31": "", "2012-12-31": "", "2012-09-30": "-1830.00000", "2012-06-30": "", "2012-03-31": "", "2011-12-31": "", "2011-09-30": "63.00000", "2011-06-30": "22.00000", "2011-03-31": "38.00000", "2010-12-31": "", "2010-09-30": "33.00000", "2010-06-30": "61.00000", "2010-03-31": "86.00000", "2009-12-31": "68.00000", "2009-09-30": "88.00000", "2009-06-30": "103.00000", "2009-03-31": "23.00000", "2008-12-31": "885.00000", "2008-09-30": "108.00000", "2008-06-30": "118.00000", "2008-03-31": "153.00000", "2007-12-31": "-278.00000", "2007-09-30": "386.00000", "2007-06-30": "133.00000", "2007-03-31": "89.00000", "2006-12-31": "-261.00000", "2006-09-30": "125.00000", "2006-06-30": "136.00000", "2006-03-31": "313.00000", "2005-12-31": "-135.00000", "2005-09-30": "684.00000", "2005-06-30": "111.00000", "2005-03-31": "-58.00000"}, "Pre-Tax Income": {"2020-12-31": "-10451.00000", "2020-09-30": "2257.00000", "2020-06-30": "1627.00000", "2020-03-31": "-304.00000", "2019-12-31": "-129.00000", "2019-09-30": "1349.00000", "2019-06-30": "1776.00000", "2019-03-31": "1979.00000", "2018-12-31": "1505.00000", "2018-09-30": "2167.00000", "2018-06-30": "517.00000", "2018-03-31": "1779.00000", "2017-12-31": "698.00000", "2017-09-30": "1183.00000", "2017-06-30": "1295.00000", "2017-03-31": "1955.00000", "2016-12-31": "1086.00000", "2016-09-30": "1559.00000", "2016-06-30": "1615.00000", "2016-03-31": "1655.00000", "2015-12-31": "-410.00000", "2015-09-30": "987.00000", "2015-06-30": "52.00000", "2015-03-31": "1448.00000", "2014-12-31": "-60.00000", "2014-09-30": "1008.00000", "2014-06-30": "448.00000", "2014-03-31": "985.00000", "2013-12-31": "869.00000", "2013-09-30": "818.00000", "2013-06-30": "530.00000", "2013-03-31": "674.00000", "2012-12-31": "513.00000", "2012-09-30": "-1259.00000", "2012-06-30": "1059.00000", "2012-03-31": "2027.00000", "2011-12-31": "1594.00000", "2011-09-30": "1830.00000", "2011-06-30": "1790.00000", "2011-03-31": "1767.00000", "2010-12-31": "1413.00000", "2010-09-30": "1614.00000", "2010-06-30": "1592.00000", "2010-03-31": "1452.00000", "2009-12-31": "1320.00000", "2009-09-30": "1565.00000", "2009-06-30": "1522.00000", "2009-03-31": "1195.00000", "2008-12-31": "1193.00000", "2008-09-30": "1155.00000", "2008-06-30": "1221.00000", "2008-03-31": "1207.00000", "2007-12-31": "-570.00000", "2007-09-30": "1256.00000", "2007-06-30": "985.00000", "2007-03-31": "852.00000", "2006-12-31": "-835.00000", "2006-09-30": "617.00000", "2006-06-30": "1110.00000", "2006-03-31": "1193.00000", "2005-12-31": "620.00000", "2005-09-30": "1626.00000", "2005-06-30": "1130.00000", "2005-03-31": "928.00000"}, "Income Taxes": {"2020-12-31": "-424.00000", "2020-09-30": "379.00000", "2020-06-30": "1707.00000", "2020-03-31": "462.00000", "2019-12-31": "931.00000", "2019-09-30": "-17.00000", "2019-06-30": "337.00000", "2019-03-31": "264.00000", "2018-12-31": "347.00000", "2018-09-30": "255.00000", "2018-06-30": "135.00000", "2018-03-31": "284.00000", "2017-12-31": "3027.00000", "2017-09-30": "327.00000", "2017-06-30": "373.00000", "2017-03-31": "429.00000", "2016-12-31": "188.00000", "2016-09-30": "344.00000", "2016-06-30": "427.00000", "2016-03-31": "449.00000", "2015-12-31": "-222.00000", "2015-09-30": "257.00000", "2015-06-30": "162.00000", "2015-03-31": "249.00000", "2014-12-31": "-87.00000", "2014-09-30": "276.00000", "2014-06-30": "114.00000", "2014-03-31": "49.00000", "2013-12-31": "134.00000", "2013-09-30": "126.00000", "2013-06-30": "0.00000", "2013-03-31": "51.00000", "2012-12-31": "-411.00000", "2012-09-30": "-546.00000", "2012-06-30": "251.00000", "2012-03-31": "545.00000", "2011-12-31": "363.00000", "2011-09-30": "475.00000", "2011-06-30": "483.00000", "2011-03-31": "400.00000", "2010-12-31": "571.00000", "2010-09-30": "312.00000", "2010-06-30": "324.00000", "2010-03-31": "351.00000", "2009-12-31": "188.00000", "2009-09-30": "366.00000", "2009-06-30": "353.00000", "2009-03-31": "275.00000", "2008-12-31": "194.00000", "2008-09-30": "308.00000", "2008-06-30": "258.00000", "2008-03-31": "330.00000", "2007-12-31": "-92.00000", "2007-09-30": "292.00000", "2007-06-30": "203.00000", "2007-03-31": "68.00000", "2006-12-31": "-346.00000", "2006-09-30": "193.00000", "2006-06-30": "256.00000", "2006-03-31": "328.00000", "2005-12-31": "116.00000", "2005-09-30": "507.00000", "2005-06-30": "-21.00000", "2005-03-31": "268.00000"}, "Income After Taxes": {"2020-12-31": "-10027.00000", "2020-09-30": "1878.00000", "2020-06-30": "-80.00000", "2020-03-31": "-766.00000", "2019-12-31": "-1060.00000", "2019-09-30": "1366.00000", "2019-06-30": "1439.00000", "2019-03-31": "1715.00000", "2018-12-31": "1158.00000", "2018-09-30": "1912.00000", "2018-06-30": "382.00000", "2018-03-31": "1495.00000", "2017-12-31": "-2329.00000", "2017-09-30": "856.00000", "2017-06-30": "922.00000", "2017-03-31": "1526.00000", "2016-12-31": "898.00000", "2016-09-30": "1215.00000", "2016-06-30": "1188.00000", "2016-03-31": "1206.00000", "2015-12-31": "-188.00000", "2015-09-30": "730.00000", "2015-06-30": "-110.00000", "2015-03-31": "1199.00000", "2014-12-31": "27.00000", "2014-09-30": "732.00000", "2014-06-30": "334.00000", "2014-03-31": "936.00000", "2013-12-31": "735.00000", "2013-09-30": "692.00000", "2013-06-30": "530.00000", "2013-03-31": "623.00000", "2012-12-31": "924.00000", "2012-09-30": "-713.00000", "2012-06-30": "808.00000", "2012-03-31": "1482.00000", "2011-12-31": "1231.00000", "2011-09-30": "1355.00000", "2011-06-30": "1307.00000", "2011-03-31": "1367.00000", "2010-12-31": "842.00000", "2010-09-30": "1302.00000", "2010-06-30": "1268.00000", "2010-03-31": "1101.00000", "2009-12-31": "1132.00000", "2009-09-30": "1199.00000", "2009-06-30": "1169.00000", "2009-03-31": "920.00000", "2008-12-31": "999.00000", "2008-09-30": "847.00000", "2008-06-30": "963.00000", "2008-03-31": "877.00000", "2007-12-31": "-478.00000", "2007-09-30": "964.00000", "2007-06-30": "782.00000", "2007-03-31": "784.00000", "2006-12-31": "-489.00000", "2006-09-30": "424.00000", "2006-06-30": "854.00000", "2006-03-31": "865.00000", "2005-12-31": "504.00000", "2005-09-30": "1119.00000", "2005-06-30": "1151.00000", "2005-03-31": "660.00000"}, "Other Income": {"2020-12-31": "", "2020-09-30": "", "2020-06-30": "", "2020-03-31": "", "2019-12-31": "", "2019-09-30": "", "2019-06-30": "", "2019-03-31": "", "2018-12-31": "", "2018-09-30": "", "2018-06-30": "", "2018-03-31": "", "2017-12-31": "", "2017-09-30": "", "2017-06-30": "", "2017-03-31": "", "2016-12-31": "", "2016-09-30": "", "2016-06-30": "", "2016-03-31": "", "2015-12-31": "", "2015-09-30": "", "2015-06-30": "", "2015-03-31": "", "2014-12-31": "", "2014-09-30": "", "2014-06-30": "", "2014-03-31": "", "2013-12-31": "", "2013-09-30": "", "2013-06-30": "", "2013-03-31": "", "2012-12-31": "", "2012-09-30": "", "2012-06-30": "", "2012-03-31": "", "2011-12-31": "", "2011-09-30": "", "2011-06-30": "", "2011-03-31": "", "2010-12-31": "", "2010-09-30": "", "2010-06-30": "", "2010-03-31": "", "2009-12-31": "", "2009-09-30": "", "2009-06-30": "", "2009-03-31": "", "2008-12-31": "", "2008-09-30": "", "2008-06-30": "", "2008-03-31": "", "2007-12-31": "", "2007-09-30": "", "2007-06-30": "", "2007-03-31": "", "2006-12-31": "", "2006-09-30": "", "2006-06-30": "", "2006-03-31": "", "2005-12-31": "", "2005-09-30": "", "2005-06-30": "", "2005-03-31": ""}, "Income From Continuous Operations": {"2020-12-31": "-10027.00000", "2020-09-30": "1878.00000", "2020-06-30": "-80.00000", "2020-03-31": "-766.00000", "2019-12-31": "-1060.00000", "2019-09-30": "1366.00000", "2019-06-30": "1439.00000", "2019-03-31": "1715.00000", "2018-12-31": "1158.00000", "2018-09-30": "1912.00000", "2018-06-30": "382.00000", "2018-03-31": "1495.00000", "2017-12-31": "-2329.00000", "2017-09-30": "856.00000", "2017-06-30": "922.00000", "2017-03-31": "1526.00000", "2016-12-31": "898.00000", "2016-09-30": "1215.00000", "2016-06-30": "1188.00000", "2016-03-31": "1206.00000", "2015-12-31": "-188.00000", "2015-09-30": "730.00000", "2015-06-30": "-110.00000", "2015-03-31": "1199.00000", "2014-12-31": "27.00000", "2014-09-30": "732.00000", "2014-06-30": "334.00000", "2014-03-31": "936.00000", "2013-12-31": "735.00000", "2013-09-30": "692.00000", "2013-06-30": "530.00000", "2013-03-31": "623.00000", "2012-12-31": "924.00000", "2012-09-30": "-713.00000", "2012-06-30": "808.00000", "2012-03-31": "1482.00000", "2011-12-31": "1231.00000", "2011-09-30": "1355.00000", "2011-06-30": "1307.00000", "2011-03-31": "1367.00000", "2010-12-31": "842.00000", "2010-09-30": "1302.00000", "2010-06-30": "1268.00000", "2010-03-31": "1101.00000", "2009-12-31": "1132.00000", "2009-09-30": "1199.00000", "2009-06-30": "1169.00000", "2009-03-31": "920.00000", "2008-12-31": "1229.00000", "2008-09-30": "847.00000", "2008-06-30": "963.00000", "2008-03-31": "647.00000", "2007-12-31": "68.00000", "2007-09-30": "753.00000", "2007-06-30": "588.00000", "2007-03-31": "643.00000", "2006-12-31": "-505.00000", "2006-09-30": "338.00000", "2006-06-30": "667.00000", "2006-03-31": "714.00000", "2005-12-31": "349.00000", "2005-09-30": "964.00000", "2005-06-30": "991.00000", "2005-03-31": "538.00000"}, "Income From Discontinued Operations": {"2020-12-31": "", "2020-09-30": "", "2020-06-30": "", "2020-03-31": "", "2019-12-31": "", "2019-09-30": "", "2019-06-30": "", "2019-03-31": "", "2018-12-31": "", "2018-09-30": "", "2018-06-30": "", "2018-03-31": "", "2017-12-31": "", "2017-09-30": "", "2017-06-30": "", "2017-03-31": "", "2016-12-31": "", "2016-09-30": "", "2016-06-30": "", "2016-03-31": "", "2015-12-31": "", "2015-09-30": "", "2015-06-30": "", "2015-03-31": "", "2014-12-31": "", "2014-09-30": "", "2014-06-30": "", "2014-03-31": "", "2013-12-31": "", "2013-09-30": "", "2013-06-30": "", "2013-03-31": "", "2012-12-31": "", "2012-09-30": "", "2012-06-30": "", "2012-03-31": "", "2011-12-31": "", "2011-09-30": "", "2011-06-30": "", "2011-03-31": "", "2010-12-31": "", "2010-09-30": "", "2010-06-30": "", "2010-03-31": "", "2009-12-31": "7221.00000", "2009-09-30": "91.00000", "2009-06-30": "129.00000", "2009-03-31": "1.00000", "2008-12-31": "511.00000", "2008-09-30": "1990.00000", "2008-06-30": "42.00000", "2008-03-31": "14.00000", "2007-12-31": "606.00000", "2007-09-30": "105.00000", "2007-06-30": "118.00000", "2007-03-31": "47.00000", "2006-12-31": "", "2006-09-30": "", "2006-06-30": "", "2006-03-31": "", "2005-12-31": "150.00000", "2005-09-30": "", "2005-06-30": "13.00000", "2005-03-31": "-5.00000"}, "Net Income": {"2020-12-31": "-10027.00000", "2020-09-30": "1872.00000", "2020-06-30": "-85.00000", "2020-03-31": "-775.00000", "2019-12-31": "-1056.00000", "2019-09-30": "1353.00000", "2019-06-30": "1432.00000", "2019-03-31": "1710.00000", "2018-12-31": "1160.00000", "2018-09-30": "1901.00000", "2018-06-30": "373.00000", "2018-03-31": "1486.00000", "2017-12-31": "-2328.00000", "2017-09-30": "845.00000", "2017-06-30": "916.00000", "2017-03-31": "1574.00000", "2016-12-31": "894.00000", "2016-09-30": "1202.00000", "2016-06-30": "1166.00000", "2016-03-31": "1195.00000", "2015-12-31": "-197.00000", "2015-09-30": "706.00000", "2015-06-30": "-130.00000", "2015-03-31": "1186.00000", "2014-12-31": "13.00000", "2014-09-30": "721.00000", "2014-06-30": "333.00000", "2014-03-31": "937.00000", "2013-12-31": "726.00000", "2013-09-30": "692.00000", "2013-06-30": "536.00000", "2013-03-31": "609.00000", "2012-12-31": "924.00000", "2012-09-30": "-711.00000", "2012-06-30": "645.00000", "2012-03-31": "1101.00000", "2011-12-31": "850.00000", "2011-09-30": "967.00000", "2011-06-30": "900.00000", "2011-03-31": "984.00000", "2010-12-31": "471.00000", "2010-09-30": "949.00000", "2010-06-30": "927.00000", "2010-03-31": "743.00000", "2009-12-31": "8007.00000", "2009-09-30": "966.00000", "2009-06-30": "983.00000", "2009-03-31": "638.00000", "2008-12-31": "1244.00000", "2008-09-30": "2578.00000", "2008-06-30": "764.00000", "2008-03-31": "661.00000", "2007-12-31": "-89.00000", "2007-09-30": "858.00000", "2007-06-30": "706.00000", "2007-03-31": "690.00000", "2006-12-31": "-134.00000", "2006-09-30": "338.00000", "2006-06-30": "667.00000", "2006-03-31": "714.00000", "2005-12-31": "499.00000", "2005-09-30": "964.00000", "2005-06-30": "1004.00000", "2005-03-31": "533.00000"}, "EBITDA": {"2020-12-31": "", "2020-09-30": "4912.00000", "2020-06-30": "4185.00000", "2020-03-31": "2173.00000", "2019-12-31": "1107.00000", "2019-09-30": "1520.00000", "2019-06-30": "1945.00000", "2019-03-31": "2149.00000", "2018-12-31": "1677.00000", "2018-09-30": "2332.00000", "2018-06-30": "674.00000", "2018-03-31": "1922.00000", "2017-12-31": "895.00000", "2017-09-30": "1371.00000", "2017-06-30": "1506.00000", "2017-03-31": "2148.00000", "2016-12-31": "1208.00000", "2016-09-30": "1664.00000", "2016-06-30": "1705.00000", "2016-03-31": "1720.00000", "2015-12-31": "-334.00000", "2015-09-30": "1092.00000", "2015-06-30": "143.00000", "2015-03-31": "1552.00000", "2014-12-31": "43.00000", "2014-09-30": "1120.00000", "2014-06-30": "483.00000", "2014-03-31": "1202.00000", "2013-12-31": "1050.00000", "2013-09-30": "998.00000", "2013-06-30": "719.00000", "2013-03-31": "887.00000", "2012-12-31": "1004.00000", "2012-09-30": "766.00000", "2012-06-30": "1207.00000", "2012-03-31": "2166.00000", "2011-12-31": "1863.00000", "2011-09-30": "1853.00000", "2011-06-30": "1974.00000", "2011-03-31": "1919.00000", "2010-12-31": "1654.00000", "2010-09-30": "1749.00000", "2010-06-30": "1722.00000", "2010-03-31": "1553.00000", "2009-12-31": "1434.00000", "2009-09-30": "1658.00000", "2009-06-30": "1596.00000", "2009-03-31": "1339.00000", "2008-12-31": "488.00000", "2008-09-30": "1229.00000", "2008-06-30": "1306.00000", "2008-03-31": "1305.00000", "2007-12-31": "-38.00000", "2007-09-30": "1083.00000", "2007-06-30": "1061.00000", "2007-03-31": "979.00000", "2006-12-31": "-340.00000", "2006-09-30": "722.00000", "2006-06-30": "1211.00000", "2006-03-31": "1106.00000", "2005-12-31": "994.00000", "2005-09-30": "1159.00000", "2005-06-30": "1249.00000", "2005-03-31": "1229.00000"}, "EBIT": {"2020-12-31": "-10451.00000", "2020-09-30": "2257.00000", "2020-06-30": "1627.00000", "2020-03-31": "-304.00000", "2019-12-31": "-129.00000", "2019-09-30": "1349.00000", "2019-06-30": "1776.00000", "2019-03-31": "1979.00000", "2018-12-31": "1505.00000", "2018-09-30": "2167.00000", "2018-06-30": "517.00000", "2018-03-31": "1779.00000", "2017-12-31": "698.00000", "2017-09-30": "1183.00000", "2017-06-30": "1295.00000", "2017-03-31": "1955.00000", "2016-12-31": "1086.00000", "2016-09-30": "1559.00000", "2016-06-30": "1615.00000", "2016-03-31": "1655.00000", "2015-12-31": "-410.00000", "2015-09-30": "987.00000", "2015-06-30": "52.00000", "2015-03-31": "1448.00000", "2014-12-31": "-60.00000", "2014-09-30": "1008.00000", "2014-06-30": "448.00000", "2014-03-31": "985.00000", "2013-12-31": "869.00000", "2013-09-30": "818.00000", "2013-06-30": "530.00000", "2013-03-31": "674.00000", "2012-12-31": "513.00000", "2012-09-30": "571.00000", "2012-06-30": "1059.00000", "2012-03-31": "2027.00000", "2011-12-31": "1717.00000", "2011-09-30": "1767.00000", "2011-06-30": "1768.00000", "2011-03-31": "1729.00000", "2010-12-31": "1593.00000", "2010-09-30": "1581.00000", "2010-06-30": "1531.00000", "2010-03-31": "1366.00000", "2009-12-31": "1252.00000", "2009-09-30": "1477.00000", "2009-06-30": "1419.00000", "2009-03-31": "1172.00000", "2008-12-31": "308.00000", "2008-09-30": "1047.00000", "2008-06-30": "1103.00000", "2008-03-31": "1054.00000", "2007-12-31": "-292.00000", "2007-09-30": "870.00000", "2007-06-30": "852.00000", "2007-03-31": "763.00000", "2006-12-31": "-574.00000", "2006-09-30": "492.00000", "2006-06-30": "974.00000", "2006-03-31": "880.00000", "2005-12-31": "755.00000", "2005-09-30": "942.00000", "2005-06-30": "1019.00000", "2005-03-31": "986.00000"}, "Basic Shares Outstanding": {"2020-12-31": "2252.00000", "2020-09-30": "2257.00000", "2020-06-30": "2263.00000", "2020-03-31": "2258.00000", "2019-12-31": "1705.00000", "2019-09-30": "1632.00000", "2019-06-30": "1636.00000", "2019-03-31": "1634.00000", "2018-12-31": "1633.00000", "2018-09-30": "1632.00000", "2018-06-30": "1633.00000", "2018-03-31": "1633.00000", "2017-12-31": "1645.00000", "2017-09-30": "1639.00000", "2017-06-30": "1644.00000", "2017-03-31": "1662.00000", "2016-12-31": "1671.00000", "2016-09-30": "1671.00000", "2016-06-30": "1670.00000", "2016-03-31": "1669.00000", "2015-12-31": "1667.00000", "2015-09-30": "1668.00000", "2015-06-30": "1667.00000", "2015-03-31": "1663.00000", "2014-12-31": "1657.00000", "2014-09-30": "1658.00000", "2014-06-30": "1657.00000", "2014-03-31": "1652.00000", "2013-12-31": "1644.00000", "2013-09-30": "1646.00000", "2013-06-30": "1644.00000", "2013-03-31": "1638.00000", "2012-12-31": "1670.00000", "2012-09-30": "1666.00000", "2012-06-30": "1683.00000", "2012-03-31": "1687.00000", "2011-12-31": "1700.00000", "2011-09-30": "1698.00000", "2011-06-30": "1707.00000", "2011-03-31": "1702.00000", "2010-12-31": "1713.00000", "2010-09-30": "1712.00000", "2010-06-30": "1718.00000", "2010-03-31": "1715.00000", "2009-12-31": "1974.00000", "2009-09-30": "1980.00000", "2009-06-30": "1980.00000", "2009-03-31": "1978.00000", "2008-12-31": "1977.00000", "2008-09-30": "1977.00000", "2008-06-30": "1977.00000", "2008-03-31": "1975.00000", "2007-12-31": "1970.00000", "2007-09-30": "1974.00000", "2007-06-30": "1968.00000", "2007-03-31": "1962.00000", "2006-12-31": "1960.00000", "2006-09-30": "1961.00000", "2006-06-30": "1960.00000", "2006-03-31": "1957.00000", "2005-12-31": "1952.00000", "2005-09-30": "1953.00000", "2005-06-30": "1952.00000", "2005-03-31": "1949.00000"}, "Shares Outstanding": {"2020-12-31": "2252.00000", "2020-09-30": "2290.00000", "2020-06-30": "2263.00000", "2020-03-31": "2258.00000", "2019-12-31": "1712.00000", "2019-09-30": "1634.00000", "2019-06-30": "1637.00000", "2019-03-31": "1637.00000", "2018-12-31": "1637.00000", "2018-09-30": "1636.00000", "2018-06-30": "1636.00000", "2018-03-31": "1640.00000", "2017-12-31": "1652.00000", "2017-09-30": "1645.00000", "2017-06-30": "1650.00000", "2017-03-31": "1671.00000", "2016-12-31": "1680.00000", "2016-09-30": "1679.00000", "2016-06-30": "1679.00000", "2016-03-31": "1680.00000", "2015-12-31": "1679.00000", "2015-09-30": "1678.00000", "2015-06-30": "1667.00000", "2015-03-31": "1676.00000", "2014-12-31": "1670.00000", "2014-09-30": "1670.00000", "2014-06-30": "1669.00000", "2014-03-31": "1666.00000", "2013-12-31": "1662.00000", "2013-09-30": "1662.00000", "2013-06-30": "1660.00000", "2013-03-31": "1655.00000", "2012-12-31": "1688.00000", "2012-09-30": "1666.00000", "2012-06-30": "1701.00000", "2012-03-31": "1706.00000", "2011-12-31": "1717.00000", "2011-09-30": "1715.00000", "2011-06-30": "1722.00000", "2011-03-31": "1714.00000", "2010-12-31": "1727.00000", "2010-09-30": "1726.00000", "2010-06-30": "1728.00000", "2010-03-31": "1725.00000", "2009-12-31": "1978.00000", "2009-09-30": "1984.00000", "2009-06-30": "1983.00000", "2009-03-31": "1981.00000", "2008-12-31": "1999.00000", "2008-09-30": "2002.00000", "2008-06-30": "2006.00000", "2008-03-31": "2008.00000", "2007-12-31": "1977.00000", "2007-09-30": "2012.00000", "2007-06-30": "2006.00000", "2007-03-31": "1997.00000", "2006-12-31": "1963.00000", "2006-09-30": "1992.00000", "2006-06-30": "1994.00000", "2006-03-31": "1988.00000", "2005-12-31": "1983.00000", "2005-09-30": "1984.00000", "2005-06-30": "1984.00000", "2005-03-31": "1981.00000"}, "Basic EPS": {"2020-12-31": "-4.45000", "2020-09-30": "0.83000", "2020-06-30": "-0.04000", "2020-03-31": "-0.34000", "2019-12-31": "-0.74000", "2019-09-30": "0.83000", "2019-06-30": "0.88000", "2019-03-31": "1.05000", "2018-12-31": "0.71000", "2018-09-30": "1.16000", "2018-06-30": "0.23000", "2018-03-31": "0.91000", "2017-12-31": "-1.42000", "2017-09-30": "0.52000", "2017-06-30": "0.56000", "2017-03-31": "0.95000", "2016-12-31": "0.53000", "2016-09-30": "0.72000", "2016-06-30": "0.70000", "2016-03-31": "0.72000", "2015-12-31": "-0.11000", "2015-09-30": "0.42000", "2015-06-30": "-0.08000", "2015-03-31": "0.71000", "2014-12-31": "0.01000", "2014-09-30": "0.43000", "2014-06-30": "0.20000", "2014-03-31": "0.57000", "2013-12-31": "0.44000", "2013-09-30": "0.42000", "2013-06-30": "0.33000", "2013-03-31": "0.37000", "2012-12-31": "0.57000", "2012-09-30": "-0.43000", "2012-06-30": "0.38000", "2012-03-31": "0.65000", "2011-12-31": "0.50000", "2011-09-30": "0.57000", "2011-06-30": "0.53000", "2011-03-31": "0.58000", "2010-12-31": "0.28000", "2010-09-30": "0.55000", "2010-06-30": "0.54000", "2010-03-31": "0.43000", "2009-12-31": "4.05000", "2009-09-30": "0.49000", "2009-06-30": "0.49000", "2009-03-31": "0.32000", "2008-12-31": "0.63000", "2008-09-30": "1.30000", "2008-06-30": "0.38000", "2008-03-31": "0.33000", "2007-12-31": "-0.05000", "2007-09-30": "0.43000", "2007-06-30": "0.36000", "2007-03-31": "0.35000", "2006-12-31": "-0.06000", "2006-09-30": "0.17000", "2006-06-30": "0.34000", "2006-03-31": "0.36000", "2005-12-31": "0.26000", "2005-09-30": "0.49000", "2005-06-30": "0.51000", "2005-03-31": "0.27000"}, "EPS - Earnings Per Share": {"2020-12-31": "-4.45000", "2020-09-30": "0.82000", "2020-06-30": "-0.04000", "2020-03-31": "-0.34000", "2019-12-31": "-0.73000", "2019-09-30": "0.83000", "2019-06-30": "0.87000", "2019-03-31": "1.04000", "2018-12-31": "0.71000", "2018-09-30": "1.16000", "2018-06-30": "0.23000", "2018-03-31": "0.91000", "2017-12-31": "-1.40000", "2017-09-30": "0.51000", "2017-06-30": "0.56000", "2017-03-31": "0.94000", "2016-12-31": "0.53000", "2016-09-30": "0.72000", "2016-06-30": "0.69000", "2016-03-31": "0.71000", "2015-12-31": "-0.12000", "2015-09-30": "0.42000", "2015-06-30": "-0.08000", "2015-03-31": "0.71000", "2014-12-31": "0.01000", "2014-09-30": "0.43000", "2014-06-30": "0.20000", "2014-03-31": "0.56000", "2013-12-31": "0.43000", "2013-09-30": "0.42000", "2013-06-30": "0.32000", "2013-03-31": "0.37000", "2012-12-31": "0.57000", "2012-09-30": "-0.43000", "2012-06-30": "0.38000", "2012-03-31": "0.64000", "2011-12-31": "0.51000", "2011-09-30": "0.56000", "2011-06-30": "0.52000", "2011-03-31": "0.57000", "2010-12-31": "0.28000", "2010-09-30": "0.55000", "2010-06-30": "0.53000", "2010-03-31": "0.43000", "2009-12-31": "4.05000", "2009-09-30": "0.48000", "2009-06-30": "0.49000", "2009-03-31": "0.32000", "2008-12-31": "0.63000", "2008-09-30": "1.28000", "2008-06-30": "0.38000", "2008-03-31": "0.33000", "2007-12-31": "-0.05000", "2007-09-30": "0.43000", "2007-06-30": "0.36000", "2007-03-31": "0.35000", "2006-12-31": "-0.06000", "2006-09-30": "0.17000", "2006-06-30": "0.34000", "2006-03-31": "0.36000", "2005-12-31": "0.26000", "2005-09-30": "0.49000", "2005-06-30": "0.50000", "2005-03-31": "0.27000"}}, "balance sheet": {"Cash On Hand": {"2020-12-31": "", "2019-12-31": "15393.00000", "2018-12-31": "8759.00000", "2017-12-31": "6812.00000", "2016-12-31": "6350.00000", "2015-12-31": "4270.00000", "2014-12-31": "7435.00000", "2013-12-31": "4525.00000", "2012-12-31": "2829.00000", "2011-12-31": "8733.00000", "2010-12-31": "7301.00000", "2009-12-31": "8514.00000", "2008-12-31": "8265.00000", "2007-12-31": "2225.00000", "2006-12-31": "4013.00000", "2005-12-31": "5799.00000"}, "Receivables": {"2020-12-31": "", "2019-12-31": "7685.00000", "2018-12-31": "5747.00000", "2017-12-31": "6300.00000", "2016-12-31": "5543.00000", "2015-12-31": "4299.00000", "2014-12-31": "3390.00000", "2013-12-31": "3360.00000", "2012-12-31": "3083.00000", "2011-12-31": "3743.00000", "2010-12-31": "3480.00000", "2009-12-31": "3164.00000", "2008-12-31": "3644.00000", "2007-12-31": "3994.00000", "2006-12-31": "3247.00000", "2005-12-31": "3378.00000"}, "Inventory": {"2020-12-31": "", "2019-12-31": "4293.00000", "2018-12-31": "1195.00000", "2017-12-31": "1166.00000", "2016-12-31": "1241.00000", "2015-12-31": "1221.00000", "2014-12-31": "1560.00000", "2013-12-31": "1498.00000", "2012-12-31": "1657.00000", "2011-12-31": "1384.00000", "2010-12-31": "1204.00000", "2009-12-31": "1413.00000", "2008-12-31": "1765.00000", "2007-12-31": "2162.00000", "2006-12-31": "2079.00000", "2005-12-31": "2060.00000"}, "Pre-Paid Expenses": {"2020-12-31": "", "2019-12-31": "", "2018-12-31": "", "2017-12-31": "576.00000", "2016-12-31": "570.00000", "2015-12-31": "625.00000", "2014-12-31": "470.00000", "2013-12-31": "412.00000", "2012-12-31": "355.00000", "2011-12-31": "258.00000", "2010-12-31": "252.00000", "2009-12-31": "256.00000", "2008-12-31": "320.00000", "2007-12-31": "310.00000", "2006-12-31": "314.00000", "2005-12-31": "270.00000"}, "Other Current Assets": {"2020-12-31": "", "2019-12-31": "1983.00000", "2018-12-31": "2015.00000", "2017-12-31": "", "2016-12-31": "", "2015-12-31": "", "2014-12-31": "109.00000", "2013-12-31": "7420.00000", "2012-12-31": "", "2011-12-31": "", "2010-12-31": "", "2009-12-31": "", "2008-12-31": "", "2007-12-31": "560.00000", "2006-12-31": "", "2005-12-31": ""}, "Total Current Assets": {"2020-12-31": "", "2019-12-31": "29354.00000", "2018-12-31": "17716.00000", "2017-12-31": "14854.00000", "2016-12-31": "13704.00000", "2015-12-31": "10415.00000", "2014-12-31": "14608.00000", "2013-12-31": "18916.00000", "2012-12-31": "9521.00000", "2011-12-31": "15318.00000", "2010-12-31": "13273.00000", "2009-12-31": "13958.00000", "2008-12-31": "14697.00000", "2007-12-31": "10102.00000", "2006-12-31": "10302.00000", "2005-12-31": "12283.00000"}, "Property, Plant, And Equipment": {"2020-12-31": "", "2019-12-31": "6252.00000", "2018-12-31": "5027.00000", "2017-12-31": "5001.00000", "2016-12-31": "4980.00000", "2015-12-31": "4412.00000", "2014-12-31": "4417.00000", "2013-12-31": "4579.00000", "2012-12-31": "5333.00000", "2011-12-31": "4521.00000", "2010-12-31": "4664.00000", "2009-12-31": "5055.00000", "2008-12-31": "5405.00000", "2007-12-31": "5650.00000", "2006-12-31": "5673.00000", "2005-12-31": "5693.00000"}, "Long-Term Investments": {"2020-12-31": "", "2019-12-31": "767.00000", "2018-12-31": "1775.00000", "2017-12-31": "2480.00000", "2016-12-31": "2719.00000", "2015-12-31": "4660.00000", "2014-12-31": "4408.00000", "2013-12-31": "3747.00000", "2012-12-31": "3523.00000", "2011-12-31": "2909.00000", "2010-12-31": "2681.00000", "2009-12-31": "1369.00000", "2008-12-31": "188.00000", "2007-12-31": "", "2006-12-31": "", "2005-12-31": ""}, "Goodwill And Intangible Assets": {"2020-12-31": "", "2019-12-31": "86457.00000", "2018-12-31": "7629.00000", "2017-12-31": "8073.00000", "2016-12-31": "8260.00000", "2015-12-31": "8300.00000", "2014-12-31": "8780.00000", "2013-12-31": "9414.00000", "2012-12-31": "16413.00000", "2011-12-31": "8710.00000", "2010-12-31": "8603.00000", "2009-12-31": "8083.00000", "2008-12-31": "5978.00000", "2007-12-31": "6328.00000", "2006-12-31": "6681.00000", "2005-12-31": "6744.00000"}, "Other Long-Term Assets": {"2020-12-31": "", "2019-12-31": "6604.00000", "2018-12-31": "2024.00000", "2017-12-31": "1533.00000", "2016-12-31": "1048.00000", "2015-12-31": "1117.00000", "2014-12-31": "621.00000", "2013-12-31": "1428.00000", "2012-12-31": "904.00000", "2011-12-31": "824.00000", "2010-12-31": "1005.00000", "2009-12-31": "907.00000", "2008-12-31": "1081.00000", "2007-12-31": "1130.00000", "2006-12-31": "342.00000", "2005-12-31": "286.00000"}, "Total Long-Term Assets": {"2020-12-31": "", "2019-12-31": "100590.00000", "2018-12-31": "17270.00000", "2017-12-31": "18697.00000", "2016-12-31": "20003.00000", "2015-12-31": "21333.00000", "2014-12-31": "19141.00000", "2013-12-31": "19676.00000", "2012-12-31": "26376.00000", "2011-12-31": "17652.00000", "2010-12-31": "17803.00000", "2009-12-31": "17050.00000", "2008-12-31": "14789.00000", "2007-12-31": "15824.00000", "2006-12-31": "15273.00000", "2005-12-31": "15855.00000"}, "Total Assets": {"2020-12-31": "0.00000", "2019-12-31": "129944.00000", "2018-12-31": "34986.00000", "2017-12-31": "33551.00000", "2016-12-31": "33707.00000", "2015-12-31": "31748.00000", "2014-12-31": "33749.00000", "2013-12-31": "38592.00000", "2012-12-31": "35897.00000", "2011-12-31": "32970.00000", "2010-12-31": "31076.00000", "2009-12-31": "31008.00000", "2008-12-31": "29486.00000", "2007-12-31": "25926.00000", "2006-12-31": "25575.00000", "2005-12-31": "28138.00000"}, "Total Current Liabilities": {"2020-12-31": "", "2019-12-31": "18304.00000", "2018-12-31": "10654.00000", "2017-12-31": "9563.00000", "2016-12-31": "8841.00000", "2015-12-31": "8017.00000", "2014-12-31": "8461.00000", "2013-12-31": "12440.00000", "2012-12-31": "8279.00000", "2011-12-31": "7780.00000", "2010-12-31": "6739.00000", "2009-12-31": "6313.00000", "2008-12-31": "6710.00000", "2007-12-31": "8398.00000", "2006-12-31": "6496.00000", "2005-12-31": "6890.00000"}, "Long Term Debt": {"2020-12-31": "", "2019-12-31": "43387.00000", "2018-12-31": "5646.00000", "2017-12-31": "6975.00000", "2016-12-31": "5716.00000", "2015-12-31": "6550.00000", "2014-12-31": "7242.00000", "2013-12-31": "7981.00000", "2012-12-31": "6568.00000", "2011-12-31": "5376.00000", "2010-12-31": "5328.00000", "2009-12-31": "6130.00000", "2008-12-31": "6585.00000", "2007-12-31": "4381.00000", "2006-12-31": "7248.00000", "2005-12-31": "8364.00000"}, "Other Non-Current Liabilities": {"2020-12-31": "", "2019-12-31": "10101.00000", "2018-12-31": "4540.00000", "2017-12-31": "", "2016-12-31": "", "2015-12-31": "", "2014-12-31": "618.00000", "2013-12-31": "625.00000", "2012-12-31": "475.00000", "2011-12-31": "384.00000", "2010-12-31": "424.00000", "2009-12-31": "422.00000", "2008-12-31": "441.00000", "2007-12-31": "552.00000", "2006-12-31": "544.00000", "2005-12-31": "631.00000"}, "Total Long Term Liabilities": {"2020-12-31": "", "2019-12-31": "59942.00000", "2018-12-31": "10205.00000", "2017-12-31": "12141.00000", "2016-12-31": "8519.00000", "2015-12-31": "9307.00000", "2014-12-31": "10305.00000", "2013-12-31": "10916.00000", "2012-12-31": "13980.00000", "2011-12-31": "9323.00000", "2010-12-31": "8699.00000", "2009-12-31": "9910.00000", "2008-12-31": "10568.00000", "2007-12-31": "6966.00000", "2006-12-31": "9088.00000", "2005-12-31": "10040.00000"}, "Total Liabilities": {"2020-12-31": "", "2019-12-31": "78246.00000", "2018-12-31": "20859.00000", "2017-12-31": "21704.00000", "2016-12-31": "17360.00000", "2015-12-31": "17324.00000", "2014-12-31": "18766.00000", "2013-12-31": "23356.00000", "2012-12-31": "22259.00000", "2011-12-31": "17103.00000", "2010-12-31": "15438.00000", "2009-12-31": "16223.00000", "2008-12-31": "17278.00000", "2007-12-31": "15364.00000", "2006-12-31": "15584.00000", "2005-12-31": "16930.00000"}, "Common Stock Net": {"2020-12-31": "", "2019-12-31": "292.00000", "2018-12-31": "221.00000", "2017-12-31": "221.00000", "2016-12-31": "221.00000", "2015-12-31": "221.00000", "2014-12-31": "221.00000", "2013-12-31": "221.00000", "2012-12-31": "221.00000", "2011-12-31": "220.00000", "2010-12-31": "220.00000", "2009-12-31": "220.00000", "2008-12-31": "220.00000", "2007-12-31": "220.00000", "2006-12-31": "220.00000", "2005-12-31": "220.00000"}, "Retained Earnings (Accumulated Deficit)": {"2020-12-31": "", "2019-12-31": "34474.00000", "2018-12-31": "34065.00000", "2017-12-31": "31160.00000", "2016-12-31": "33513.00000", "2015-12-31": "31613.00000", "2014-12-31": "32541.00000", "2013-12-31": "32952.00000", "2012-12-31": "32733.00000", "2011-12-31": "33069.00000", "2010-12-31": "31636.00000", "2009-12-31": "30760.00000", "2008-12-31": "22549.00000", "2007-12-31": "19762.00000", "2006-12-31": "19845.00000", "2005-12-31": "20464.00000"}, "Comprehensive Income": {"2020-12-31": "", "2019-12-31": "-1520.00000", "2018-12-31": "-2762.00000", "2017-12-31": "-2289.00000", "2016-12-31": "-2503.00000", "2015-12-31": "-2468.00000", "2014-12-31": "-2425.00000", "2013-12-31": "-2141.00000", "2012-12-31": "-3202.00000", "2011-12-31": "-3045.00000", "2010-12-31": "-2371.00000", "2009-12-31": "-2541.00000", "2008-12-31": "-2719.00000", "2007-12-31": "-1461.00000", "2006-12-31": "-1645.00000", "2005-12-31": "-765.00000"}, "Other Share Holders Equity": {"2020-12-31": "", "2019-12-31": "", "2018-12-31": "", "2017-12-31": "", "2016-12-31": "", "2015-12-31": "", "2014-12-31": "", "2013-12-31": "", "2012-12-31": "", "2011-12-31": "", "2010-12-31": "", "2009-12-31": "", "2008-12-31": "", "2007-12-31": "-97.00000", "2006-12-31": "-128.00000", "2005-12-31": ""}, "Share Holder Equity": {"2020-12-31": "", "2019-12-31": "51698.00000", "2018-12-31": "14127.00000", "2017-12-31": "11847.00000", "2016-12-31": "16347.00000", "2015-12-31": "14424.00000", "2014-12-31": "14983.00000", "2013-12-31": "15236.00000", "2012-12-31": "13638.00000", "2011-12-31": "15867.00000", "2010-12-31": "15638.00000", "2009-12-31": "14785.00000", "2008-12-31": "12208.00000", "2007-12-31": "10562.00000", "2006-12-31": "9991.00000", "2005-12-31": "11208.00000"}, "Total Liabilities And Share Holders Equity": {"2020-12-31": "", "2019-12-31": "129944.00000", "2018-12-31": "34986.00000", "2017-12-31": "33551.00000", "2016-12-31": "33707.00000", "2015-12-31": "31748.00000", "2014-12-31": "33749.00000", "2013-12-31": "38592.00000", "2012-12-31": "35897.00000", "2011-12-31": "32970.00000", "2010-12-31": "31076.00000", "2009-12-31": "31008.00000", "2008-12-31": "29486.00000", "2007-12-31": "25926.00000", "2006-12-31": "25575.00000", "2005-12-31": "28138.00000"}}, "balance sheet, quarterly": {"Cash On Hand": {"2020-12-31": "", "2020-09-30": "21155.00000", "2020-06-30": "21658.00000", "2020-03-31": "18322.00000", "2019-12-31": "15393.00000", "2019-09-30": "32542.00000", "2019-06-30": "29357.00000", "2019-03-31": "8764.00000", "2018-12-31": "8759.00000", "2018-09-30": "6830.00000", "2018-06-30": "6075.00000", "2018-03-31": "6770.00000", "2017-12-31": "6812.00000", "2017-09-30": "7122.00000", "2017-06-30": "6505.00000", "2017-03-31": "6109.00000", "2016-12-31": "6350.00000", "2016-09-30": "5560.00000", "2016-06-30": "4651.00000", "2016-03-31": "4307.00000", "2015-12-31": "4270.00000", "2015-09-30": "5413.00000", "2015-06-30": "5476.00000", "2015-03-31": "7607.00000", "2014-12-31": "7435.00000", "2014-09-30": "7221.00000", "2014-06-30": "7175.00000", "2014-03-31": "7059.00000", "2013-12-31": "4525.00000", "2013-09-30": "2722.00000", "2013-06-30": "2799.00000", "2013-03-31": "2533.00000", "2012-12-31": "2829.00000", "2012-09-30": "2930.00000", "2012-06-30": "5037.00000", "2012-03-31": "5029.00000", "2011-12-31": "8733.00000", "2011-09-30": "8193.00000", "2011-06-30": "7670.00000", "2011-03-31": "6793.00000", "2010-12-31": "7301.00000", "2010-09-30": "8359.00000", "2010-06-30": "7454.00000", "2010-03-31": "6776.00000", "2009-12-31": "8514.00000", "2009-09-30": "6669.00000", "2009-06-30": "8120.00000", "2009-03-31": "8920.00000", "2008-12-31": "8265.00000", "2008-09-30": "7431.00000", "2008-06-30": "4402.00000", "2008-03-31": "2637.00000", "2007-12-31": "2225.00000", "2007-09-30": "3582.00000", "2007-06-30": "4646.00000", "2007-03-31": "4012.00000", "2006-12-31": "4013.00000", "2006-09-30": "5505.00000", "2006-06-30": "5357.00000", "2006-03-31": "5281.00000", "2005-12-31": "5799.00000", "2005-09-30": "3781.00000", "2005-06-30": "3040.00000", "2005-03-31": "5982.00000"}, "Receivables": {"2020-12-31": "", "2020-09-30": "8062.00000", "2020-06-30": "7855.00000", "2020-03-31": "8290.00000", "2019-12-31": "7685.00000", "2019-09-30": "5510.00000", "2019-06-30": "5667.00000", "2019-03-31": "5704.00000", "2018-12-31": "5747.00000", "2018-09-30": "5871.00000", "2018-06-30": "5559.00000", "2018-03-31": "5683.00000", "2017-12-31": "6300.00000", "2017-09-30": "5922.00000", "2017-06-30": "5782.00000", "2017-03-31": "5494.00000", "2016-12-31": "5543.00000", "2016-09-30": "5597.00000", "2016-06-30": "5622.00000", "2016-03-31": "4957.00000", "2015-12-31": "4299.00000", "2015-09-30": "3908.00000", "2015-06-30": "3672.00000", "2015-03-31": "3458.00000", "2014-12-31": "3390.00000", "2014-09-30": "3321.00000", "2014-06-30": "3315.00000", "2014-03-31": "3316.00000", "2013-12-31": "3360.00000", "2013-09-30": "3673.00000", "2013-06-30": "3406.00000", "2013-03-31": "3308.00000", "2012-12-31": "3083.00000", "2012-09-30": "2889.00000", "2012-06-30": "2825.00000", "2012-03-31": "3613.00000", "2011-12-31": "3743.00000", "2011-09-30": "3687.00000", "2011-06-30": "4059.00000", "2011-03-31": "3587.00000", "2010-12-31": "3480.00000", "2010-09-30": "3285.00000", "2010-06-30": "3172.00000", "2010-03-31": "3459.00000", "2009-12-31": "3164.00000", "2009-09-30": "3699.00000", "2009-06-30": "3619.00000", "2009-03-31": "3600.00000", "2008-12-31": "3644.00000", "2008-09-30": "4224.00000", "2008-06-30": "4469.00000", "2008-03-31": "4541.00000", "2007-12-31": "3994.00000", "2007-09-30": "3704.00000", "2007-06-30": "3632.00000", "2007-03-31": "3381.00000", "2006-12-31": "3247.00000", "2006-09-30": "2945.00000", "2006-06-30": "3326.00000", "2006-03-31": "3236.00000", "2005-12-31": "3378.00000", "2005-09-30": "3305.00000", "2005-06-30": "3315.00000", "2005-03-31": "3647.00000"}, "Inventory": {"2020-12-31": "", "2020-09-30": "1949.00000", "2020-06-30": "2384.00000", "2020-03-31": "2836.00000", "2019-12-31": "4293.00000", "2019-09-30": "1192.00000", "2019-06-30": "1308.00000", "2019-03-31": "1283.00000", "2018-12-31": "1195.00000", "2018-09-30": "1282.00000", "2018-06-30": "1242.00000", "2018-03-31": "1231.00000", "2017-12-31": "1166.00000", "2017-09-30": "1250.00000", "2017-06-30": "1217.00000", "2017-03-31": "1384.00000", "2016-12-31": "1241.00000", "2016-09-30": "1482.00000", "2016-06-30": "1437.00000", "2016-03-31": "1336.00000", "2015-12-31": "1221.00000", "2015-09-30": "1130.00000", "2015-06-30": "1304.00000", "2015-03-31": "1437.00000", "2014-12-31": "1560.00000", "2014-09-30": "1565.00000", "2014-06-30": "1666.00000", "2014-03-31": "1655.00000", "2013-12-31": "1498.00000", "2013-09-30": "1640.00000", "2013-06-30": "1785.00000", "2013-03-31": "1791.00000", "2012-12-31": "1657.00000", "2012-09-30": "1697.00000", "2012-06-30": "1521.00000", "2012-03-31": "1463.00000", "2011-12-31": "1384.00000", "2011-09-30": "1357.00000", "2011-06-30": "1492.00000", "2011-03-31": "1322.00000", "2010-12-31": "1204.00000", "2010-09-30": "1369.00000", "2010-06-30": "1265.00000", "2010-03-31": "1284.00000", "2009-12-31": "1413.00000", "2009-09-30": "1824.00000", "2009-06-30": "1780.00000", "2009-03-31": "1735.00000", "2008-12-31": "1765.00000", "2008-09-30": "2055.00000", "2008-06-30": "2156.00000", "2008-03-31": "2336.00000", "2007-12-31": "2162.00000", "2007-09-30": "2269.00000", "2007-06-30": "2224.00000", "2007-03-31": "2096.00000", "2006-12-31": "2079.00000", "2006-09-30": "2297.00000", "2006-06-30": "2205.00000", "2006-03-31": "2147.00000", "2005-12-31": "2060.00000", "2005-09-30": "2053.00000", "2005-06-30": "1993.00000", "2005-03-31": "1925.00000"}, "Pre-Paid Expenses": {"2020-12-31": "", "2020-09-30": "", "2020-06-30": "", "2020-03-31": "", "2019-12-31": "", "2019-09-30": "947.00000", "2019-06-30": "1384.00000", "2019-03-31": "1342.00000", "2018-12-31": "", "2018-09-30": "886.00000", "2018-06-30": "998.00000", "2018-03-31": "965.00000", "2017-12-31": "576.00000", "2017-09-30": "754.00000", "2017-06-30": "820.00000", "2017-03-31": "628.00000", "2016-12-31": "570.00000", "2016-09-30": "565.00000", "2016-06-30": "588.00000", "2016-03-31": "615.00000", "2015-12-31": "625.00000", "2015-09-30": "529.00000", "2015-06-30": "502.00000", "2015-03-31": "538.00000", "2014-12-31": "470.00000", "2014-09-30": "482.00000", "2014-06-30": "512.00000", "2014-03-31": "538.00000", "2013-12-31": "412.00000", "2013-09-30": "556.00000", "2013-06-30": "536.00000", "2013-03-31": "616.00000", "2012-12-31": "355.00000", "2012-09-30": "423.00000", "2012-06-30": "455.00000", "2012-03-31": "500.00000", "2011-12-31": "258.00000", "2011-09-30": "356.00000", "2011-06-30": "420.00000", "2011-03-31": "451.00000", "2010-12-31": "252.00000", "2010-09-30": "292.00000", "2010-06-30": "296.00000", "2010-03-31": "268.00000", "2009-12-31": "256.00000", "2009-09-30": "493.00000", "2009-06-30": "385.00000", "2009-03-31": "361.00000", "2008-12-31": "320.00000", "2008-09-30": "378.00000", "2008-06-30": "386.00000", "2008-03-31": "388.00000", "2007-12-31": "310.00000", "2007-09-30": "352.00000", "2007-06-30": "372.00000", "2007-03-31": "385.00000", "2006-12-31": "314.00000", "2006-09-30": "300.00000", "2006-06-30": "309.00000", "2006-03-31": "300.00000", "2005-12-31": "270.00000", "2005-09-30": "303.00000", "2005-06-30": "311.00000", "2005-03-31": "332.00000"}, "Other Current Assets": {"2020-12-31": "", "2020-09-30": "3111.00000", "2020-06-30": "2446.00000", "2020-03-31": "2405.00000", "2019-12-31": "1983.00000", "2019-09-30": "", "2019-06-30": "", "2019-03-31": "", "2018-12-31": "2015.00000", "2018-09-30": "", "2018-06-30": "", "2018-03-31": "", "2017-12-31": "", "2017-09-30": "", "2017-06-30": "", "2017-03-31": "", "2016-12-31": "", "2016-09-30": "", "2016-06-30": "", "2016-03-31": "", "2015-12-31": "", "2015-09-30": "215.00000", "2015-06-30": "210.00000", "2015-03-31": "", "2014-12-31": "109.00000", "2014-09-30": "78.00000", "2014-06-30": "38.00000", "2014-03-31": "56.00000", "2013-12-31": "7420.00000", "2013-09-30": "", "2013-06-30": "", "2013-03-31": "", "2012-12-31": "", "2012-09-30": "", "2012-06-30": "", "2012-03-31": "", "2011-12-31": "", "2011-09-30": "", "2011-06-30": "", "2011-03-31": "", "2010-12-31": "", "2010-09-30": "", "2010-06-30": "", "2010-03-31": "", "2009-12-31": "", "2009-09-30": "", "2009-06-30": "", "2009-03-31": "", "2008-12-31": "", "2008-09-30": "", "2008-06-30": "808.00000", "2008-03-31": "", "2007-12-31": "560.00000", "2007-09-30": "", "2007-06-30": "", "2007-03-31": "", "2006-12-31": "", "2006-09-30": "", "2006-06-30": "", "2006-03-31": "", "2005-12-31": "", "2005-09-30": "", "2005-06-30": "", "2005-03-31": ""}, "Total Current Assets": {"2020-12-31": "", "2020-09-30": "34277.00000", "2020-06-30": "34343.00000", "2020-03-31": "31853.00000", "2019-12-31": "29354.00000", "2019-09-30": "40191.00000", "2019-06-30": "37716.00000", "2019-03-31": "17093.00000", "2018-12-31": "17716.00000", "2018-09-30": "14869.00000", "2018-06-30": "13874.00000", "2018-03-31": "14649.00000", "2017-12-31": "14854.00000", "2017-09-30": "15048.00000", "2017-06-30": "14324.00000", "2017-03-31": "13615.00000", "2016-12-31": "13704.00000", "2016-09-30": "13204.00000", "2016-06-30": "12298.00000", "2016-03-31": "11215.00000", "2015-12-31": "10415.00000", "2015-09-30": "12926.00000", "2015-06-30": "13056.00000", "2015-03-31": "14925.00000", "2014-12-31": "14608.00000", "2014-09-30": "14177.00000", "2014-06-30": "14062.00000", "2014-03-31": "14014.00000", "2013-12-31": "18916.00000", "2013-09-30": "10627.00000", "2013-06-30": "10486.00000", "2013-03-31": "10076.00000", "2012-12-31": "9521.00000", "2012-09-30": "9278.00000", "2012-06-30": "11013.00000", "2012-03-31": "11765.00000", "2011-12-31": "15318.00000", "2011-09-30": "14869.00000", "2011-06-30": "14775.00000", "2011-03-31": "13296.00000", "2010-12-31": "13273.00000", "2010-09-30": "14376.00000", "2010-06-30": "12983.00000", "2010-03-31": "12532.00000", "2009-12-31": "13958.00000", "2009-09-30": "13387.00000", "2009-06-30": "14570.00000", "2009-03-31": "15375.00000", "2008-12-31": "14697.00000", "2008-09-30": "14779.00000", "2008-06-30": "12836.00000", "2008-03-31": "10580.00000", "2007-12-31": "10102.00000", "2007-09-30": "10594.00000", "2007-06-30": "11544.00000", "2007-03-31": "10558.00000", "2006-12-31": "10302.00000", "2006-09-30": "11648.00000", "2006-06-30": "11804.00000", "2006-03-31": "11584.00000", "2005-12-31": "12283.00000", "2005-09-30": "10145.00000", "2005-06-30": "9352.00000", "2005-03-31": "12656.00000"}, "Property, Plant, And Equipment": {"2020-12-31": "", "2020-09-30": "5740.00000", "2020-06-30": "5777.00000", "2020-03-31": "6112.00000", "2019-12-31": "6252.00000", "2019-09-30": "4830.00000", "2019-06-30": "4849.00000", "2019-03-31": "4985.00000", "2018-12-31": "5027.00000", "2018-09-30": "5092.00000", "2018-06-30": "5080.00000", "2018-03-31": "5060.00000", "2017-12-31": "5001.00000", "2017-09-30": "5014.00000", "2017-06-30": "4944.00000", "2017-03-31": "5020.00000", "2016-12-31": "4980.00000", "2016-09-30": "4790.00000", "2016-06-30": "4597.00000", "2016-03-31": "4455.00000", "2015-12-31": "4412.00000", "2015-09-30": "4249.00000", "2015-06-30": "4363.00000", "2015-03-31": "4323.00000", "2014-12-31": "4417.00000", "2014-09-30": "4387.00000", "2014-06-30": "4438.00000", "2014-03-31": "4485.00000", "2013-12-31": "4579.00000", "2013-09-30": "5236.00000", "2013-06-30": "5228.00000", "2013-03-31": "5259.00000", "2012-12-31": "5333.00000", "2012-09-30": "5297.00000", "2012-06-30": "4478.00000", "2012-03-31": "4512.00000", "2011-12-31": "4521.00000", "2011-09-30": "4492.00000", "2011-06-30": "4554.00000", "2011-03-31": "4604.00000", "2010-12-31": "4664.00000", "2010-09-30": "4723.00000", "2010-06-30": "4745.00000", "2010-03-31": "4822.00000", "2009-12-31": "5055.00000", "2009-09-30": "5561.00000", "2009-06-30": "5468.00000", "2009-03-31": "5386.00000", "2008-12-31": "5405.00000", "2008-09-30": "5360.00000", "2008-06-30": "5403.00000", "2008-03-31": "5567.00000", "2007-12-31": "5650.00000", "2007-09-30": "5853.00000", "2007-06-30": "5768.00000", "2007-03-31": "5709.00000", "2006-12-31": "5673.00000", "2006-09-30": "5715.00000", "2006-06-30": "5701.00000", "2006-03-31": "5669.00000", "2005-12-31": "5693.00000", "2005-09-30": "5649.00000", "2005-06-30": "5642.00000", "2005-03-31": "5673.00000"}, "Long-Term Investments": {"2020-12-31": "", "2020-09-30": "495.00000", "2020-06-30": "523.00000", "2020-03-31": "651.00000", "2019-12-31": "767.00000", "2019-09-30": "925.00000", "2019-06-30": "994.00000", "2019-03-31": "1233.00000", "2018-12-31": "1775.00000", "2018-09-30": "2017.00000", "2018-06-30": "2117.00000", "2018-03-31": "2252.00000", "2017-12-31": "2480.00000", "2017-09-30": "2526.00000", "2017-06-30": "2580.00000", "2017-03-31": "2685.00000", "2016-12-31": "2719.00000", "2016-09-30": "3035.00000", "2016-06-30": "3281.00000", "2016-03-31": "3689.00000", "2015-12-31": "4660.00000", "2015-09-30": "4627.00000", "2015-06-30": "4632.00000", "2015-03-31": "4279.00000", "2014-12-31": "4408.00000", "2014-09-30": "4328.00000", "2014-06-30": "3876.00000", "2014-03-31": "3558.00000", "2013-12-31": "3747.00000", "2013-09-30": "3623.00000", "2013-06-30": "3223.00000", "2013-03-31": "3242.00000", "2012-12-31": "3523.00000", "2012-09-30": "3698.00000", "2012-06-30": "3732.00000", "2012-03-31": "3585.00000", "2011-12-31": "2909.00000", "2011-09-30": "2819.00000", "2011-06-30": "2734.00000", "2011-03-31": "3065.00000", "2010-12-31": "2681.00000", "2010-09-30": "2562.00000", "2010-06-30": "2795.00000", "2010-03-31": "2997.00000", "2009-12-31": "1369.00000", "2009-09-30": "1202.00000", "2009-06-30": "983.00000", "2009-03-31": "", "2008-12-31": "188.00000", "2008-09-30": "", "2008-06-30": "", "2008-03-31": "", "2007-12-31": "", "2007-09-30": "", "2007-06-30": "", "2007-03-31": "", "2006-12-31": "", "2006-09-30": "", "2006-06-30": "", "2006-03-31": "", "2005-12-31": "", "2005-09-30": "", "2005-06-30": "", "2005-03-31": ""}, "Goodwill And Intangible Assets": {"2020-12-31": "", "2020-09-30": "77215.00000", "2020-06-30": "79749.00000", "2020-03-31": "84118.00000", "2019-12-31": "86457.00000", "2019-09-30": "7515.00000", "2019-06-30": "7528.00000", "2019-03-31": "7562.00000", "2018-12-31": "7629.00000", "2018-09-30": "7793.00000", "2018-06-30": "7773.00000", "2018-03-31": "7979.00000", "2017-12-31": "8073.00000", "2017-09-30": "8078.00000", "2017-06-30": "8106.00000", "2017-03-31": "8151.00000", "2016-12-31": "8260.00000", "2016-09-30": "8252.00000", "2016-06-30": "8254.00000", "2016-03-31": "8255.00000", "2015-12-31": "8300.00000", "2015-09-30": "8496.00000", "2015-06-30": "8539.00000", "2015-03-31": "8733.00000", "2014-12-31": "8780.00000", "2014-09-30": "8764.00000", "2014-06-30": "8889.00000", "2014-03-31": "9254.00000", "2013-12-31": "9414.00000", "2013-09-30": "15822.00000", "2013-06-30": "16016.00000", "2013-03-31": "16216.00000", "2012-12-31": "16413.00000", "2012-09-30": "16715.00000", "2012-06-30": "11368.00000", "2012-03-31": "11615.00000", "2011-12-31": "8710.00000", "2011-09-30": "8760.00000", "2011-06-30": "8455.00000", "2011-03-31": "8532.00000", "2010-12-31": "8603.00000", "2010-09-30": "7938.00000", "2010-06-30": "7981.00000", "2010-03-31": "8031.00000", "2009-12-31": "8083.00000", "2009-09-30": "8201.00000", "2009-06-30": "5897.00000", "2009-03-31": "5934.00000", "2008-12-31": "5978.00000", "2008-09-30": "6053.00000", "2008-06-30": "6122.00000", "2008-03-31": "6283.00000", "2007-12-31": "6328.00000", "2007-09-30": "6463.00000", "2007-06-30": "6538.00000", "2007-03-31": "6606.00000", "2006-12-31": "6681.00000", "2006-09-30": "6761.00000", "2006-06-30": "6858.00000", "2006-03-31": "6883.00000", "2005-12-31": "6744.00000", "2005-09-30": "6812.00000", "2005-06-30": "6908.00000", "2005-03-31": "7075.00000"}, "Other Long-Term Assets": {"2020-12-31": "", "2020-09-30": "6896.00000", "2020-06-30": "6596.00000", "2020-03-31": "5946.00000", "2019-12-31": "6604.00000", "2019-09-30": "2348.00000", "2019-06-30": "2634.00000", "2019-03-31": "2581.00000", "2018-12-31": "2024.00000", "2018-09-30": "2336.00000", "2018-06-30": "2280.00000", "2018-03-31": "1776.00000", "2017-12-31": "1533.00000", "2017-09-30": "965.00000", "2017-06-30": "883.00000", "2017-03-31": "848.00000", "2016-12-31": "1048.00000", "2016-09-30": "918.00000", "2016-06-30": "1012.00000", "2016-03-31": "1048.00000", "2015-12-31": "1117.00000", "2015-09-30": "762.00000", "2015-06-30": "787.00000", "2015-03-31": "634.00000", "2014-12-31": "621.00000", "2014-09-30": "779.00000", "2014-06-30": "1363.00000", "2014-03-31": "1324.00000", "2013-12-31": "1428.00000", "2013-09-30": "1301.00000", "2013-06-30": "1104.00000", "2013-03-31": "975.00000", "2012-12-31": "904.00000", "2012-09-30": "877.00000", "2012-06-30": "875.00000", "2012-03-31": "823.00000", "2011-12-31": "824.00000", "2011-09-30": "741.00000", "2011-06-30": "794.00000", "2011-03-31": "767.00000", "2010-12-31": "1005.00000", "2010-09-30": "1207.00000", "2010-06-30": "1216.00000", "2010-03-31": "976.00000", "2009-12-31": "907.00000", "2009-09-30": "1163.00000", "2009-06-30": "1089.00000", "2009-03-31": "1054.00000", "2008-12-31": "1081.00000", "2008-09-30": "1165.00000", "2008-06-30": "1158.00000", "2008-03-31": "1321.00000", "2007-12-31": "1130.00000", "2007-09-30": "346.00000", "2007-06-30": "379.00000", "2007-03-31": "383.00000", "2006-12-31": "342.00000", "2006-09-30": "244.00000", "2006-06-30": "214.00000", "2006-03-31": "222.00000", "2005-12-31": "286.00000", "2005-09-30": "272.00000", "2005-06-30": "1562.00000", "2005-03-31": "1470.00000"}, "Total Long-Term Assets": {"2020-12-31": "", "2020-09-30": "91259.00000", "2020-06-30": "93733.00000", "2020-03-31": "97432.00000", "2019-12-31": "100590.00000", "2019-09-30": "17242.00000", "2019-06-30": "17447.00000", "2019-03-31": "17741.00000", "2018-12-31": "17270.00000", "2018-09-30": "18865.00000", "2018-06-30": "18767.00000", "2018-03-31": "18434.00000", "2017-12-31": "18697.00000", "2017-09-30": "18929.00000", "2017-06-30": "19085.00000", "2017-03-31": "19322.00000", "2016-12-31": "20003.00000", "2016-09-30": "20523.00000", "2016-06-30": "20533.00000", "2016-03-31": "20677.00000", "2015-12-31": "21333.00000", "2015-09-30": "18853.00000", "2015-06-30": "18898.00000", "2015-03-31": "18654.00000", "2014-12-31": "19141.00000", "2014-09-30": "19273.00000", "2014-06-30": "19441.00000", "2014-03-31": "19410.00000", "2013-12-31": "19676.00000", "2013-09-30": "26177.00000", "2013-06-30": "25766.00000", "2013-03-31": "25882.00000", "2012-12-31": "26376.00000", "2012-09-30": "26766.00000", "2012-06-30": "20654.00000", "2012-03-31": "20643.00000", "2011-12-31": "17652.00000", "2011-09-30": "17145.00000", "2011-06-30": "17058.00000", "2011-03-31": "17555.00000", "2010-12-31": "17803.00000", "2010-09-30": "17509.00000", "2010-06-30": "18068.00000", "2010-03-31": "18221.00000", "2009-12-31": "17050.00000", "2009-09-30": "17564.00000", "2009-06-30": "15239.00000", "2009-03-31": "14318.00000", "2008-12-31": "14789.00000", "2008-09-30": "13697.00000", "2008-06-30": "15228.00000", "2008-03-31": "15745.00000", "2007-12-31": "15824.00000", "2007-09-30": "15504.00000", "2007-06-30": "15631.00000", "2007-03-31": "15533.00000", "2006-12-31": "15273.00000", "2006-09-30": "15567.00000", "2006-06-30": "15598.00000", "2006-03-31": "15877.00000", "2005-12-31": "15855.00000", "2005-09-30": "15464.00000", "2005-06-30": "15881.00000", "2005-03-31": "15751.00000"}, "Total Assets": {"2020-12-31": "0.00000", "2020-09-30": "125536.00000", "2020-06-30": "128076.00000", "2020-03-31": "129285.00000", "2019-12-31": "129944.00000", "2019-09-30": "57433.00000", "2019-06-30": "55163.00000", "2019-03-31": "34834.00000", "2018-12-31": "34986.00000", "2018-09-30": "33734.00000", "2018-06-30": "32641.00000", "2018-03-31": "33083.00000", "2017-12-31": "33551.00000", "2017-09-30": "33977.00000", "2017-06-30": "33409.00000", "2017-03-31": "32937.00000", "2016-12-31": "33707.00000", "2016-09-30": "33727.00000", "2016-06-30": "32831.00000", "2016-03-31": "31892.00000", "2015-12-31": "31748.00000", "2015-09-30": "31779.00000", "2015-06-30": "31954.00000", "2015-03-31": "33579.00000", "2014-12-31": "33749.00000", "2014-09-30": "33450.00000", "2014-06-30": "33503.00000", "2014-03-31": "33424.00000", "2013-12-31": "38592.00000", "2013-09-30": "36804.00000", "2013-06-30": "36252.00000", "2013-03-31": "35958.00000", "2012-12-31": "35897.00000", "2012-09-30": "36044.00000", "2012-06-30": "31667.00000", "2012-03-31": "32408.00000", "2011-12-31": "32970.00000", "2011-09-30": "32014.00000", "2011-06-30": "31833.00000", "2011-03-31": "30851.00000", "2010-12-31": "31076.00000", "2010-09-30": "31885.00000", "2010-06-30": "31051.00000", "2010-03-31": "30753.00000", "2009-12-31": "31008.00000", "2009-09-30": "30951.00000", "2009-06-30": "29809.00000", "2009-03-31": "29693.00000", "2008-12-31": "29486.00000", "2008-09-30": "28476.00000", "2008-06-30": "28064.00000", "2008-03-31": "26325.00000", "2007-12-31": "25926.00000", "2007-09-30": "26098.00000", "2007-06-30": "27175.00000", "2007-03-31": "26091.00000", "2006-12-31": "25575.00000", "2006-09-30": "27215.00000", "2006-06-30": "27402.00000", "2006-03-31": "27461.00000", "2005-12-31": "28138.00000", "2005-09-30": "25609.00000", "2005-06-30": "25233.00000", "2005-03-31": "28407.00000"}, "Total Current Liabilities": {"2020-12-31": "", "2020-09-30": "20464.00000", "2020-06-30": "23421.00000", "2020-03-31": "19232.00000", "2019-12-31": "18304.00000", "2019-09-30": "10489.00000", "2019-06-30": "9711.00000", "2019-03-31": "8841.00000", "2018-12-31": "10654.00000", "2018-09-30": "9694.00000", "2018-06-30": "9878.00000", "2018-03-31": "9624.00000", "2017-12-31": "9563.00000", "2017-09-30": "9438.00000", "2017-06-30": "9017.00000", "2017-03-31": "8494.00000", "2016-12-31": "8841.00000", "2016-09-30": "8996.00000", "2016-06-30": "7885.00000", "2016-03-31": "7597.00000", "2015-12-31": "8017.00000", "2015-09-30": "7158.00000", "2015-06-30": "7435.00000", "2015-03-31": "7689.00000", "2014-12-31": "8461.00000", "2014-09-30": "8103.00000", "2014-06-30": "7798.00000", "2014-03-31": "7521.00000", "2013-12-31": "12440.00000", "2013-09-30": "8279.00000", "2013-06-30": "8354.00000", "2013-03-31": "8414.00000", "2012-12-31": "8279.00000", "2012-09-30": "8195.00000", "2012-06-30": "6991.00000", "2012-03-31": "7211.00000", "2011-12-31": "7780.00000", "2011-09-30": "7313.00000", "2011-06-30": "7410.00000", "2011-03-31": "6755.00000", "2010-12-31": "6739.00000", "2010-09-30": "6284.00000", "2010-06-30": "5908.00000", "2010-03-31": "6017.00000", "2009-12-31": "6313.00000", "2009-09-30": "7392.00000", "2009-06-30": "6744.00000", "2009-03-31": "6633.00000", "2008-12-31": "6710.00000", "2008-09-30": "6951.00000", "2008-06-30": "8640.00000", "2008-03-31": "8443.00000", "2007-12-31": "8398.00000", "2007-09-30": "8051.00000", "2007-06-30": "6689.00000", "2007-03-31": "6307.00000", "2006-12-31": "6496.00000", "2006-09-30": "6165.00000", "2006-06-30": "5829.00000", "2006-03-31": "6000.00000", "2005-12-31": "6890.00000", "2005-09-30": "6622.00000", "2005-06-30": "6627.00000", "2005-03-31": "7849.00000"}, "Long Term Debt": {"2020-12-31": "", "2020-09-30": "41364.00000", "2020-06-30": "41853.00000", "2020-03-31": "42844.00000", "2019-12-31": "43387.00000", "2019-09-30": "24390.00000", "2019-06-30": "24433.00000", "2019-03-31": "5635.00000", "2018-12-31": "5646.00000", "2018-09-30": "5687.00000", "2018-06-30": "5671.00000", "2018-03-31": "5775.00000", "2017-12-31": "6975.00000", "2017-09-30": "6982.00000", "2017-06-30": "6911.00000", "2017-03-31": "7237.00000", "2016-12-31": "5716.00000", "2016-09-30": "5836.00000", "2016-06-30": "6581.00000", "2016-03-31": "6593.00000", "2015-12-31": "6550.00000", "2015-09-30": "6632.00000", "2015-06-30": "6615.00000", "2015-03-31": "7127.00000", "2014-12-31": "7242.00000", "2014-09-30": "7267.00000", "2014-06-30": "7372.00000", "2014-03-31": "7367.00000", "2013-12-31": "7981.00000", "2013-09-30": "6532.00000", "2013-06-30": "6442.00000", "2013-03-31": "6522.00000", "2012-12-31": "6568.00000", "2012-09-30": "6608.00000", "2012-06-30": "5209.00000", "2012-03-31": "5270.00000", "2011-12-31": "5376.00000", "2011-09-30": "5437.00000", "2011-06-30": "5332.00000", "2011-03-31": "5276.00000", "2010-12-31": "5328.00000", "2010-09-30": "6479.00000", "2010-06-30": "6248.00000", "2010-03-31": "6081.00000", "2009-12-31": "6130.00000", "2009-09-30": "6307.00000", "2009-06-30": "6235.00000", "2009-03-31": "6492.00000", "2008-12-31": "6585.00000", "2008-09-30": "6120.00000", "2008-06-30": "6021.00000", "2008-03-31": "4660.00000", "2007-12-31": "4381.00000", "2007-09-30": "4248.00000", "2007-06-30": "6978.00000", "2007-03-31": "7132.00000", "2006-12-31": "7248.00000", "2006-09-30": "7837.00000", "2006-06-30": "8239.00000", "2006-03-31": "8278.00000", "2005-12-31": "8364.00000", "2005-09-30": "5895.00000", "2005-06-30": "6008.00000", "2005-03-31": "8326.00000"}, "Other Non-Current Liabilities": {"2020-12-31": "", "2020-09-30": "7565.00000", "2020-06-30": "7485.00000", "2020-03-31": "10701.00000", "2019-12-31": "10101.00000", "2019-09-30": "1881.00000", "2019-06-30": "1897.00000", "2019-03-31": "", "2018-12-31": "4540.00000", "2018-09-30": "", "2018-06-30": "", "2018-03-31": "", "2017-12-31": "", "2017-09-30": "", "2017-06-30": "", "2017-03-31": "", "2016-12-31": "", "2016-09-30": "", "2016-06-30": "", "2016-03-31": "", "2015-12-31": "", "2015-09-30": "468.00000", "2015-06-30": "475.00000", "2015-03-31": "583.00000", "2014-12-31": "618.00000", "2014-09-30": "618.00000", "2014-06-30": "624.00000", "2014-03-31": "616.00000", "2013-12-31": "625.00000", "2013-09-30": "665.00000", "2013-06-30": "649.00000", "2013-03-31": "459.00000", "2012-12-31": "475.00000", "2012-09-30": "464.00000", "2012-06-30": "703.00000", "2012-03-31": "656.00000", "2011-12-31": "384.00000", "2011-09-30": "467.00000", "2011-06-30": "443.00000", "2011-03-31": "438.00000", "2010-12-31": "424.00000", "2010-09-30": "409.00000", "2010-06-30": "409.00000", "2010-03-31": "416.00000", "2009-12-31": "422.00000", "2009-09-30": "408.00000", "2009-06-30": "430.00000", "2009-03-31": "439.00000", "2008-12-31": "441.00000", "2008-09-30": "508.00000", "2008-06-30": "526.00000", "2008-03-31": "537.00000", "2007-12-31": "552.00000", "2007-09-30": "521.00000", "2007-06-30": "573.00000", "2007-03-31": "540.00000", "2006-12-31": "544.00000", "2006-09-30": "591.00000", "2006-06-30": "584.00000", "2006-03-31": "574.00000", "2005-12-31": "631.00000", "2005-09-30": "1824.00000", "2005-06-30": "1797.00000", "2005-03-31": "1851.00000"}, "Total Long Term Liabilities": {"2020-12-31": "", "2020-09-30": "54842.00000", "2020-06-30": "55495.00000", "2020-03-31": "60076.00000", "2019-12-31": "59942.00000", "2019-09-30": "29190.00000", "2019-06-30": "29301.00000", "2019-03-31": "10676.00000", "2018-12-31": "10205.00000", "2018-09-30": "10290.00000", "2018-06-30": "10345.00000", "2018-03-31": "10553.00000", "2017-12-31": "12141.00000", "2017-09-30": "9625.00000", "2017-06-30": "9571.00000", "2017-03-31": "9908.00000", "2016-12-31": "8519.00000", "2016-09-30": "8950.00000", "2016-06-30": "9868.00000", "2016-03-31": "9744.00000", "2015-12-31": "9307.00000", "2015-09-30": "9348.00000", "2015-06-30": "9228.00000", "2015-03-31": "10201.00000", "2014-12-31": "10305.00000", "2014-09-30": "10146.00000", "2014-06-30": "10326.00000", "2014-03-31": "10372.00000", "2013-12-31": "10916.00000", "2013-09-30": "13811.00000", "2013-06-30": "13525.00000", "2013-03-31": "13845.00000", "2012-12-31": "13980.00000", "2012-09-30": "13949.00000", "2012-06-30": "8864.00000", "2012-03-31": "8951.00000", "2011-12-31": "9323.00000", "2011-09-30": "8265.00000", "2011-06-30": "8278.00000", "2011-03-31": "8195.00000", "2010-12-31": "8699.00000", "2010-09-30": "9744.00000", "2010-06-30": "9569.00000", "2010-03-31": "9503.00000", "2009-12-31": "9910.00000", "2009-09-30": "9188.00000", "2009-06-30": "9129.00000", "2009-03-31": "9931.00000", "2008-12-31": "10568.00000", "2008-09-30": "8587.00000", "2008-06-30": "8646.00000", "2008-03-31": "7321.00000", "2007-12-31": "6966.00000", "2007-09-30": "6894.00000", "2007-06-30": "9724.00000", "2007-03-31": "9523.00000", "2006-12-31": "9088.00000", "2006-09-30": "9461.00000", "2006-06-30": "9861.00000", "2006-03-31": "9905.00000", "2005-12-31": "10040.00000", "2005-09-30": "7719.00000", "2005-06-30": "7805.00000", "2005-03-31": "10177.00000"}, "Total Liabilities": {"2020-12-31": "", "2020-09-30": "75306.00000", "2020-06-30": "78916.00000", "2020-03-31": "79308.00000", "2019-12-31": "78246.00000", "2019-09-30": "39679.00000", "2019-06-30": "39012.00000", "2019-03-31": "19517.00000", "2018-12-31": "20859.00000", "2018-09-30": "19984.00000", "2018-06-30": "20223.00000", "2018-03-31": "20177.00000", "2017-12-31": "21704.00000", "2017-09-30": "19063.00000", "2017-06-30": "18588.00000", "2017-03-31": "18402.00000", "2016-12-31": "17360.00000", "2016-09-30": "17946.00000", "2016-06-30": "17753.00000", "2016-03-31": "17341.00000", "2015-12-31": "17324.00000", "2015-09-30": "16506.00000", "2015-06-30": "16663.00000", "2015-03-31": "17890.00000", "2014-12-31": "18766.00000", "2014-09-30": "18249.00000", "2014-06-30": "18124.00000", "2014-03-31": "17893.00000", "2013-12-31": "23356.00000", "2013-09-30": "22090.00000", "2013-06-30": "21879.00000", "2013-03-31": "22259.00000", "2012-12-31": "22259.00000", "2012-09-30": "22144.00000", "2012-06-30": "15855.00000", "2012-03-31": "16162.00000", "2011-12-31": "17103.00000", "2011-09-30": "15578.00000", "2011-06-30": "15688.00000", "2011-03-31": "14950.00000", "2010-12-31": "15438.00000", "2010-09-30": "16028.00000", "2010-06-30": "15477.00000", "2010-03-31": "15520.00000", "2009-12-31": "16223.00000", "2009-09-30": "16580.00000", "2009-06-30": "15873.00000", "2009-03-31": "16564.00000", "2008-12-31": "17278.00000", "2008-09-30": "15538.00000", "2008-06-30": "17286.00000", "2008-03-31": "15764.00000", "2007-12-31": "15364.00000", "2007-09-30": "14945.00000", "2007-06-30": "16413.00000", "2007-03-31": "15830.00000", "2006-12-31": "15584.00000", "2006-09-30": "15626.00000", "2006-06-30": "15690.00000", "2006-03-31": "15905.00000", "2005-12-31": "16930.00000", "2005-09-30": "14341.00000", "2005-06-30": "14432.00000", "2005-03-31": "18026.00000"}, "Common Stock Net": {"2020-12-31": "", "2020-09-30": "292.00000", "2020-06-30": "292.00000", "2020-03-31": "292.00000", "2019-12-31": "292.00000", "2019-09-30": "221.00000", "2019-06-30": "221.00000", "2019-03-31": "221.00000", "2018-12-31": "221.00000", "2018-09-30": "221.00000", "2018-06-30": "221.00000", "2018-03-31": "221.00000", "2017-12-31": "221.00000", "2017-09-30": "221.00000", "2017-06-30": "221.00000", "2017-03-31": "221.00000", "2016-12-31": "221.00000", "2016-09-30": "221.00000", "2016-06-30": "221.00000", "2016-03-31": "221.00000", "2015-12-31": "221.00000", "2015-09-30": "221.00000", "2015-06-30": "221.00000", "2015-03-31": "221.00000", "2014-12-31": "221.00000", "2014-09-30": "221.00000", "2014-06-30": "221.00000", "2014-03-31": "221.00000", "2013-12-31": "221.00000", "2013-09-30": "221.00000", "2013-06-30": "221.00000", "2013-03-31": "221.00000", "2012-12-31": "221.00000", "2012-09-30": "221.00000", "2012-06-30": "221.00000", "2012-03-31": "221.00000", "2011-12-31": "220.00000", "2011-09-30": "220.00000", "2011-06-30": "220.00000", "2011-03-31": "220.00000", "2010-12-31": "220.00000", "2010-09-30": "220.00000", "2010-06-30": "220.00000", "2010-03-31": "220.00000", "2009-12-31": "220.00000", "2009-09-30": "220.00000", "2009-06-30": "220.00000", "2009-03-31": "220.00000", "2008-12-31": "220.00000", "2008-09-30": "220.00000", "2008-06-30": "220.00000", "2008-03-31": "220.00000", "2007-12-31": "220.00000", "2007-09-30": "220.00000", "2007-06-30": "220.00000", "2007-03-31": "220.00000", "2006-12-31": "220.00000", "2006-09-30": "220.00000", "2006-06-30": "220.00000", "2006-03-31": "220.00000", "2005-12-31": "220.00000", "2005-09-30": "220.00000", "2005-06-30": "220.00000", "2005-03-31": "220.00000"}, "Retained Earnings (Accumulated Deficit)": {"2020-12-31": "", "2020-09-30": "32414.00000", "2020-06-30": "31565.00000", "2020-03-31": "32671.00000", "2019-12-31": "34474.00000", "2019-09-30": "36555.00000", "2019-06-30": "35870.00000", "2019-03-31": "35109.00000", "2018-12-31": "34065.00000", "2018-09-30": "33292.00000", "2018-06-30": "32044.00000", "2018-03-31": "32323.00000", "2017-12-31": "31160.00000", "2017-09-30": "34141.00000", "2017-06-30": "33934.00000", "2017-03-31": "33658.00000", "2016-12-31": "33513.00000", "2016-09-30": "33272.00000", "2016-06-30": "32706.00000", "2016-03-31": "32176.00000", "2015-12-31": "31613.00000", "2015-09-30": "32446.00000", "2015-06-30": "32361.00000", "2015-03-31": "33110.00000", "2014-12-31": "32541.00000", "2014-09-30": "33147.00000", "2014-06-30": "33026.00000", "2014-03-31": "33291.00000", "2013-12-31": "32952.00000", "2013-09-30": "32826.00000", "2013-06-30": "32715.00000", "2013-03-31": "32761.00000", "2012-12-31": "32733.00000", "2012-09-30": "32381.00000", "2012-06-30": "33661.00000", "2012-03-31": "33595.00000", "2011-12-31": "33069.00000", "2011-09-30": "32797.00000", "2011-06-30": "32392.00000", "2011-03-31": "32055.00000", "2010-12-31": "31636.00000", "2010-09-30": "31721.00000", "2010-06-30": "31322.00000", "2010-03-31": "30949.00000", "2009-12-31": "30760.00000", "2009-09-30": "23287.00000", "2009-06-30": "22936.00000", "2009-03-31": "22571.00000", "2008-12-31": "22549.00000", "2008-09-30": "21919.00000", "2008-06-30": "19957.00000", "2008-03-31": "19808.00000", "2007-12-31": "19762.00000", "2007-09-30": "20463.00000", "2007-06-30": "20161.00000", "2007-03-31": "20011.00000", "2006-12-31": "19845.00000", "2006-09-30": "20531.00000", "2006-06-30": "20743.00000", "2006-03-31": "20627.00000", "2005-12-31": "20464.00000", "2005-09-30": "20512.00000", "2005-06-30": "20096.00000", "2005-03-31": "19638.00000"}, "Comprehensive Income": {"2020-12-31": "", "2020-09-30": "-1699.00000", "2020-06-30": "-1556.00000", "2020-03-31": "-1549.00000", "2019-12-31": "-1520.00000", "2019-09-30": "-1463.00000", "2019-06-30": "-2621.00000", "2019-03-31": "-2644.00000", "2018-12-31": "-2762.00000", "2018-09-30": "-2326.00000", "2018-06-30": "-2334.00000", "2018-03-31": "-2234.00000", "2017-12-31": "-2289.00000", "2017-09-30": "-2421.00000", "2017-06-30": "-2467.00000", "2017-03-31": "-2414.00000", "2016-12-31": "-2503.00000", "2016-09-30": "-2735.00000", "2016-06-30": "-2804.00000", "2016-03-31": "-2693.00000", "2015-12-31": "-2468.00000", "2015-09-30": "-2395.00000", "2015-06-30": "-2173.00000", "2015-03-31": "-2416.00000", "2014-12-31": "-2425.00000", "2014-09-30": "-2605.00000", "2014-06-30": "-2225.00000", "2014-03-31": "-2267.00000", "2013-12-31": "-2141.00000", "2013-09-30": "-2312.00000", "2013-06-30": "-2520.00000", "2013-03-31": "-3131.00000", "2012-12-31": "-3202.00000", "2012-09-30": "-2944.00000", "2012-06-30": "-2967.00000", "2012-03-31": "-3018.00000", "2011-12-31": "-3045.00000", "2011-09-30": "-2282.00000", "2011-06-30": "-2389.00000", "2011-03-31": "-2414.00000", "2010-12-31": "-2371.00000", "2010-09-30": "-2334.00000", "2010-06-30": "-2300.00000", "2010-03-31": "-2425.00000", "2009-12-31": "-2541.00000", "2009-09-30": "-2218.00000", "2009-06-30": "-2255.00000", "2009-03-31": "-2605.00000", "2008-12-31": "-2719.00000", "2008-09-30": "-1353.00000", "2008-06-30": "-1512.00000", "2008-03-31": "-1541.00000", "2007-12-31": "-1461.00000", "2007-09-30": "-1515.00000", "2007-06-30": "-1554.00000", "2007-03-31": "-1594.00000", "2006-12-31": "-1645.00000", "2006-09-30": "-710.00000", "2006-06-30": "-774.00000", "2006-03-31": "-775.00000", "2005-12-31": "-765.00000", "2005-09-30": "-740.00000", "2005-06-30": "-777.00000", "2005-03-31": "-718.00000"}, "Other Share Holders Equity": {"2020-12-31": "", "2020-09-30": "", "2020-06-30": "", "2020-03-31": "", "2019-12-31": "", "2019-09-30": "", "2019-06-30": "", "2019-03-31": "", "2018-12-31": "", "2018-09-30": "", "2018-06-30": "", "2018-03-31": "", "2017-12-31": "", "2017-09-30": "", "2017-06-30": "", "2017-03-31": "", "2016-12-31": "", "2016-09-30": "", "2016-06-30": "", "2016-03-31": "", "2015-12-31": "", "2015-09-30": "", "2015-06-30": "", "2015-03-31": "", "2014-12-31": "", "2014-09-30": "", "2014-06-30": "", "2014-03-31": "", "2013-12-31": "", "2013-09-30": "", "2013-06-30": "", "2013-03-31": "", "2012-12-31": "", "2012-09-30": "", "2012-06-30": "", "2012-03-31": "", "2011-12-31": "", "2011-09-30": "", "2011-06-30": "", "2011-03-31": "", "2010-12-31": "", "2010-09-30": "", "2010-06-30": "", "2010-03-31": "", "2009-12-31": "", "2009-09-30": "-75.00000", "2009-06-30": "-87.00000", "2009-03-31": "-98.00000", "2008-12-31": "", "2008-09-30": "-77.00000", "2008-06-30": "-92.00000", "2008-03-31": "-105.00000", "2007-12-31": "-97.00000", "2007-09-30": "", "2007-06-30": "", "2007-03-31": "", "2006-12-31": "-128.00000", "2006-09-30": "", "2006-06-30": "", "2006-03-31": "", "2005-12-31": "", "2005-09-30": "-70.00000", "2005-06-30": "-70.00000", "2005-03-31": "-52.00000"}, "Share Holder Equity": {"2020-12-31": "", "2020-09-30": "50230.00000", "2020-06-30": "49160.00000", "2020-03-31": "49977.00000", "2019-12-31": "51698.00000", "2019-09-30": "17754.00000", "2019-06-30": "16151.00000", "2019-03-31": "15317.00000", "2018-12-31": "14127.00000", "2018-09-30": "13750.00000", "2018-06-30": "12418.00000", "2018-03-31": "12906.00000", "2017-12-31": "11847.00000", "2017-09-30": "14914.00000", "2017-06-30": "14821.00000", "2017-03-31": "14535.00000", "2016-12-31": "16347.00000", "2016-09-30": "15781.00000", "2016-06-30": "15078.00000", "2016-03-31": "14551.00000", "2015-12-31": "14424.00000", "2015-09-30": "15273.00000", "2015-06-30": "15291.00000", "2015-03-31": "15689.00000", "2014-12-31": "14983.00000", "2014-09-30": "15201.00000", "2014-06-30": "15379.00000", "2014-03-31": "15531.00000", "2013-12-31": "15236.00000", "2013-09-30": "14714.00000", "2013-06-30": "14373.00000", "2013-03-31": "13699.00000", "2012-12-31": "13638.00000", "2012-09-30": "13900.00000", "2012-06-30": "15812.00000", "2012-03-31": "16246.00000", "2011-12-31": "15867.00000", "2011-09-30": "16436.00000", "2011-06-30": "16145.00000", "2011-03-31": "15901.00000", "2010-12-31": "15638.00000", "2010-09-30": "15857.00000", "2010-06-30": "15574.00000", "2010-03-31": "15233.00000", "2009-12-31": "14785.00000", "2009-09-30": "14371.00000", "2009-06-30": "13936.00000", "2009-03-31": "13129.00000", "2008-12-31": "12208.00000", "2008-09-30": "12938.00000", "2008-06-30": "10778.00000", "2008-03-31": "10561.00000", "2007-12-31": "10562.00000", "2007-09-30": "11153.00000", "2007-06-30": "10762.00000", "2007-03-31": "10261.00000", "2006-12-31": "9991.00000", "2006-09-30": "11589.00000", "2006-06-30": "11712.00000", "2006-03-31": "11556.00000", "2005-12-31": "11208.00000", "2005-09-30": "11268.00000", "2005-06-30": "10801.00000", "2005-03-31": "10381.00000"}, "Total Liabilities And Share Holders Equity": {"2020-12-31": "", "2020-09-30": "125536.00000", "2020-06-30": "128076.00000", "2020-03-31": "129285.00000", "2019-12-31": "129944.00000", "2019-09-30": "57433.00000", "2019-06-30": "55163.00000", "2019-03-31": "34834.00000", "2018-12-31": "34986.00000", "2018-09-30": "33734.00000", "2018-06-30": "32641.00000", "2018-03-31": "33083.00000", "2017-12-31": "33551.00000", "2017-09-30": "33977.00000", "2017-06-30": "33409.00000", "2017-03-31": "32937.00000", "2016-12-31": "33707.00000", "2016-09-30": "33727.00000", "2016-06-30": "32831.00000", "2016-03-31": "31892.00000", "2015-12-31": "31748.00000", "2015-09-30": "31779.00000", "2015-06-30": "31954.00000", "2015-03-31": "33579.00000", "2014-12-31": "33749.00000", "2014-09-30": "33450.00000", "2014-06-30": "33503.00000", "2014-03-31": "33424.00000", "2013-12-31": "38592.00000", "2013-09-30": "36804.00000", "2013-06-30": "36252.00000", "2013-03-31": "35958.00000", "2012-12-31": "35897.00000", "2012-09-30": "36044.00000", "2012-06-30": "31667.00000", "2012-03-31": "32408.00000", "2011-12-31": "32970.00000", "2011-09-30": "32014.00000", "2011-06-30": "31833.00000", "2011-03-31": "30851.00000", "2010-12-31": "31076.00000", "2010-09-30": "31885.00000", "2010-06-30": "31051.00000", "2010-03-31": "30753.00000", "2009-12-31": "31008.00000", "2009-09-30": "30951.00000", "2009-06-30": "29809.00000", "2009-03-31": "29693.00000", "2008-12-31": "29486.00000", "2008-09-30": "28476.00000", "2008-06-30": "28064.00000", "2008-03-31": "26325.00000", "2007-12-31": "25926.00000", "2007-09-30": "26098.00000", "2007-06-30": "27175.00000", "2007-03-31": "26091.00000", "2006-12-31": "25575.00000", "2006-09-30": "27215.00000", "2006-06-30": "27402.00000", "2006-03-31": "27461.00000", "2005-12-31": "28138.00000", "2005-09-30": "25609.00000", "2005-06-30": "25233.00000", "2005-03-31": "28407.00000"}}, "cash flow statement": {"Net Income/Loss": {"2020-12-31": "0.00000", "2019-12-31": "3460.00000", "2018-12-31": "4947.00000", "2017-12-31": "975.00000", "2016-12-31": "4507.00000", "2015-12-31": "1631.00000", "2014-12-31": "2029.00000", "2013-12-31": "2580.00000", "2012-12-31": "2501.00000", "2011-12-31": "5260.00000", "2010-12-31": "4513.00000", "2009-12-31": "11862.00000", "2008-12-31": "6243.00000", "2007-12-31": "2928.00000", "2006-12-31": "1585.00000", "2005-12-31": "3000.00000"}, "Total Depreciation And Amortization - Cash Flow": {"2020-12-31": "", "2019-12-31": "1746.00000", "2018-12-31": "637.00000", "2017-12-31": "789.00000", "2016-12-31": "382.00000", "2015-12-31": "376.00000", "2014-12-31": "467.00000", "2013-12-31": "763.00000", "2012-12-31": "973.00000", "2011-12-31": "628.00000", "2010-12-31": "607.00000", "2009-12-31": "707.00000", "2008-12-31": "816.00000", "2007-12-31": "892.00000", "2006-12-31": "927.00000", "2005-12-31": "929.00000"}, "Other Non-Cash Items": {"2020-12-31": "", "2019-12-31": "-182.00000", "2018-12-31": "183.00000", "2017-12-31": "1246.00000", "2016-12-31": "-643.00000", "2015-12-31": "833.00000", "2014-12-31": "410.00000", "2013-12-31": "17.00000", "2012-12-31": "4098.00000", "2011-12-31": "-1094.00000", "2010-12-31": "-568.00000", "2009-12-31": "-8546.00000", "2008-12-31": "-3469.00000", "2007-12-31": "-206.00000", "2006-12-31": "62.00000", "2005-12-31": "-1189.00000"}, "Total Non-Cash Items": {"2020-12-31": "", "2019-12-31": "1564.00000", "2018-12-31": "820.00000", "2017-12-31": "2035.00000", "2016-12-31": "-261.00000", "2015-12-31": "1209.00000", "2014-12-31": "877.00000", "2013-12-31": "780.00000", "2012-12-31": "5071.00000", "2011-12-31": "-466.00000", "2010-12-31": "39.00000", "2009-12-31": "-7839.00000", "2008-12-31": "-2653.00000", "2007-12-31": "686.00000", "2006-12-31": "989.00000", "2005-12-31": "-260.00000"}, "Change In Accounts Receivable": {"2020-12-31": "", "2019-12-31": "752.00000", "2018-12-31": "-429.00000", "2017-12-31": "-431.00000", "2016-12-31": "-803.00000", "2015-12-31": "-942.00000", "2014-12-31": "-252.00000", "2013-12-31": "-504.00000", "2012-12-31": "648.00000", "2011-12-31": "-220.00000", "2010-12-31": "-270.00000", "2009-12-31": "227.00000", "2008-12-31": "-360.00000", "2007-12-31": "-458.00000", "2006-12-31": "444.00000", "2005-12-31": "539.00000"}, "Change In Inventories": {"2020-12-31": "", "2019-12-31": "463.00000", "2018-12-31": "-216.00000", "2017-12-31": "-29.00000", "2016-12-31": "-152.00000", "2015-12-31": "97.00000", "2014-12-31": "-254.00000", "2013-12-31": "-45.00000", "2012-12-31": "-103.00000", "2011-12-31": "-193.00000", "2010-12-31": "156.00000", "2009-12-31": "82.00000", "2008-12-31": "130.00000", "2007-12-31": "-54.00000", "2006-12-31": "78.00000", "2005-12-31": "-370.00000"}, "Change In Accounts Payable": {"2020-12-31": "", "2019-12-31": "", "2018-12-31": "", "2017-12-31": "", "2016-12-31": "", "2015-12-31": "", "2014-12-31": "", "2013-12-31": "", "2012-12-31": "", "2011-12-31": "593.00000", "2010-12-31": "315.00000", "2009-12-31": "", "2008-12-31": "253.00000", "2007-12-31": "141.00000", "2006-12-31": "-349.00000", "2005-12-31": ""}, "Change In Assets/Liabilities": {"2020-12-31": "", "2019-12-31": "714.00000", "2018-12-31": "718.00000", "2017-12-31": "-869.00000", "2016-12-31": "152.00000", "2015-12-31": "835.00000", "2014-12-31": "621.00000", "2013-12-31": "205.00000", "2012-12-31": "-894.00000", "2011-12-31": "58.00000", "2010-12-31": "6.00000", "2009-12-31": "135.00000", "2008-12-31": "61.00000", "2007-12-31": "109.00000", "2006-12-31": "-573.00000", "2005-12-31": "-161.00000"}, "Total Change In Assets/Liabilities": {"2020-12-31": "", "2019-12-31": "3065.00000", "2018-12-31": "217.00000", "2017-12-31": "2145.00000", "2016-12-31": "-1152.00000", "2015-12-31": "-735.00000", "2014-12-31": "242.00000", "2013-12-31": "194.00000", "2012-12-31": "-631.00000", "2011-12-31": "104.00000", "2010-12-31": "-29.00000", "2009-12-31": "974.00000", "2008-12-31": "455.00000", "2007-12-31": "-461.00000", "2006-12-31": "-491.00000", "2005-12-31": "-904.00000"}, "Cash Flow From Operating Activities": {"2020-12-31": "", "2019-12-31": "8067.00000", "2018-12-31": "5940.00000", "2017-12-31": "5275.00000", "2016-12-31": "3058.00000", "2015-12-31": "2105.00000", "2014-12-31": "3148.00000", "2013-12-31": "3545.00000", "2012-12-31": "6941.00000", "2011-12-31": "4840.00000", "2010-12-31": "4491.00000", "2009-12-31": "4065.00000", "2008-12-31": "3707.00000", "2007-12-31": "3153.00000", "2006-12-31": "2083.00000", "2005-12-31": "1836.00000"}, "Net Change In Property, Plant, And Equipment": {"2020-12-31": "", "2019-12-31": "-836.00000", "2018-12-31": "-951.00000", "2017-12-31": "-1055.00000", "2016-12-31": "-1215.00000", "2015-12-31": "-820.00000", "2014-12-31": "-526.00000", "2013-12-31": "-537.00000", "2012-12-31": "-548.00000", "2011-12-31": "-367.00000", "2010-12-31": "-424.00000", "2009-12-31": "-173.00000", "2008-12-31": "-405.00000", "2007-12-31": "-526.00000", "2006-12-31": "-502.00000", "2005-12-31": "-665.00000"}, "Net Change In Intangible Assets": {"2020-12-31": "", "2019-12-31": "", "2018-12-31": "", "2017-12-31": "", "2016-12-31": "", "2015-12-31": "", "2014-12-31": "", "2013-12-31": "", "2012-12-31": "", "2011-12-31": "", "2010-12-31": "", "2009-12-31": "", "2008-12-31": "", "2007-12-31": "", "2006-12-31": "", "2005-12-31": "-30.00000"}, "Net Acquisitions/Divestitures": {"2020-12-31": "", "2019-12-31": "-8782.00000", "2018-12-31": "3.00000", "2017-12-31": "10.00000", "2016-12-31": "975.00000", "2015-12-31": "-403.00000", "2014-12-31": "3366.00000", "2013-12-31": "9.00000", "2012-12-31": "-7462.00000", "2011-12-31": "-211.00000", "2010-12-31": "-762.00000", "2009-12-31": "-2232.00000", "2008-12-31": "4339.00000", "2007-12-31": "-432.00000", "2006-12-31": "226.00000", "2005-12-31": "843.00000"}, "Net Change In Short-term Investments": {"2020-12-31": "", "2019-12-31": "-152.00000", "2018-12-31": "74.00000", "2017-12-31": "979.00000", "2016-12-31": "1720.00000", "2015-12-31": "-349.00000", "2014-12-31": "-1624.00000", "2013-12-31": "-44.00000", "2012-12-31": "-3607.00000", "2011-12-31": "-859.00000", "2010-12-31": "-5823.00000", "2009-12-31": "-3489.00000", "2008-12-31": "138.00000", "2007-12-31": "756.00000", "2006-12-31": "762.00000", "2005-12-31": "1043.00000"}, "Net Change In Long-Term Investments": {"2020-12-31": "", "2019-12-31": "", "2018-12-31": "", "2017-12-31": "", "2016-12-31": "", "2015-12-31": "", "2014-12-31": "", "2013-12-31": "", "2012-12-31": "4890.00000", "2011-12-31": "", "2010-12-31": "3197.00000", "2009-12-31": "2075.00000", "2008-12-31": "1007.00000", "2007-12-31": "", "2006-12-31": "", "2005-12-31": ""}, "Net Change In Investments - Total": {"2020-12-31": "", "2019-12-31": "-152.00000", "2018-12-31": "74.00000", "2017-12-31": "979.00000", "2016-12-31": "1720.00000", "2015-12-31": "-349.00000", "2014-12-31": "-1624.00000", "2013-12-31": "-44.00000", "2012-12-31": "1283.00000", "2011-12-31": "-859.00000", "2010-12-31": "-2626.00000", "2009-12-31": "-1414.00000", "2008-12-31": "1145.00000", "2007-12-31": "756.00000", "2006-12-31": "762.00000", "2005-12-31": "1043.00000"}, "Investing Activities - Other": {"2020-12-31": "", "2019-12-31": "", "2018-12-31": "", "2017-12-31": "", "2016-12-31": "", "2015-12-31": "", "2014-12-31": "", "2013-12-31": "", "2012-12-31": "", "2011-12-31": "", "2010-12-31": "", "2009-12-31": "-561.00000", "2008-12-31": "", "2007-12-31": "", "2006-12-31": "-280.00000", "2005-12-31": ""}, "Cash Flow From Investing Activities": {"2020-12-31": "", "2019-12-31": "-9770.00000", "2018-12-31": "-874.00000", "2017-12-31": "-66.00000", "2016-12-31": "1480.00000", "2015-12-31": "-1572.00000", "2014-12-31": "1216.00000", "2013-12-31": "-572.00000", "2012-12-31": "-6727.00000", "2011-12-31": "-1437.00000", "2010-12-31": "-3812.00000", "2009-12-31": "-4380.00000", "2008-12-31": "5079.00000", "2007-12-31": "-202.00000", "2006-12-31": "206.00000", "2005-12-31": "1191.00000"}, "Net Long-Term Debt": {"2020-12-31": "", "2019-12-31": "17522.00000", "2018-12-31": "-5.00000", "2017-12-31": "264.00000", "2016-12-31": "-15.00000", "2015-12-31": "-689.00000", "2014-12-31": "-676.00000", "2013-12-31": "892.00000", "2012-12-31": "-158.00000", "2011-12-31": "-78.00000", "2010-12-31": "-930.00000", "2009-12-31": "1471.00000", "2008-12-31": "1351.00000", "2007-12-31": "-1300.00000", "2006-12-31": "-1290.00000", "2005-12-31": "8.00000"}, "Net Current Debt": {"2020-12-31": "", "2019-12-31": "131.00000", "2018-12-31": "-543.00000", "2017-12-31": "727.00000", "2016-12-31": "125.00000", "2015-12-31": "-449.00000", "2014-12-31": "244.00000", "2013-12-31": "198.00000", "2012-12-31": "49.00000", "2011-12-31": "-1.00000", "2010-12-31": "-33.00000", "2009-12-31": "-26.00000", "2008-12-31": "-1688.00000", "2007-12-31": "-33.00000", "2006-12-31": "30.00000", "2005-12-31": "-1625.00000"}, "Debt Issuance/Retirement Net - Total": {"2020-12-31": "", "2019-12-31": "17653.00000", "2018-12-31": "-548.00000", "2017-12-31": "991.00000", "2016-12-31": "110.00000", "2015-12-31": "-1138.00000", "2014-12-31": "-432.00000", "2013-12-31": "1090.00000", "2012-12-31": "-109.00000", "2011-12-31": "-79.00000", "2010-12-31": "-963.00000", "2009-12-31": "1445.00000", "2008-12-31": "-337.00000", "2007-12-31": "-1333.00000", "2006-12-31": "-1260.00000", "2005-12-31": "-1617.00000"}, "Net Common Equity Issued/Repurchased": {"2020-12-31": "", "2019-12-31": "-7300.00000", "2018-12-31": "-320.00000", "2017-12-31": "-2469.00000", "2016-12-31": "-231.00000", "2015-12-31": "", "2014-12-31": "288.00000", "2013-12-31": "131.00000", "2012-12-31": "-1940.00000", "2011-12-31": "-620.00000", "2010-12-31": "-324.00000", "2009-12-31": "827.00000", "2008-12-31": "5.00000", "2007-12-31": "333.00000", "2006-12-31": "170.00000", "2005-12-31": "166.00000"}, "Net Total Equity Issued/Repurchased": {"2020-12-31": "", "2019-12-31": "-7300.00000", "2018-12-31": "-320.00000", "2017-12-31": "-2469.00000", "2016-12-31": "-231.00000", "2015-12-31": "", "2014-12-31": "288.00000", "2013-12-31": "131.00000", "2012-12-31": "-1940.00000", "2011-12-31": "-620.00000", "2010-12-31": "-324.00000", "2009-12-31": "827.00000", "2008-12-31": "5.00000", "2007-12-31": "333.00000", "2006-12-31": "170.00000", "2005-12-31": "166.00000"}, "Total Common And Preferred Stock Dividends Paid": {"2020-12-31": "", "2019-12-31": "-2679.00000", "2018-12-31": "-2613.00000", "2017-12-31": "-2577.00000", "2016-12-31": "-2547.00000", "2015-12-31": "-2477.00000", "2014-12-31": "-2398.00000", "2013-12-31": "-2309.00000", "2012-12-31": "-2286.00000", "2011-12-31": "-2254.00000", "2010-12-31": "-2202.00000", "2009-12-31": "-2483.00000", "2008-12-31": "-2461.00000", "2007-12-31": "-2213.00000", "2006-12-31": "-2199.00000", "2005-12-31": "-2186.00000"}, "Financial Activities - Other": {"2020-12-31": "", "2019-12-31": "-53.00000", "2018-12-31": "-54.00000", "2017-12-31": "-22.00000", "2016-12-31": "15.00000", "2015-12-31": "-9.00000", "2014-12-31": "105.00000", "2013-12-31": "20.00000", "2012-12-31": "2.00000", "2011-12-31": "296.00000", "2010-12-31": "146.00000", "2009-12-31": "194.00000", "2008-12-31": "211.00000", "2007-12-31": "", "2006-12-31": "-62.00000", "2005-12-31": ""}, "Cash Flow From Financial Activities": {"2020-12-31": "", "2019-12-31": "7621.00000", "2018-12-31": "-3535.00000", "2017-12-31": "-4077.00000", "2016-12-31": "-2653.00000", "2015-12-31": "-3624.00000", "2014-12-31": "-2437.00000", "2013-12-31": "-1068.00000", "2012-12-31": "-4333.00000", "2011-12-31": "-2657.00000", "2010-12-31": "-3343.00000", "2009-12-31": "-17.00000", "2008-12-31": "-2582.00000", "2007-12-31": "-3213.00000", "2006-12-31": "-3351.00000", "2005-12-31": "-3637.00000"}, "Net Cash Flow": {"2020-12-31": "", "2019-12-31": "5909.00000", "2018-12-31": "1490.00000", "2017-12-31": "1184.00000", "2016-12-31": "1852.00000", "2015-12-31": "-3186.00000", "2014-12-31": "1985.00000", "2013-12-31": "1930.00000", "2012-12-31": "-4120.00000", "2011-12-31": "743.00000", "2010-12-31": "-2650.00000", "2009-12-31": "-293.00000", "2008-12-31": "6175.00000", "2007-12-31": "-217.00000", "2006-12-31": "-1032.00000", "2005-12-31": "-630.00000"}, "Stock-Based Compensation": {"2020-12-31": "", "2019-12-31": "441.00000", "2018-12-31": "221.00000", "2017-12-31": "199.00000", "2016-12-31": "205.00000", "2015-12-31": "235.00000", "2014-12-31": "213.00000", "2013-12-31": "191.00000", "2012-12-31": "154.00000", "2011-12-31": "161.00000", "2010-12-31": "193.00000", "2009-12-31": "183.00000", "2008-12-31": "181.00000", "2007-12-31": "133.00000", "2006-12-31": "112.00000", "2005-12-31": ""}, "Common Stock Dividends Paid": {"2020-12-31": "", "2019-12-31": "-2679.00000", "2018-12-31": "-2613.00000", "2017-12-31": "-2577.00000", "2016-12-31": "-2547.00000", "2015-12-31": "-2477.00000", "2014-12-31": "-2398.00000", "2013-12-31": "-2309.00000", "2012-12-31": "-2286.00000", "2011-12-31": "-2254.00000", "2010-12-31": "-2202.00000", "2009-12-31": "-2483.00000", "2008-12-31": "-2461.00000", "2007-12-31": "-2213.00000", "2006-12-31": "-2199.00000", "2005-12-31": "-2186.00000"}}, "cash flow statement, quarterly": {"Net Income/Loss": {"2020-12-31": -1032, "2020-09-30": 1878, "2020-06-30": -80, "2020-03-31": "-766.00000", "2019-12-31": -1060, "2019-09-30": 1366, "2019-06-30": 1439, "2019-03-31": "1715.00000", "2018-12-31": 1158, "2018-09-30": 1912, "2018-06-30": 382, "2018-03-31": "1495.00000", "2017-12-31": -2329, "2017-09-30": 856, "2017-06-30": 922, "2017-03-31": "1526.00000", "2016-12-31": 898, "2016-09-30": 1215, "2016-06-30": 1188, "2016-03-31": "1206.00000", "2015-12-31": -188, "2015-09-30": 730, "2015-06-30": -110, "2015-03-31": "1199.00000", "2014-12-31": 27, "2014-09-30": 732, "2014-06-30": 334, "2014-03-31": "936.00000", "2013-12-31": 735, "2013-09-30": 692, "2013-06-30": 530, "2013-03-31": "623.00000", "2012-12-31": 924, "2012-09-30": -713, "2012-06-30": 808, "2012-03-31": "1482.00000", "2011-12-31": 1231, "2011-09-30": 1355, "2011-06-30": 1307, "2011-03-31": "1367.00000", "2010-12-31": 842, "2010-09-30": 1302, "2010-06-30": 1268, "2010-03-31": "1101.00000", "2009-12-31": 8353, "2009-09-30": 1290, "2009-06-30": 1298, "2009-03-31": "921.00000", "2008-12-31": 1510, "2008-09-30": 2837, "2008-06-30": 1005, "2008-03-31": "891.00000", "2007-12-31": 674, "2007-09-30": 858, "2007-06-30": 706, "2007-03-31": "690.00000", "2006-12-31": -134, "2006-09-30": 338, "2006-06-30": 667, "2006-03-31": "714.00000", "2005-12-31": 499, "2005-09-30": 964, "2005-06-30": 1004, "2005-03-31": "533.00000"}, "Total Depreciation And Amortization - Cash Flow": {"2020-12-31": -7690, "2020-09-30": 2655, "2020-06-30": 2558, "2020-03-31": "2477.00000", "2019-12-31": 1236, "2019-09-30": 171, "2019-06-30": 169, "2019-03-31": "170.00000", "2018-12-31": 172, "2018-09-30": 165, "2018-06-30": 157, "2018-03-31": "143.00000", "2017-12-31": 197, "2017-09-30": 188, "2017-06-30": 211, "2017-03-31": "193.00000", "2016-12-31": 122, "2016-09-30": 105, "2016-06-30": 90, "2016-03-31": "65.00000", "2015-12-31": 76, "2015-09-30": 105, "2015-06-30": 91, "2015-03-31": "104.00000", "2014-12-31": 103, "2014-09-30": 112, "2014-06-30": 35, "2014-03-31": "217.00000", "2013-12-31": 181, "2013-09-30": 180, "2013-06-30": 189, "2013-03-31": "213.00000", "2012-12-31": 491, "2012-09-30": 195, "2012-06-30": 148, "2012-03-31": "139.00000", "2011-12-31": 146, "2011-09-30": 86, "2011-06-30": 206, "2011-03-31": "190.00000", "2010-12-31": 61, "2010-09-30": 168, "2010-06-30": 191, "2010-03-31": "187.00000", "2009-12-31": 182, "2009-09-30": 181, "2009-06-30": 177, "2009-03-31": "167.00000", "2008-12-31": 180, "2008-09-30": 182, "2008-06-30": 203, "2008-03-31": "251.00000", "2007-12-31": 254, "2007-09-30": 213, "2007-06-30": 209, "2007-03-31": "216.00000", "2006-12-31": 234, "2006-09-30": 230, "2006-06-30": 237, "2006-03-31": "226.00000", "2005-12-31": 239, "2005-09-30": 217, "2005-06-30": 230, "2005-03-31": "243.00000"}, "Other Non-Cash Items": {"2020-12-31": -523, "2020-09-30": -1120, "2020-06-30": 742, "2020-03-31": "901.00000", "2019-12-31": -12, "2019-09-30": 83, "2019-06-30": -148, "2019-03-31": "-105.00000", "2018-12-31": 457, "2018-09-30": -453, "2018-06-30": 58, "2018-03-31": "121.00000", "2017-12-31": 371, "2017-09-30": 541, "2017-06-30": 472, "2017-03-31": "-138.00000", "2016-12-31": 375, "2016-09-30": -241, "2016-06-30": -219, "2016-03-31": "-558.00000", "2015-12-31": 173, "2015-09-30": -138, "2015-06-30": 943, "2015-03-31": "-145.00000", "2014-12-31": -261, "2014-09-30": 223, "2014-06-30": 503, "2014-03-31": "-55.00000", "2013-12-31": 299, "2013-09-30": -38, "2013-06-30": -100, "2013-03-31": "-144.00000", "2012-12-31": -419, "2012-09-30": 4611, "2012-06-30": -57, "2012-03-31": "-37.00000", "2011-12-31": -343, "2011-09-30": -191, "2011-06-30": -409, "2011-03-31": "-151.00000", "2010-12-31": 68, "2010-09-30": -315, "2010-06-30": -290, "2010-03-31": "-31.00000", "2009-12-31": -7820, "2009-09-30": -250, "2009-06-30": -219, "2009-03-31": "-257.00000", "2008-12-31": -1366, "2008-09-30": -2014, "2008-06-30": -168, "2008-03-31": "79.00000", "2007-12-31": -25, "2007-09-30": -111, "2007-06-30": -4, "2007-03-31": "-66.00000", "2006-12-31": -260, "2006-09-30": 80, "2006-06-30": 285, "2006-03-31": "-43.00000", "2005-12-31": -350, "2005-09-30": -309, "2005-06-30": -337, "2005-03-31": "-193.00000"}, "Total Non-Cash Items": {"2020-12-31": -8213, "2020-09-30": 1535, "2020-06-30": 3300, "2020-03-31": "3378.00000", "2019-12-31": 1224, "2019-09-30": 254, "2019-06-30": 21, "2019-03-31": "65.00000", "2018-12-31": 629, "2018-09-30": -288, "2018-06-30": 215, "2018-03-31": "264.00000", "2017-12-31": 568, "2017-09-30": 729, "2017-06-30": 683, "2017-03-31": "55.00000", "2016-12-31": 497, "2016-09-30": -136, "2016-06-30": -129, "2016-03-31": "-493.00000", "2015-12-31": 249, "2015-09-30": -33, "2015-06-30": 1034, "2015-03-31": "-41.00000", "2014-12-31": -158, "2014-09-30": 335, "2014-06-30": 538, "2014-03-31": "162.00000", "2013-12-31": 480, "2013-09-30": 142, "2013-06-30": 89, "2013-03-31": "69.00000", "2012-12-31": 72, "2012-09-30": 4806, "2012-06-30": 91, "2012-03-31": "102.00000", "2011-12-31": -197, "2011-09-30": -105, "2011-06-30": -203, "2011-03-31": "39.00000", "2010-12-31": 129, "2010-09-30": -147, "2010-06-30": -99, "2010-03-31": "156.00000", "2009-12-31": -7638, "2009-09-30": -69, "2009-06-30": -42, "2009-03-31": "-90.00000", "2008-12-31": -1186, "2008-09-30": -1832, "2008-06-30": 35, "2008-03-31": "330.00000", "2007-12-31": 229, "2007-09-30": 102, "2007-06-30": 205, "2007-03-31": "150.00000", "2006-12-31": -26, "2006-09-30": 310, "2006-06-30": 522, "2006-03-31": "183.00000", "2005-12-31": -111, "2005-09-30": -92, "2005-06-30": -107, "2005-03-31": "50.00000"}, "Change In Accounts Receivable": {"2020-12-31": 356, "2020-09-30": -159, "2020-06-30": 546, "2020-03-31": "-743.00000", "2019-12-31": 318, "2019-09-30": 127, "2019-06-30": 71, "2019-03-31": "236.00000", "2018-12-31": -207, "2018-09-30": -334, "2018-06-30": -107, "2018-03-31": "219.00000", "2017-12-31": 108, "2017-09-30": -85, "2017-06-30": -208, "2017-03-31": "-246.00000", "2016-12-31": 93, "2016-09-30": -44, "2016-06-30": -428, "2016-03-31": "-424.00000", "2015-12-31": -356, "2015-09-30": -319, "2015-06-30": -176, "2015-03-31": "-91.00000", "2014-12-31": -278, "2014-09-30": -53, "2014-06-30": -28, "2014-03-31": "107.00000", "2013-12-31": 59, "2013-09-30": -159, "2013-06-30": -86, "2013-03-31": "-318.00000", "2012-12-31": 5, "2012-09-30": 99, "2012-06-30": 652, "2012-03-31": "-108.00000", "2011-12-31": -68, "2011-09-30": 176, "2011-06-30": -237, "2011-03-31": "-91.00000", "2010-12-31": -148, "2010-09-30": -68, "2010-06-30": 255, "2010-03-31": "-309.00000", "2009-12-31": 150, "2009-09-30": 13, "2009-06-30": -17, "2009-03-31": "81.00000", "2008-12-31": -125, "2008-09-30": -294, "2008-06-30": 64, "2008-03-31": "-5.00000", "2007-12-31": -92, "2007-09-30": -13, "2007-06-30": -235, "2007-03-31": "-118.00000", "2006-12-31": -57, "2006-09-30": 403, "2006-06-30": -62, "2006-03-31": "160.00000", "2005-12-31": -110, "2005-09-30": -33, "2005-06-30": -33, "2005-03-31": "715.00000"}, "Change In Inventories": {"2020-12-31": -2571, "2020-09-30": 481, "2020-06-30": 642, "2020-03-31": "1448.00000", "2019-12-31": 470, "2019-09-30": -35, "2019-06-30": -7, "2019-03-31": "35.00000", "2018-12-31": -64, "2018-09-30": -30, "2018-06-30": -118, "2018-03-31": "-4.00000", "2017-12-31": -36, "2017-09-30": 65, "2017-06-30": 13, "2017-03-31": "-71.00000", "2016-12-31": -45, "2016-09-30": 4, "2016-06-30": -67, "2016-03-31": "-44.00000", "2015-12-31": -134, "2015-09-30": 69, "2015-06-30": 111, "2015-03-31": "51.00000", "2014-12-31": -92, "2014-09-30": -5, "2014-06-30": -13, "2014-03-31": "-144.00000", "2013-12-31": -37, "2013-09-30": 165, "2013-06-30": -10, "2013-03-31": "-163.00000", "2012-12-31": 32, "2012-09-30": 35, "2012-06-30": -102, "2012-03-31": "-68.00000", "2011-12-31": -43, "2011-09-30": 96, "2011-06-30": -162, "2011-03-31": "-84.00000", "2010-12-31": 193, "2010-09-30": -49, "2010-06-30": -13, "2010-03-31": "25.00000", "2009-12-31": 81, "2009-09-30": 11, "2009-06-30": 8, "2009-03-31": "-18.00000", "2008-12-31": 205, "2008-09-30": 3, "2008-06-30": 25, "2008-03-31": "-103.00000", "2007-12-31": 51, "2007-09-30": 38, "2007-06-30": -142, "2007-03-31": "-1.00000", "2006-12-31": 250, "2006-09-30": -71, "2006-06-30": -26, "2006-03-31": "-75.00000", "2005-12-31": -26, "2005-09-30": -99, "2005-06-30": -120, "2005-03-31": "-125.00000"}, "Change In Accounts Payable": {"2020-12-31": 0, "2020-09-30": 0, "2020-06-30": 0, "2020-03-31": "", "2019-12-31": 0, "2019-09-30": 0, "2019-06-30": 0, "2019-03-31": "", "2018-12-31": 0, "2018-09-30": 0, "2018-06-30": 0, "2018-03-31": "", "2017-12-31": 0, "2017-09-30": 0, "2017-06-30": 0, "2017-03-31": "", "2016-12-31": 0, "2016-09-30": 0, "2016-06-30": 0, "2016-03-31": "", "2015-12-31": 0, "2015-09-30": 0, "2015-06-30": 0, "2015-03-31": "", "2014-12-31": 0, "2014-09-30": 0, "2014-06-30": 0, "2014-03-31": "", "2013-12-31": 0, "2013-09-30": 0, "2013-06-30": 0, "2013-03-31": "", "2012-12-31": 0, "2012-09-30": 0, "2012-06-30": 0, "2012-03-31": "", "2011-12-31": 593, "2011-09-30": 0, "2011-06-30": 0, "2011-03-31": "", "2010-12-31": 315, "2010-09-30": 0, "2010-06-30": 0, "2010-03-31": "", "2009-12-31": 0, "2009-09-30": 0, "2009-06-30": 0, "2009-03-31": "", "2008-12-31": 253, "2008-09-30": 0, "2008-06-30": 0, "2008-03-31": "", "2007-12-31": 141, "2007-09-30": 0, "2007-06-30": 0, "2007-03-31": "", "2006-12-31": -349, "2006-09-30": 0, "2006-06-30": 0, "2006-03-31": "", "2005-12-31": 0, "2005-09-30": 0, "2005-06-30": 0, "2005-03-31": ""}, "Change In Assets/Liabilities": {"2020-12-31": -970, "2020-09-30": 1105, "2020-06-30": 220, "2020-03-31": "-355.00000", "2019-12-31": 16, "2019-09-30": 903, "2019-06-30": 712, "2019-03-31": "-917.00000", "2018-12-31": 826, "2018-09-30": 121, "2018-06-30": 443, "2018-03-31": "-672.00000", "2017-12-31": -325, "2017-09-30": 65, "2017-06-30": 94, "2017-03-31": "-703.00000", "2016-12-31": 60, "2016-09-30": 212, "2016-06-30": 328, "2016-03-31": "-448.00000", "2015-12-31": 897, "2015-09-30": 624, "2015-06-30": -196, "2015-03-31": "-490.00000", "2014-12-31": 529, "2014-09-30": 8, "2014-06-30": 301, "2014-03-31": "-217.00000", "2013-12-31": 73, "2013-09-30": -55, "2013-06-30": 847, "2013-03-31": "-660.00000", "2012-12-31": -133, "2012-09-30": 441, "2012-06-30": -161, "2012-03-31": "-1041.00000", "2011-12-31": 395, "2011-09-30": -239, "2011-06-30": 70, "2011-03-31": "-168.00000", "2010-12-31": 5, "2010-09-30": -8, "2010-06-30": -26, "2010-03-31": "35.00000", "2009-12-31": 1084, "2009-09-30": -1024, "2009-06-30": 49, "2009-03-31": "26.00000", "2008-12-31": 237, "2008-09-30": 364, "2008-06-30": -517, "2008-03-31": "-23.00000", "2007-12-31": 171, "2007-09-30": -349, "2007-06-30": 298, "2007-03-31": "-11.00000", "2006-12-31": -151, "2006-09-30": -11, "2006-06-30": -106, "2006-03-31": "-305.00000", "2005-12-31": -122, "2005-09-30": -38, "2005-06-30": 46, "2005-03-31": "-47.00000"}, "Total Change In Assets/Liabilities": {"2020-12-31": -1137, "2020-09-30": -1286, "2020-06-30": 1141, "2020-03-31": "1282.00000", "2019-12-31": 1896, "2019-09-30": 922, "2019-06-30": 637, "2019-03-31": "-390.00000", "2018-12-31": 686, "2018-09-30": -345, "2018-06-30": 460, "2018-03-31": "-584.00000", "2017-12-31": 2758, "2017-09-30": 128, "2017-06-30": -21, "2017-03-31": "-720.00000", "2016-12-31": 84, "2016-09-30": 325, "2016-06-30": -620, "2016-03-31": "-941.00000", "2015-12-31": 823, "2015-09-30": -173, "2015-06-30": -853, "2015-03-31": "-532.00000", "2014-12-31": 141, "2014-09-30": 398, "2014-06-30": 184, "2014-03-31": "-481.00000", "2013-12-31": 204, "2013-09-30": 208, "2013-06-30": 899, "2013-03-31": "-1117.00000", "2012-12-31": -139, "2012-09-30": 483, "2012-06-30": 232, "2012-03-31": "-1207.00000", "2011-12-31": 454, "2011-09-30": 27, "2011-06-30": -26, "2011-03-31": "-351.00000", "2010-12-31": 239, "2010-09-30": -94, "2010-06-30": 62, "2010-03-31": "-236.00000", "2009-12-31": 1561, "2009-09-30": -1043, "2009-06-30": 90, "2009-03-31": "366.00000", "2008-12-31": 410, "2008-09-30": 417, "2008-06-30": -307, "2008-03-31": "-65.00000", "2007-12-31": -273, "2007-09-30": -263, "2007-06-30": 150, "2007-03-31": "-75.00000", "2006-12-31": 371, "2006-09-30": 296, "2006-06-30": -344, "2006-03-31": "-814.00000", "2005-12-31": -91, "2005-09-30": -112, "2005-06-30": -901, "2005-03-31": "200.00000"}, "Cash Flow From Operating Activities": {"2020-12-31": -10382, "2020-09-30": 2219, "2020-06-30": 4269, "2020-03-31": "3894.00000", "2019-12-31": 2038, "2019-09-30": 2556, "2019-06-30": 2083, "2019-03-31": "1390.00000", "2018-12-31": 2429, "2018-09-30": 1279, "2018-06-30": 1057, "2018-03-31": "1175.00000", "2017-12-31": 1117, "2017-09-30": 1713, "2017-06-30": 1584, "2017-03-31": "861.00000", "2016-12-31": 1443, "2016-09-30": 1404, "2016-06-30": 439, "2016-03-31": "-228.00000", "2015-12-31": 884, "2015-09-30": 524, "2015-06-30": 71, "2015-03-31": "626.00000", "2014-12-31": 572, "2014-09-30": 903, "2014-06-30": 1056, "2014-03-31": "617.00000", "2013-12-31": 1410, "2013-09-30": 1053, "2013-06-30": 1510, "2013-03-31": "-428.00000", "2012-12-31": 836, "2012-09-30": 4584, "2012-06-30": 1134, "2012-03-31": "387.00000", "2011-12-31": 1568, "2011-09-30": 1698, "2011-06-30": 1093, "2011-03-31": "481.00000", "2010-12-31": 1595, "2010-09-30": 1383, "2010-06-30": 1049, "2010-03-31": "464.00000", "2009-12-31": 1344, "2009-09-30": 1473, "2009-06-30": 796, "2009-03-31": "452.00000", "2008-12-31": 396, "2008-09-30": 1422, "2008-06-30": 1114, "2008-03-31": "775.00000", "2007-12-31": 630, "2007-09-30": 697, "2007-06-30": 1061, "2007-03-31": "765.00000", "2006-12-31": 211, "2006-09-30": 944, "2006-06-30": 845, "2006-03-31": "83.00000", "2005-12-31": 297, "2005-09-30": 760, "2005-06-30": -4, "2005-03-31": "783.00000"}, "Net Change In Property, Plant, And Equipment": {"2020-12-31": 470, "2020-09-30": -153, "2020-06-30": -131, "2020-03-31": "-186.00000", "2019-12-31": -251, "2019-09-30": -190, "2019-06-30": -191, "2019-03-31": "-204.00000", "2018-12-31": -290, "2018-09-30": -224, "2018-06-30": -198, "2018-03-31": "-239.00000", "2017-12-31": -254, "2017-09-30": -262, "2017-06-30": -248, "2017-03-31": "-291.00000", "2016-12-31": -371, "2016-09-30": -341, "2016-06-30": -261, "2016-03-31": "-242.00000", "2015-12-31": -285, "2015-09-30": -234, "2015-06-30": -165, "2015-03-31": "-136.00000", "2014-12-31": -191, "2014-09-30": -107, "2014-06-30": -110, "2014-03-31": "-118.00000", "2013-12-31": -200, "2013-09-30": -124, "2013-06-30": -98, "2013-03-31": "-115.00000", "2012-12-31": -175, "2012-09-30": -137, "2012-06-30": -113, "2012-03-31": "-123.00000", "2011-12-31": -281, "2011-09-30": -59, "2011-06-30": 48, "2011-03-31": "-75.00000", "2010-12-31": -125, "2010-09-30": -124, "2010-06-30": -46, "2010-03-31": "-129.00000", "2009-12-31": 361, "2009-09-30": -273, "2009-06-30": -125, "2009-03-31": "-136.00000", "2008-12-31": -38, "2008-09-30": -187, "2008-06-30": -173, "2008-03-31": "-7.00000", "2007-12-31": 43, "2007-09-30": -184, "2007-06-30": -196, "2007-03-31": "-189.00000", "2006-12-31": 51, "2006-09-30": -196, "2006-06-30": -159, "2006-03-31": "-198.00000", "2005-12-31": -224, "2005-09-30": -158, "2005-06-30": -118, "2005-03-31": "-165.00000"}, "Net Change In Intangible Assets": {"2020-12-31": 0, "2020-09-30": 0, "2020-06-30": 0, "2020-03-31": "", "2019-12-31": 0, "2019-09-30": 0, "2019-06-30": 0, "2019-03-31": "", "2018-12-31": 0, "2018-09-30": 0, "2018-06-30": 0, "2018-03-31": "", "2017-12-31": 0, "2017-09-30": 0, "2017-06-30": 0, "2017-03-31": "", "2016-12-31": 0, "2016-09-30": 0, "2016-06-30": 0, "2016-03-31": "", "2015-12-31": 0, "2015-09-30": 0, "2015-06-30": 0, "2015-03-31": "", "2014-12-31": 0, "2014-09-30": 0, "2014-06-30": 0, "2014-03-31": "", "2013-12-31": 0, "2013-09-30": 0, "2013-06-30": 0, "2013-03-31": "", "2012-12-31": 0, "2012-09-30": 0, "2012-06-30": 0, "2012-03-31": "", "2011-12-31": 0, "2011-09-30": 0, "2011-06-30": 0, "2011-03-31": "", "2010-12-31": 0, "2010-09-30": 0, "2010-06-30": 0, "2010-03-31": "", "2009-12-31": 0, "2009-09-30": 0, "2009-06-30": 0, "2009-03-31": "", "2008-12-31": 0, "2008-09-30": 0, "2008-06-30": 0, "2008-03-31": "", "2007-12-31": 0, "2007-09-30": 0, "2007-06-30": 0, "2007-03-31": "", "2006-12-31": 6, "2006-09-30": -1, "2006-06-30": -5, "2006-03-31": "", "2005-12-31": -2, "2005-09-30": -1, "2005-06-30": -27, "2005-03-31": ""}, "Net Acquisitions/Divestitures": {"2020-12-31": -129, "2020-09-30": -41, "2020-06-30": -10, "2020-03-31": "180.00000", "2019-12-31": -10950, "2019-09-30": 1710, "2019-06-30": 163, "2019-03-31": "295.00000", "2018-12-31": 271, "2018-09-30": 319, "2018-06-30": -626, "2018-03-31": "39.00000", "2017-12-31": 156, "2017-09-30": -216, "2017-06-30": -59, "2017-03-31": "129.00000", "2016-12-31": 93, "2016-09-30": 146, "2016-06-30": 305, "2016-03-31": "431.00000", "2015-12-31": -184, "2015-09-30": 342, "2015-06-30": -764, "2015-03-31": "203.00000", "2014-12-31": 126, "2014-09-30": 241, "2014-06-30": -56, "2014-03-31": "3055.00000", "2013-12-31": 1, "2013-09-30": 8, "2013-06-30": 0, "2013-03-31": "", "2012-12-31": 52, "2012-09-30": -5038, "2012-06-30": 3, "2012-03-31": "-2479.00000", "2011-12-31": 99, "2011-09-30": -310, "2011-06-30": -114, "2011-03-31": "114.00000", "2010-12-31": -819, "2010-09-30": 57, "2010-06-30": -37, "2010-03-31": "37.00000", "2009-12-31": -130, "2009-09-30": -2102, "2009-06-30": 0, "2009-03-31": "", "2008-12-31": -1, "2008-09-30": 4048, "2008-06-30": -191, "2008-03-31": "483.00000", "2007-12-31": -705, "2007-09-30": 247, "2007-06-30": 26, "2007-03-31": "", "2006-12-31": 0, "2006-09-30": 0, "2006-06-30": 0, "2006-03-31": "226.00000", "2005-12-31": 0, "2005-09-30": 646, "2005-06-30": 197, "2005-03-31": ""}, "Net Change In Short-term Investments": {"2020-12-31": 3148, "2020-09-30": -4728, "2020-06-30": 921, "2020-03-31": "659.00000", "2019-12-31": 1490, "2019-09-30": -3354, "2019-06-30": 743, "2019-03-31": "969.00000", "2018-12-31": -317, "2018-09-30": -242, "2018-06-30": 476, "2018-03-31": "157.00000", "2017-12-31": 1117, "2017-09-30": 620, "2017-06-30": -717, "2017-03-31": "-41.00000", "2016-12-31": 294, "2016-09-30": -173, "2016-06-30": 362, "2016-03-31": "1237.00000", "2015-12-31": -515, "2015-09-30": -170, "2015-06-30": -351, "2015-03-31": "687.00000", "2014-12-31": 416, "2014-09-30": 30, "2014-06-30": -990, "2014-03-31": "-1080.00000", "2013-12-31": 1404, "2013-09-30": -1876, "2013-06-30": 155, "2013-03-31": "273.00000", "2012-12-31": -4490, "2012-09-30": 972, "2012-06-30": 2526, "2012-03-31": "-2615.00000", "2011-12-31": 677, "2011-09-30": 206, "2011-06-30": -266, "2011-03-31": "-1476.00000", "2010-12-31": -2120, "2010-09-30": -116, "2010-06-30": -707, "2010-03-31": "-2880.00000", "2009-12-31": -1171, "2009-09-30": -405, "2009-06-30": -1043, "2009-03-31": "-870.00000", "2008-12-31": 386, "2008-09-30": 75, "2008-06-30": -275, "2008-03-31": "-48.00000", "2007-12-31": 19852, "2007-09-30": -10584, "2007-06-30": -3893, "2007-03-31": "-4619.00000", "2006-12-31": 683, "2006-09-30": 85, "2006-06-30": 49, "2006-03-31": "-55.00000", "2005-12-31": -1097, "2005-09-30": -405, "2005-06-30": 1424, "2005-03-31": "1121.00000"}, "Net Change In Long-Term Investments": {"2020-12-31": -4757, "2020-09-30": 4757, "2020-06-30": 0, "2020-03-31": "", "2019-12-31": -2325, "2019-09-30": 2325, "2019-06-30": 0, "2019-03-31": "", "2018-12-31": 0, "2018-09-30": 0, "2018-06-30": 0, "2018-03-31": "", "2017-12-31": 0, "2017-09-30": 0, "2017-06-30": 0, "2017-03-31": "", "2016-12-31": 0, "2016-09-30": 0, "2016-06-30": 0, "2016-03-31": "", "2015-12-31": 0, "2015-09-30": 0, "2015-06-30": 0, "2015-03-31": "", "2014-12-31": 0, "2014-09-30": 0, "2014-06-30": -376, "2014-03-31": "376.00000", "2013-12-31": -1520, "2013-09-30": 1520, "2013-06-30": 0, "2013-03-31": "", "2012-12-31": 4890, "2012-09-30": 0, "2012-06-30": -2190, "2012-03-31": "2190.00000", "2011-12-31": 0, "2011-09-30": 0, "2011-06-30": 0, "2011-03-31": "", "2010-12-31": 585, "2010-09-30": 1131, "2010-06-30": 1028, "2010-03-31": "453.00000", "2009-12-31": 474, "2009-09-30": 791, "2009-06-30": 730, "2009-03-31": "80.00000", "2008-12-31": 678, "2008-09-30": 23, "2008-06-30": 158, "2008-03-31": "148.00000", "2007-12-31": -19159, "2007-09-30": 10916, "2007-06-30": 3426, "2007-03-31": "4817.00000", "2006-12-31": 0, "2006-09-30": 0, "2006-06-30": 0, "2006-03-31": "", "2005-12-31": 0, "2005-09-30": 0, "2005-06-30": 27, "2005-03-31": "-27.00000"}, "Net Change In Investments - Total": {"2020-12-31": -1609, "2020-09-30": 29, "2020-06-30": 921, "2020-03-31": "659.00000", "2019-12-31": -835, "2019-09-30": -1029, "2019-06-30": 743, "2019-03-31": "969.00000", "2018-12-31": -317, "2018-09-30": -242, "2018-06-30": 476, "2018-03-31": "157.00000", "2017-12-31": 1117, "2017-09-30": 620, "2017-06-30": -717, "2017-03-31": "-41.00000", "2016-12-31": 294, "2016-09-30": -173, "2016-06-30": 362, "2016-03-31": "1237.00000", "2015-12-31": -515, "2015-09-30": -170, "2015-06-30": -351, "2015-03-31": "687.00000", "2014-12-31": 416, "2014-09-30": 30, "2014-06-30": -1366, "2014-03-31": "-704.00000", "2013-12-31": -116, "2013-09-30": -356, "2013-06-30": 155, "2013-03-31": "273.00000", "2012-12-31": 400, "2012-09-30": 972, "2012-06-30": 336, "2012-03-31": "-425.00000", "2011-12-31": 677, "2011-09-30": 206, "2011-06-30": -266, "2011-03-31": "-1476.00000", "2010-12-31": -1535, "2010-09-30": 1015, "2010-06-30": 321, "2010-03-31": "-2427.00000", "2009-12-31": -697, "2009-09-30": 386, "2009-06-30": -313, "2009-03-31": "-790.00000", "2008-12-31": 1064, "2008-09-30": 98, "2008-06-30": -117, "2008-03-31": "100.00000", "2007-12-31": 693, "2007-09-30": 332, "2007-06-30": -467, "2007-03-31": "198.00000", "2006-12-31": 683, "2006-09-30": 85, "2006-06-30": 49, "2006-03-31": "-55.00000", "2005-12-31": -1097, "2005-09-30": -405, "2005-06-30": 1451, "2005-03-31": "1094.00000"}, "Investing Activities - Other": {"2020-12-31": 0, "2020-09-30": 0, "2020-06-30": 0, "2020-03-31": "", "2019-12-31": 0, "2019-09-30": 0, "2019-06-30": 0, "2019-03-31": "", "2018-12-31": 0, "2018-09-30": 0, "2018-06-30": 0, "2018-03-31": "", "2017-12-31": 0, "2017-09-30": 0, "2017-06-30": 0, "2017-03-31": "", "2016-12-31": 0, "2016-09-30": 0, "2016-06-30": 0, "2016-03-31": "", "2015-12-31": 0, "2015-09-30": 0, "2015-06-30": 0, "2015-03-31": "", "2014-12-31": 0, "2014-09-30": 0, "2014-06-30": 21, "2014-03-31": "-21.00000", "2013-12-31": 0, "2013-09-30": -3, "2013-06-30": 0, "2013-03-31": "3.00000", "2012-12-31": 0, "2012-09-30": 0, "2012-06-30": 0, "2012-03-31": "", "2011-12-31": 0, "2011-09-30": 0, "2011-06-30": 0, "2011-03-31": "", "2010-12-31": 0, "2010-09-30": 0, "2010-06-30": 0, "2010-03-31": "", "2009-12-31": -561, "2009-09-30": 0, "2009-06-30": 0, "2009-03-31": "", "2008-12-31": 0, "2008-09-30": 0, "2008-06-30": 0, "2008-03-31": "", "2007-12-31": 3, "2007-09-30": -1, "2007-06-30": 0, "2007-03-31": "-2.00000", "2006-12-31": 0, "2006-09-30": 0, "2006-06-30": -30, "2006-03-31": "-250.00000", "2005-12-31": 0, "2005-09-30": 0, "2005-06-30": 0, "2005-03-31": ""}, "Cash Flow From Investing Activities": {"2020-12-31": -1268, "2020-09-30": -165, "2020-06-30": 780, "2020-03-31": "653.00000", "2019-12-31": -12036, "2019-09-30": 491, "2019-06-30": 715, "2019-03-31": "1060.00000", "2018-12-31": -336, "2018-09-30": -147, "2018-06-30": -348, "2018-03-31": "-43.00000", "2017-12-31": 1019, "2017-09-30": 142, "2017-06-30": -1024, "2017-03-31": "-203.00000", "2016-12-31": 16, "2016-09-30": -368, "2016-06-30": 406, "2016-03-31": "1426.00000", "2015-12-31": -984, "2015-09-30": -62, "2015-06-30": -1280, "2015-03-31": "754.00000", "2014-12-31": 351, "2014-09-30": 164, "2014-06-30": -1511, "2014-03-31": "2212.00000", "2013-12-31": -315, "2013-09-30": -475, "2013-06-30": 57, "2013-03-31": "161.00000", "2012-12-31": 277, "2012-09-30": -4203, "2012-06-30": 226, "2012-03-31": "-3027.00000", "2011-12-31": 495, "2011-09-30": -163, "2011-06-30": -332, "2011-03-31": "-1437.00000", "2010-12-31": -2479, "2010-09-30": 948, "2010-06-30": 238, "2010-03-31": "-2519.00000", "2009-12-31": -1027, "2009-09-30": -1989, "2009-06-30": -438, "2009-03-31": "-926.00000", "2008-12-31": 1025, "2008-09-30": 3959, "2008-06-30": -481, "2008-03-31": "576.00000", "2007-12-31": 34, "2007-09-30": 394, "2007-06-30": -637, "2007-03-31": "7.00000", "2006-12-31": 740, "2006-09-30": -112, "2006-06-30": -145, "2006-03-31": "-277.00000", "2005-12-31": -1323, "2005-09-30": 82, "2005-06-30": 1503, "2005-03-31": "929.00000"}, "Net Long-Term Debt": {"2020-12-31": 1500, "2020-09-30": -1500, "2020-06-30": 0, "2020-03-31": "", "2019-12-31": -12, "2019-09-30": 0, "2019-06-30": 18784, "2019-03-31": "-1250.00000", "2018-12-31": 0, "2018-09-30": 0, "2018-06-30": -5, "2018-03-31": "", "2017-12-31": 0, "2017-09-30": -750, "2017-06-30": -474, "2017-03-31": "1488.00000", "2016-12-31": -15, "2016-09-30": 0, "2016-06-30": 0, "2016-03-31": "", "2015-12-31": 0, "2015-09-30": 0, "2015-06-30": -689, "2015-03-31": "", "2014-12-31": 0, "2014-09-30": 0, "2014-06-30": 0, "2014-03-31": "-676.00000", "2013-12-31": 1477, "2013-09-30": -597, "2013-06-30": 0, "2013-03-31": "12.00000", "2012-12-31": 0, "2012-09-30": -49, "2012-06-30": 0, "2012-03-31": "-109.00000", "2011-12-31": 0, "2011-09-30": 0, "2011-06-30": -24, "2011-03-31": "-54.00000", "2010-12-31": -894, "2010-09-30": -42, "2010-06-30": 6, "2010-03-31": "", "2009-12-31": 1603, "2009-09-30": -65, "2009-06-30": -67, "2009-03-31": "", "2008-12-31": -228, "2008-09-30": 0, "2008-06-30": 1580, "2008-03-31": "-1.00000", "2007-12-31": 1, "2007-09-30": -1301, "2007-06-30": 0, "2007-03-31": "", "2006-12-31": -1296, "2006-09-30": 2, "2006-06-30": 2, "2006-03-31": "2.00000", "2005-12-31": 2502, "2005-09-30": 2, "2005-06-30": -2498, "2005-03-31": "2.00000"}, "Net Current Debt": {"2020-12-31": 264, "2020-09-30": -242, "2020-06-30": -48, "2020-03-31": "26.00000", "2019-12-31": 16, "2019-09-30": 31, "2019-06-30": 157, "2019-03-31": "-73.00000", "2018-12-31": 74, "2018-09-30": -71, "2018-06-30": -202, "2018-03-31": "-344.00000", "2017-12-31": -471, "2017-09-30": 898, "2017-06-30": 108, "2017-03-31": "192.00000", "2016-12-31": 23, "2016-09-30": 85, "2016-06-30": 50, "2016-03-31": "-33.00000", "2015-12-31": -503, "2015-09-30": -113, "2015-06-30": 427, "2015-03-31": "-260.00000", "2014-12-31": 199, "2014-09-30": 40, "2014-06-30": 84, "2014-03-31": "-79.00000", "2013-12-31": -290, "2013-09-30": 567, "2013-06-30": -630, "2013-03-31": "551.00000", "2012-12-31": 29, "2012-09-30": -101, "2012-06-30": 91, "2012-03-31": "30.00000", "2011-12-31": -68, "2011-09-30": -3, "2011-06-30": 52, "2011-03-31": "18.00000", "2010-12-31": -87, "2010-09-30": -7, "2010-06-30": 78, "2010-03-31": "-17.00000", "2009-12-31": -25, "2009-09-30": 29, "2009-06-30": -32, "2009-03-31": "2.00000", "2008-12-31": 29, "2008-09-30": -1618, "2008-06-30": 21, "2008-03-31": "-120.00000", "2007-12-31": 8, "2007-09-30": -4, "2007-06-30": 14, "2007-03-31": "-51.00000", "2006-12-31": 131, "2006-09-30": -59, "2006-06-30": -46, "2006-03-31": "4.00000", "2005-12-31": -42, "2005-09-30": 26, "2005-06-30": 31, "2005-03-31": "-1640.00000"}, "Debt Issuance/Retirement Net - Total": {"2020-12-31": 1764, "2020-09-30": -1742, "2020-06-30": -48, "2020-03-31": "26.00000", "2019-12-31": 4, "2019-09-30": 31, "2019-06-30": 18941, "2019-03-31": "-1323.00000", "2018-12-31": 74, "2018-09-30": -71, "2018-06-30": -207, "2018-03-31": "-344.00000", "2017-12-31": -471, "2017-09-30": 148, "2017-06-30": -366, "2017-03-31": "1680.00000", "2016-12-31": 8, "2016-09-30": 85, "2016-06-30": 50, "2016-03-31": "-33.00000", "2015-12-31": -503, "2015-09-30": -113, "2015-06-30": -262, "2015-03-31": "-260.00000", "2014-12-31": 199, "2014-09-30": 40, "2014-06-30": 84, "2014-03-31": "-755.00000", "2013-12-31": 1187, "2013-09-30": -30, "2013-06-30": -630, "2013-03-31": "563.00000", "2012-12-31": 29, "2012-09-30": -150, "2012-06-30": 91, "2012-03-31": "-79.00000", "2011-12-31": -68, "2011-09-30": -3, "2011-06-30": 28, "2011-03-31": "-36.00000", "2010-12-31": -981, "2010-09-30": -49, "2010-06-30": 84, "2010-03-31": "-17.00000", "2009-12-31": 1578, "2009-09-30": -36, "2009-06-30": -99, "2009-03-31": "2.00000", "2008-12-31": -199, "2008-09-30": -1618, "2008-06-30": 1601, "2008-03-31": "-121.00000", "2007-12-31": 9, "2007-09-30": -1305, "2007-06-30": 14, "2007-03-31": "-51.00000", "2006-12-31": -1165, "2006-09-30": -57, "2006-06-30": -44, "2006-03-31": "6.00000", "2005-12-31": 2460, "2005-09-30": 28, "2005-06-30": -2467, "2005-03-31": "-1638.00000"}, "Net Common Equity Issued/Repurchased": {"2020-12-31": 81, "2020-09-30": 0, "2020-06-30": 0, "2020-03-31": "-81.00000", "2019-12-31": -7000, "2019-09-30": -300, "2019-06-30": 0, "2019-03-31": "", "2018-12-31": 0, "2018-09-30": 0, "2018-06-30": -153, "2018-03-31": "-167.00000", "2017-12-31": -249, "2017-09-30": -220, "2017-06-30": 0, "2017-03-31": "-2000.00000", "2016-12-31": 0, "2016-09-30": 0, "2016-06-30": 0, "2016-03-31": "-231.00000", "2015-12-31": -231, "2015-09-30": 30, "2015-06-30": 27, "2015-03-31": "174.00000", "2014-12-31": 59, "2014-09-30": 29, "2014-06-30": 28, "2014-03-31": "172.00000", "2013-12-31": 81, "2013-09-30": -13, "2013-06-30": 90, "2013-03-31": "-27.00000", "2012-12-31": -426, "2012-09-30": -968, "2012-06-30": -366, "2012-03-31": "-180.00000", "2011-12-31": -126, "2011-09-30": -344, "2011-06-30": -55, "2011-03-31": "-95.00000", "2010-12-31": -182, "2010-09-30": -99, "2010-06-30": -125, "2010-03-31": "82.00000", "2009-12-31": 42, "2009-09-30": 3, "2009-06-30": 0, "2009-03-31": "782.00000", "2008-12-31": 1, "2008-09-30": 0, "2008-06-30": 4, "2008-03-31": "", "2007-12-31": 21, "2007-09-30": 17, "2007-06-30": 274, "2007-03-31": "21.00000", "2006-12-31": 2, "2006-09-30": 4, "2006-06-30": 6, "2006-03-31": "158.00000", "2005-12-31": 40, "2005-09-30": 6, "2005-06-30": 11, "2005-03-31": "109.00000"}, "Net Total Equity Issued/Repurchased": {"2020-12-31": 81, "2020-09-30": 0, "2020-06-30": 0, "2020-03-31": "-81.00000", "2019-12-31": -7000, "2019-09-30": -300, "2019-06-30": 0, "2019-03-31": "", "2018-12-31": 0, "2018-09-30": 0, "2018-06-30": -153, "2018-03-31": "-167.00000", "2017-12-31": -249, "2017-09-30": -220, "2017-06-30": 0, "2017-03-31": "-2000.00000", "2016-12-31": 0, "2016-09-30": 0, "2016-06-30": 0, "2016-03-31": "-231.00000", "2015-12-31": -231, "2015-09-30": 30, "2015-06-30": 27, "2015-03-31": "174.00000", "2014-12-31": 59, "2014-09-30": 29, "2014-06-30": 28, "2014-03-31": "172.00000", "2013-12-31": 81, "2013-09-30": -13, "2013-06-30": 90, "2013-03-31": "-27.00000", "2012-12-31": -426, "2012-09-30": -968, "2012-06-30": -366, "2012-03-31": "-180.00000", "2011-12-31": -126, "2011-09-30": -344, "2011-06-30": -55, "2011-03-31": "-95.00000", "2010-12-31": -182, "2010-09-30": -99, "2010-06-30": -125, "2010-03-31": "82.00000", "2009-12-31": 42, "2009-09-30": 3, "2009-06-30": 0, "2009-03-31": "782.00000", "2008-12-31": 1, "2008-09-30": 0, "2008-06-30": 4, "2008-03-31": "", "2007-12-31": 21, "2007-09-30": 17, "2007-06-30": 274, "2007-03-31": "21.00000", "2006-12-31": 2, "2006-09-30": 4, "2006-06-30": 6, "2006-03-31": "158.00000", "2005-12-31": 40, "2005-09-30": 6, "2005-06-30": 11, "2005-03-31": "109.00000"}, "Total Common And Preferred Stock Dividends Paid": {"2020-12-31": 3054, "2020-09-30": -1016, "2020-06-30": -1021, "2020-03-31": "-1017.00000", "2019-12-31": -668, "2019-09-30": -671, "2019-06-30": -671, "2019-03-31": "-669.00000", "2018-12-31": -653, "2018-09-30": -653, "2018-06-30": -654, "2018-03-31": "-653.00000", "2017-12-31": -639, "2017-09-30": -640, "2017-06-30": -643, "2017-03-31": "-655.00000", "2016-12-31": -635, "2016-09-30": -636, "2016-06-30": -635, "2016-03-31": "-641.00000", "2015-12-31": -618, "2015-09-30": -617, "2015-06-30": -619, "2015-03-31": "-623.00000", "2014-12-31": -598, "2014-09-30": -597, "2014-06-30": -598, "2014-03-31": "-605.00000", "2013-12-31": -577, "2013-09-30": -577, "2013-06-30": -575, "2013-03-31": "-580.00000", "2012-12-31": -561, "2012-09-30": -571, "2012-06-30": -575, "2012-03-31": "-579.00000", "2011-12-31": -560, "2011-09-30": -564, "2011-06-30": -565, "2011-03-31": "-565.00000", "2010-12-31": -549, "2010-09-30": -550, "2010-06-30": -552, "2010-03-31": "-551.00000", "2009-12-31": -626, "2009-09-30": -626, "2009-06-30": -615, "2009-03-31": "-616.00000", "2008-12-31": -616, "2008-09-30": -615, "2008-06-30": -617, "2008-03-31": "-613.00000", "2007-12-31": -554, "2007-09-30": -556, "2007-06-30": -552, "2007-03-31": "-551.00000", "2006-12-31": -550, "2006-09-30": -551, "2006-06-30": -549, "2006-03-31": "-549.00000", "2005-12-31": -547, "2005-09-30": -549, "2005-06-30": -545, "2005-03-31": "-545.00000"}, "Financial Activities - Other": {"2020-12-31": -265, "2020-09-30": 171, "2020-06-30": 76, "2020-03-31": "18.00000", "2019-12-31": -13, "2019-09-30": -1, "2019-06-30": -2, "2019-03-31": "-37.00000", "2018-12-31": 1, "2018-09-30": 4, "2018-06-30": -1, "2018-03-31": "-58.00000", "2017-12-31": 7, "2017-09-30": 6, "2017-06-30": 3, "2017-03-31": "-38.00000", "2016-12-31": 22, "2016-09-30": 5, "2016-06-30": 33, "2016-03-31": "-45.00000", "2015-12-31": -7, "2015-09-30": 0, "2015-06-30": -29, "2015-03-31": "27.00000", "2014-12-31": 109, "2014-09-30": 0, "2014-06-30": 0, "2014-03-31": "-4.00000", "2013-12-31": 20, "2013-09-30": 0, "2013-06-30": 0, "2013-03-31": "", "2012-12-31": 0, "2012-09-30": 0, "2012-06-30": 0, "2012-03-31": "2.00000", "2011-12-31": 0, "2011-09-30": 207, "2011-06-30": 85, "2011-03-31": "4.00000", "2010-12-31": 48, "2010-09-30": 0, "2010-06-30": 98, "2010-03-31": "", "2009-12-31": 0, "2009-09-30": 3, "2009-06-30": 4, "2009-03-31": "187.00000", "2008-12-31": 230, "2008-09-30": 0, "2008-06-30": -19, "2008-03-31": "", "2007-12-31": 0, "2007-09-30": 0, "2007-06-30": 0, "2007-03-31": "", "2006-12-31": -62, "2006-09-30": 0, "2006-06-30": 0, "2006-03-31": "", "2005-12-31": 0, "2005-09-30": 0, "2005-06-30": 0, "2005-03-31": ""}, "Cash Flow From Financial Activities": {"2020-12-31": 4634, "2020-09-30": -2587, "2020-06-30": -993, "2020-03-31": "-1054.00000", "2019-12-31": -7677, "2019-09-30": -941, "2019-06-30": 18268, "2019-03-31": "-2029.00000", "2018-12-31": -578, "2018-09-30": -720, "2018-06-30": -1015, "2018-03-31": "-1222.00000", "2017-12-31": -1352, "2017-09-30": -706, "2017-06-30": -1006, "2017-03-31": "-1013.00000", "2016-12-31": -605, "2016-09-30": -546, "2016-06-30": -552, "2016-03-31": "-950.00000", "2015-12-31": -1359, "2015-09-30": -700, "2015-06-30": -883, "2015-03-31": "-682.00000", "2014-12-31": -231, "2014-09-30": -528, "2014-06-30": -486, "2014-03-31": "-1192.00000", "2013-12-31": 711, "2013-09-30": -620, "2013-06-30": -1115, "2013-03-31": "-44.00000", "2012-12-31": -958, "2012-09-30": -1689, "2012-06-30": -850, "2012-03-31": "-836.00000", "2011-12-31": -754, "2011-09-30": -704, "2011-06-30": -507, "2011-03-31": "-692.00000", "2010-12-31": -1664, "2010-09-30": -698, "2010-06-30": -495, "2010-03-31": "-486.00000", "2009-12-31": 994, "2009-09-30": -656, "2009-06-30": -710, "2009-03-31": "355.00000", "2008-12-31": -584, "2008-09-30": -2233, "2008-06-30": 969, "2008-03-31": "-734.00000", "2007-12-31": -524, "2007-09-30": -1844, "2007-06-30": -264, "2007-03-31": "-581.00000", "2006-12-31": -1775, "2006-09-30": -604, "2006-06-30": -587, "2006-03-31": "-385.00000", "2005-12-31": 1953, "2005-09-30": -515, "2005-06-30": -3001, "2005-03-31": "-2074.00000"}, "Net Cash Flow": {"2020-12-31": -7040, "2020-09-30": -502, "2020-06-30": 4116, "2020-03-31": "3426.00000", "2019-12-31": -17669, "2019-09-30": 2085, "2019-06-30": 21069, "2019-03-31": "424.00000", "2018-12-31": 1503, "2018-09-30": 409, "2018-06-30": -343, "2018-03-31": "-79.00000", "2017-12-31": 777, "2017-09-30": 1174, "2017-06-30": -440, "2017-03-31": "-327.00000", "2016-12-31": 805, "2016-09-30": 498, "2016-06-30": 290, "2016-03-31": "259.00000", "2015-12-31": -1590, "2015-09-30": -224, "2015-06-30": -2095, "2015-03-31": "723.00000", "2014-12-31": 720, "2014-09-30": 569, "2014-06-30": -943, "2014-03-31": "1639.00000", "2013-12-31": 1815, "2013-09-30": -50, "2013-06-30": 466, "2013-03-31": "-301.00000", "2012-12-31": 153, "2012-09-30": -1298, "2012-06-30": 494, "2012-03-31": "-3469.00000", "2011-12-31": 1305, "2011-09-30": 806, "2011-06-30": 260, "2011-03-31": "-1628.00000", "2010-12-31": -2548, "2010-09-30": 1663, "2010-06-30": 783, "2010-03-31": "-2548.00000", "2009-12-31": 1316, "2009-09-30": -1140, "2009-06-30": -325, "2009-03-31": "-144.00000", "2008-12-31": 803, "2008-09-30": 3126, "2008-06-30": 1604, "2008-03-31": "642.00000", "2007-12-31": 154, "2007-09-30": -732, "2007-06-30": 165, "2007-03-31": "196.00000", "2006-12-31": -816, "2006-09-30": 232, "2006-06-30": 125, "2006-03-31": "-573.00000", "2005-12-31": 921, "2005-09-30": 331, "2005-06-30": -1513, "2005-03-31": "-369.00000"}, "Stock-Based Compensation": {"2020-12-31": -608, "2020-09-30": 185, "2020-06-30": 213, "2020-03-31": "210.00000", "2019-12-31": 284, "2019-09-30": 56, "2019-06-30": 48, "2019-03-31": "53.00000", "2018-12-31": 53, "2018-09-30": 62, "2018-06-30": 51, "2018-03-31": "55.00000", "2017-12-31": 50, "2017-09-30": 50, "2017-06-30": 54, "2017-03-31": "45.00000", "2016-12-31": 56, "2016-09-30": 48, "2016-06-30": 54, "2016-03-31": "47.00000", "2015-12-31": 59, "2015-09-30": 63, "2015-06-30": 59, "2015-03-31": "54.00000", "2014-12-31": 66, "2014-09-30": 48, "2014-06-30": 50, "2014-03-31": "49.00000", "2013-12-31": 51, "2013-09-30": 45, "2013-06-30": 46, "2013-03-31": "49.00000", "2012-12-31": 46, "2012-09-30": 26, "2012-06-30": 40, "2012-03-31": "42.00000", "2011-12-31": 41, "2011-09-30": 39, "2011-06-30": 43, "2011-03-31": "38.00000", "2010-12-31": 50, "2010-09-30": 47, "2010-06-30": 49, "2010-03-31": "47.00000", "2009-12-31": 53, "2009-09-30": 42, "2009-06-30": 45, "2009-03-31": "43.00000", "2008-12-31": 49, "2008-09-30": 44, "2008-06-30": 40, "2008-03-31": "48.00000", "2007-12-31": 36, "2007-09-30": 30, "2007-06-30": 36, "2007-03-31": "31.00000", "2006-12-31": 21, "2006-09-30": 20, "2006-06-30": 34, "2006-03-31": "37.00000", "2005-12-31": -28, "2005-09-30": 9, "2005-06-30": 10, "2005-03-31": "9.00000"}, "Common Stock Dividends Paid": {"2020-12-31": 3054, "2020-09-30": -1016, "2020-06-30": -1021, "2020-03-31": "-1017.00000", "2019-12-31": -668, "2019-09-30": -671, "2019-06-30": -671, "2019-03-31": "-669.00000", "2018-12-31": -653, "2018-09-30": -653, "2018-06-30": -654, "2018-03-31": "-653.00000", "2017-12-31": -639, "2017-09-30": -640, "2017-06-30": -643, "2017-03-31": "-655.00000", "2016-12-31": -635, "2016-09-30": -636, "2016-06-30": -635, "2016-03-31": "-641.00000", "2015-12-31": -618, "2015-09-30": -617, "2015-06-30": -619, "2015-03-31": "-623.00000", "2014-12-31": -598, "2014-09-30": -597, "2014-06-30": -598, "2014-03-31": "-605.00000", "2013-12-31": -577, "2013-09-30": -577, "2013-06-30": -575, "2013-03-31": "-580.00000", "2012-12-31": -561, "2012-09-30": -571, "2012-06-30": -575, "2012-03-31": "-579.00000", "2011-12-31": -560, "2011-09-30": -564, "2011-06-30": -565, "2011-03-31": "-565.00000", "2010-12-31": -549, "2010-09-30": -550, "2010-06-30": -552, "2010-03-31": "-551.00000", "2009-12-31": -626, "2009-09-30": -626, "2009-06-30": -615, "2009-03-31": "-616.00000", "2008-12-31": -616, "2008-09-30": -615, "2008-06-30": -617, "2008-03-31": "-613.00000", "2007-12-31": -554, "2007-09-30": -556, "2007-06-30": -552, "2007-03-31": "-551.00000", "2006-12-31": -550, "2006-09-30": -551, "2006-06-30": -549, "2006-03-31": "-549.00000", "2005-12-31": -547, "2005-09-30": -549, "2005-06-30": -545, "2005-03-31": "-545.00000"}}, "financial ratios": {"Current Ratio": {"2019-12-31": "1.60370", "2018-12-31": "1.66290", "2017-12-31": "1.55330", "2016-12-31": "1.55010", "2015-12-31": "1.29910", "2014-12-31": "1.72650", "2013-12-31": "1.52060", "2012-12-31": "1.15000", "2011-12-31": "1.96890", "2010-12-31": "1.96960", "2009-12-31": "2.21100", "2008-12-31": "2.19030", "2007-12-31": "1.20290", "2006-12-31": "1.58590", "2005-12-31": "1.78270"}, "Long-term Debt / Capital": {"2019-12-31": "0.45630", "2018-12-31": "0.28550", "2017-12-31": "0.37060", "2016-12-31": "0.25910", "2015-12-31": "0.31230", "2014-12-31": "0.32580", "2013-12-31": "0.34380", "2012-12-31": "0.32510", "2011-12-31": "0.25310", "2010-12-31": "0.25410", "2009-12-31": "0.29310", "2008-12-31": "0.35040", "2007-12-31": "0.29320", "2006-12-31": "0.42040", "2005-12-31": "0.42730"}, "Debt/Equity Ratio": {"2019-12-31": "0.90400", "2018-12-31": "0.52020", "2017-12-31": "0.67210", "2016-12-31": "0.41040", "2015-12-31": "0.46370", "2014-12-31": "0.52270", "2013-12-31": "0.54740", "2012-12-31": "0.54220", "2011-12-31": "0.34610", "2010-12-31": "0.34820", "2009-12-31": "0.43020", "2008-12-31": "0.55200", "2007-12-31": "0.59380", "2006-12-31": "0.74420", "2005-12-31": "0.76690"}, "Gross Margin": {"2019-12-31": "69.10310", "2018-12-31": "71.33550", "2017-12-31": "71.05310", "2016-12-31": "74.42220", "2015-12-31": "76.39490", "2014-12-31": "75.23770", "2013-12-31": "71.80960", "2012-12-31": "73.83800", "2011-12-31": "73.64900", "2010-12-31": "72.91620", "2009-12-31": "72.67120", "2008-12-31": "69.99150", "2007-12-31": "68.50230", "2006-12-31": "66.55970", "2005-12-31": "69.16420"}, "Operating Margin": {"2019-12-31": "19.02850", "2018-12-31": "26.45270", "2017-12-31": "24.69680", "2016-12-31": "30.44730", "2015-12-31": "12.54230", "2014-12-31": "14.99470", "2013-12-31": "17.64420", "2012-12-31": "23.66500", "2011-12-31": "32.86100", "2010-12-31": "31.15890", "2009-12-31": "28.28580", "2008-12-31": "19.82500", "2007-12-31": "14.04240", "2006-12-31": "10.93290", "2005-12-31": "19.89790"}, "EBIT Margin": {"2019-12-31": "19.02850", "2018-12-31": "26.45270", "2017-12-31": "24.69680", "2016-12-31": "30.44730", "2015-12-31": "12.54230", "2014-12-31": "14.99470", "2013-12-31": "17.64420", "2012-12-31": "23.66500", "2011-12-31": "32.86100", "2010-12-31": "31.15890", "2009-12-31": "28.28580", "2008-12-31": "19.82500", "2007-12-31": "14.04240", "2006-12-31": "10.93290", "2005-12-31": "19.89790"}, "EBITDA Margin": {"2019-12-31": "25.70660", "2018-12-31": "29.27620", "2017-12-31": "28.49440", "2016-12-31": "32.41370", "2015-12-31": "14.81280", "2014-12-31": "17.93560", "2013-12-31": "22.30090", "2012-12-31": "29.18680", "2011-12-31": "35.81720", "2010-12-31": "34.27430", "2009-12-31": "32.04490", "2008-12-31": "24.43130", "2007-12-31": "19.75410", "2006-12-31": "16.65230", "2005-12-31": "24.89120"}, "Pre-Tax Profit Margin": {"2019-12-31": "19.02850", "2018-12-31": "26.45270", "2017-12-31": "24.69680", "2016-12-31": "30.44730", "2015-12-31": "12.54230", "2014-12-31": "14.99470", "2013-12-31": "17.64420", "2012-12-31": "13.27960", "2011-12-31": "32.86100", "2010-12-31": "31.15890", "2009-12-31": "29.78520", "2008-12-31": "26.96020", "2007-12-31": "16.15550", "2006-12-31": "12.86400", "2005-12-31": "23.13360"}, "Net Profit Margin": {"2019-12-31": "13.15360", "2018-12-31": "21.80750", "2017-12-31": "4.84690", "2016-12-31": "22.94230", "2015-12-31": "9.45050", "2014-12-31": "12.62040", "2013-12-31": "15.64240", "2012-12-31": "11.11740", "2011-12-31": "17.42140", "2010-12-31": "15.85920", "2009-12-31": "56.32710", "2008-12-31": "29.61900", "2007-12-31": "13.86310", "2006-12-31": "9.77910", "2005-12-31": "16.12470"}, "Asset Turnover": {"2019-12-31": "0.20120", "2018-12-31": "0.64490", "2017-12-31": "0.61920", "2016-12-31": "0.57630", "2015-12-31": "0.52160", "2014-12-31": "0.47050", "2013-12-31": "0.42460", "2012-12-31": "0.49090", "2011-12-31": "0.64430", "2010-12-31": "0.62700", "2009-12-31": "0.60660", "2008-12-31": "0.60080", "2007-12-31": "0.60240", "2006-12-31": "0.63370", "2005-12-31": "0.66120"}, "Inventory Turnover Ratio": {"2019-12-31": "1.88170", "2018-12-31": "5.41170", "2017-12-31": "5.15780", "2016-12-31": "4.00400", "2015-12-31": "3.20150", "2014-12-31": "2.52050", "2013-12-31": "3.08340", "2012-12-31": "2.78210", "2011-12-31": "4.04480", "2010-12-31": "4.38290", "2009-12-31": "3.63770", "2008-12-31": "3.01190", "2007-12-31": "2.27520", "2006-12-31": "2.60700", "2005-12-31": "2.78500"}, "Receiveable Turnover": {"2019-12-31": "3.40210", "2018-12-31": "3.92570", "2017-12-31": "3.29780", "2016-12-31": "3.50480", "2015-12-31": "3.85210", "2014-12-31": "4.68410", "2013-12-31": "4.87650", "2012-12-31": "5.71550", "2011-12-31": "5.67570", "2010-12-31": "5.59890", "2009-12-31": "5.94440", "2008-12-31": "4.86140", "2007-12-31": "3.91010", "2006-12-31": "4.99170", "2005-12-31": "5.50770"}, "Days Sales In Receivables": {"2019-12-31": "107.28720", "2018-12-31": "92.97700", "2017-12-31": "110.68060", "2016-12-31": "104.14350", "2015-12-31": "94.75450", "2014-12-31": "77.92370", "2013-12-31": "74.84900", "2012-12-31": "63.86100", "2011-12-31": "64.30970", "2010-12-31": "65.19200", "2009-12-31": "61.40260", "2008-12-31": "75.08100", "2007-12-31": "93.34760", "2006-12-31": "73.12160", "2005-12-31": "66.27090"}, "ROE - Return On Equity": {"2019-12-31": "6.69270", "2018-12-31": "35.01810", "2017-12-31": "8.22990", "2016-12-31": "27.57080", "2015-12-31": "11.30750", "2014-12-31": "13.54200", "2013-12-31": "16.93360", "2012-12-31": "18.33850", "2011-12-31": "33.15060", "2010-12-31": "28.85920", "2009-12-31": "29.89520", "2008-12-31": "30.19330", "2007-12-31": "19.42810", "2006-12-31": "12.15090", "2005-12-31": "25.35690"}, "Return On Tangible Equity": {"2019-12-31": "-9.95430", "2018-12-31": "76.13110", "2017-12-31": "25.83470", "2016-12-31": "55.73140", "2015-12-31": "26.63290", "2014-12-31": "32.71000", "2013-12-31": "44.31470", "2012-12-31": "-90.12610", "2011-12-31": "73.49450", "2010-12-31": "64.15070", "2009-12-31": "65.95050", "2008-12-31": "59.16530", "2007-12-31": "48.46480", "2006-12-31": "36.67670", "2005-12-31": "63.66490"}, "ROA - Return On Assets": {"2019-12-31": "2.66270", "2018-12-31": "14.13990", "2017-12-31": "2.90600", "2016-12-31": "13.37110", "2015-12-31": "5.13730", "2014-12-31": "6.01200", "2013-12-31": "6.68530", "2012-12-31": "6.96720", "2011-12-31": "15.95390", "2010-12-31": "14.52250", "2009-12-31": "14.25440", "2008-12-31": "12.50090", "2007-12-31": "7.91480", "2006-12-31": "4.74680", "2005-12-31": "10.10020"}, "ROI - Return On Investment": {"2019-12-31": "3.63880", "2018-12-31": "25.01900", "2017-12-31": "5.18010", "2016-12-31": "20.42790", "2015-12-31": "7.77630", "2014-12-31": "9.12940", "2013-12-31": "11.11260", "2012-12-31": "12.37750", "2011-12-31": "24.76110", "2010-12-31": "21.52530", "2009-12-31": "21.13320", "2008-12-31": "19.61370", "2007-12-31": "13.73220", "2006-12-31": "7.04220", "2005-12-31": "14.52070"}, "Book Value Per Share": {"2019-12-31": "23.20380", "2018-12-31": "8.69890", "2017-12-31": "7.29050", "2016-12-31": "9.82390", "2015-12-31": "8.68390", "2014-12-31": "9.06410", "2013-12-31": "9.28460", "2012-12-31": "8.36690", "2011-12-31": "9.41660", "2010-12-31": "9.20420", "2009-12-31": "8.65130", "2008-12-31": "6.18440", "2007-12-31": "5.35060", "2006-12-31": "5.09230", "2005-12-31": "5.74180"}, "Operating Cash Flow Per Share": {"2019-12-31": 1.0834, "2018-12-31": 0.4355, "2017-12-31": 1.3729, "2016-12-31": 0.5665, "2015-12-31": -0.6313, "2014-12-31": -0.248, "2013-12-31": -1.979, "2012-12-31": 1.2931, "2011-12-31": 0.2184, "2010-12-31": 0.5454, "2009-12-31": 0.2007, "2008-12-31": 0.2596, "2007-12-31": 0.5337, "2006-12-31": 0.1352, "2005-12-31": 0.9259}, "Free Cash Flow Per Share": {"2019-12-31": 1.1761, "2018-12-31": 0.4931, "2017-12-31": 1.4575, "2016-12-31": 0.3317, "2015-12-31": -0.8048, "2014-12-31": -0.2398, "2013-12-31": -1.9774, "2012-12-31": 1.1822, "2011-12-31": 0.2501, "2010-12-31": 0.3874, "2009-12-31": 0.3158, "2008-12-31": 0.323, "2007-12-31": 0.5234, "2006-12-31": 0.2149, "2005-12-31": 0.5905}}, "financial ratios, quarterly": {"Current Ratio": {"2020-09-30": "1.67500", "2020-06-30": "1.46630", "2020-03-31": "1.65630", "2019-12-31": "1.60370", "2019-09-30": "3.83170", "2019-06-30": "3.88380", "2019-03-31": "1.93340", "2018-12-31": "1.66290", "2018-09-30": "1.53380", "2018-06-30": "1.40450", "2018-03-31": "1.52210", "2017-12-31": "1.55330", "2017-09-30": "1.59440", "2017-06-30": "1.58860", "2017-03-31": "1.60290", "2016-12-31": "1.55010", "2016-09-30": "1.46780", "2016-06-30": "1.55970", "2016-03-31": "1.47620", "2015-12-31": "1.29910", "2015-09-30": "1.80580", "2015-06-30": "1.75600", "2015-03-31": "1.94110", "2014-12-31": "1.72650", "2014-09-30": "1.74960", "2014-06-30": "1.80330", "2014-03-31": "1.86330", "2013-12-31": "1.52060", "2013-09-30": "1.28360", "2013-06-30": "1.25520", "2013-03-31": "1.19750", "2012-12-31": "1.15000", "2012-09-30": "1.13220", "2012-06-30": "1.57530", "2012-03-31": "1.63150", "2011-12-31": "1.96890", "2011-09-30": "2.03320", "2011-06-30": "1.99390", "2011-03-31": "1.96830", "2010-12-31": "1.96960", "2010-09-30": "2.28770", "2010-06-30": "2.19750", "2010-03-31": "2.08280", "2009-12-31": "2.21100", "2009-09-30": "1.81100", "2009-06-30": "2.16040", "2009-03-31": "2.31800", "2008-12-31": "2.19030", "2008-09-30": "2.12620", "2008-06-30": "1.48560", "2008-03-31": "1.25310", "2007-12-31": "1.20290", "2007-09-30": "1.31590", "2007-06-30": "1.72580", "2007-03-31": "1.67400", "2006-12-31": "1.58590", "2006-09-30": "1.88940", "2006-06-30": "2.02500", "2006-03-31": "1.93070", "2005-12-31": "1.78270", "2005-09-30": "1.53200", "2005-06-30": "1.41120", "2005-03-31": "1.61240"}, "Long-term Debt / Capital": {"2020-09-30": "0.45160", "2020-06-30": "0.45990", "2020-03-31": "0.46160", "2019-12-31": "0.45630", "2019-09-30": "0.57870", "2019-06-30": "0.60200", "2019-03-31": "0.26890", "2018-12-31": "0.28550", "2018-09-30": "0.29260", "2018-06-30": "0.31350", "2018-03-31": "0.30910", "2017-12-31": "0.37060", "2017-09-30": "0.31890", "2017-06-30": "0.31800", "2017-03-31": "0.33240", "2016-12-31": "0.25910", "2016-09-30": "0.27000", "2016-06-30": "0.30380", "2016-03-31": "0.31180", "2015-12-31": "0.31230", "2015-09-30": "0.30280", "2015-06-30": "0.30200", "2015-03-31": "0.31240", "2014-12-31": "0.32580", "2014-09-30": "0.32340", "2014-06-30": "0.32400", "2014-03-31": "0.32170", "2013-12-31": "0.34380", "2013-09-30": "0.30740", "2013-06-30": "0.30950", "2013-03-31": "0.32250", "2012-12-31": "0.32510", "2012-09-30": "0.32220", "2012-06-30": "0.24780", "2012-03-31": "0.24490", "2011-12-31": "0.25310", "2011-09-30": "0.24860", "2011-06-30": "0.24830", "2011-03-31": "0.24910", "2010-12-31": "0.25410", "2010-09-30": "0.29010", "2010-06-30": "0.28630", "2010-03-31": "0.28530", "2009-12-31": "0.29310", "2009-09-30": "0.30500", "2009-06-30": "0.30910", "2009-03-31": "0.33090", "2008-12-31": "0.35040", "2008-09-30": "0.32110", "2008-06-30": "0.35840", "2008-03-31": "0.30620", "2007-12-31": "0.29320", "2007-09-30": "0.27580", "2007-06-30": "0.39330", "2007-03-31": "0.41010", "2006-12-31": "0.42040", "2006-09-30": "0.40340", "2006-06-30": "0.41300", "2006-03-31": "0.41740", "2005-12-31": "0.42730", "2005-09-30": "0.34350", "2005-06-30": "0.35740", "2005-03-31": "0.44510"}, "Debt/Equity Ratio": {"2020-09-30": "0.89490", "2020-06-30": "0.94940", "2020-03-31": "0.93450", "2019-12-31": "0.90400", "2019-09-30": "1.40580", "2019-06-30": "1.54650", "2019-03-31": "0.39280", "2018-12-31": "0.52020", "2018-09-30": "0.53140", "2018-06-30": "0.59490", "2018-03-31": "0.59660", "2017-12-31": "0.67210", "2017-09-30": "0.56610", "2017-06-30": "0.55440", "2017-03-31": "0.58030", "2016-12-31": "0.41040", "2016-09-30": "0.43250", "2016-06-30": "0.44670", "2016-03-31": "0.46040", "2015-12-31": "0.46370", "2015-09-30": "0.47630", "2015-06-30": "0.48200", "2015-03-31": "0.47530", "2014-12-31": "0.52270", "2014-09-30": "0.50440", "2014-06-30": "0.50310", "2014-03-31": "0.49240", "2013-12-31": "0.54740", "2013-09-30": "0.49010", "2013-06-30": "0.50140", "2013-03-31": "0.57620", "2012-12-31": "0.54220", "2012-09-30": "0.52940", "2012-06-30": "0.34440", "2012-03-31": "0.33330", "2011-12-31": "0.34610", "2011-09-30": "0.34190", "2011-06-30": "0.34180", "2011-03-31": "0.34030", "2010-12-31": "0.34820", "2010-09-30": "0.42390", "2010-06-30": "0.41980", "2010-03-31": "0.41290", "2009-12-31": "0.43020", "2009-09-30": "0.45880", "2009-06-30": "0.45630", "2009-03-31": "0.50640", "2008-12-31": "0.55200", "2008-09-30": "0.48350", "2008-06-30": "0.72560", "2008-03-31": "0.60990", "2007-12-31": "0.59380", "2007-09-30": "0.54940", "2007-06-30": "0.67220", "2007-03-31": "0.71850", "2006-12-31": "0.74420", "2006-09-30": "0.73060", "2006-06-30": "0.71960", "2006-03-31": "0.73660", "2005-12-31": "0.76690", "2005-09-30": "0.54770", "2005-06-30": "0.58330", "2005-03-31": "0.82550"}, "Gross Margin": {"2020-09-30": "76.26190", "2020-06-30": "73.35370", "2020-03-31": "66.03280", "2019-12-31": "68.63440", "2019-09-30": "70.20140", "2019-06-30": "68.56370", "2019-03-31": "69.18920", "2018-12-31": "73.04540", "2018-09-30": "71.04200", "2018-06-30": "71.51120", "2018-03-31": "69.49740", "2017-12-31": "70.61850", "2017-09-30": "69.94670", "2017-06-30": "69.49840", "2017-03-31": "74.33560", "2016-12-31": "73.18330", "2016-09-30": "73.48640", "2016-06-30": "75.24120", "2016-03-31": "76.04190", "2015-12-31": "77.79330", "2015-09-30": "73.04010", "2015-06-30": "75.66660", "2015-03-31": "79.03980", "2014-12-31": "77.31330", "2014-09-30": "74.31780", "2014-06-30": "74.51790", "2014-03-31": "74.59990", "2013-12-31": "71.33530", "2013-09-30": "71.09470", "2013-06-30": "72.62850", "2013-03-31": "72.25270", "2012-12-31": "74.34980", "2012-09-30": "73.58140", "2012-06-30": "71.97840", "2012-03-31": "75.18570", "2011-12-31": "74.93580", "2011-09-30": "73.67630", "2011-06-30": "72.74570", "2011-03-31": "73.19900", "2010-12-31": "72.33420", "2010-09-30": "73.32220", "2010-06-30": "73.21730", "2010-03-31": "72.83130", "2009-12-31": "71.52790", "2009-09-30": "72.49370", "2009-06-30": "73.74060", "2009-03-31": "73.04490", "2008-12-31": "81.32660", "2008-09-30": "68.89990", "2008-06-30": "67.90310", "2008-03-31": "67.90020", "2007-12-31": "68.89590", "2007-09-30": "67.87660", "2007-06-30": "68.50820", "2007-03-31": "68.95990", "2006-12-31": "63.66180", "2006-09-30": "64.73280", "2006-06-30": "67.80950", "2006-03-31": "68.43460", "2005-12-31": "68.21370", "2005-09-30": "68.89030", "2005-06-30": "69.66660", "2005-03-31": "69.83670"}, "Operating Margin": {"2020-09-30": "21.41370", "2020-06-30": "16.06280", "2020-03-31": "-2.81980", "2019-12-31": "-1.62370", "2019-09-30": "22.45710", "2019-06-30": "28.31180", "2019-03-31": "33.42910", "2018-12-31": "25.19670", "2018-09-30": "38.07770", "2018-06-30": "9.06380", "2018-03-31": "34.25770", "2017-12-31": "12.80970", "2017-09-30": "22.51620", "2017-06-30": "25.17500", "2017-03-31": "39.66320", "2016-12-31": "20.71330", "2016-09-30": "31.67410", "2016-06-30": "33.15540", "2016-03-31": "37.69070", "2015-12-31": "-9.56380", "2015-09-30": "24.25660", "2015-06-30": "1.24910", "2015-03-31": "35.83270", "2014-12-31": "-1.40910", "2014-09-30": "25.70770", "2014-06-30": "11.51970", "2014-03-31": "25.84620", "2013-12-31": "19.56770", "2013-09-30": "20.12300", "2013-06-30": "13.09290", "2013-03-31": "17.59330", "2012-12-31": "12.24050", "2012-09-30": "15.28370", "2012-06-30": "23.83530", "2012-03-31": "38.60220", "2011-12-31": "31.48150", "2011-09-30": "33.05890", "2011-06-30": "32.53590", "2011-03-31": "34.50410", "2010-12-31": "31.16810", "2010-09-30": "32.95120", "2010-06-30": "32.10990", "2010-03-31": "28.41690", "2009-12-31": "24.87580", "2009-09-30": "30.84800", "2009-06-30": "30.41800", "2009-03-31": "27.11710", "2008-12-31": "13.01230", "2008-09-30": "19.92770", "2008-06-30": "21.19930", "2008-03-31": "21.54980", "2007-12-31": "-13.10590", "2007-09-30": "18.90890", "2007-06-30": "19.05610", "2007-03-31": "17.67430", "2006-12-31": "-22.89590", "2006-09-30": "11.84400", "2006-06-30": "19.99590", "2006-03-31": "18.81950", "2005-12-31": "17.09310", "2005-09-30": "19.76090", "2005-06-30": "20.84270", "2005-03-31": "21.75640"}, "EBIT Margin": {"2020-09-30": "21.41370", "2020-06-30": "16.06280", "2020-03-31": "-2.81980", "2019-12-31": "-1.62370", "2019-09-30": "22.45710", "2019-06-30": "28.31180", "2019-03-31": "33.42910", "2018-12-31": "25.19670", "2018-09-30": "38.07770", "2018-06-30": "9.06380", "2018-03-31": "34.25770", "2017-12-31": "12.80970", "2017-09-30": "22.51620", "2017-06-30": "25.17500", "2017-03-31": "39.66320", "2016-12-31": "20.71330", "2016-09-30": "31.67410", "2016-06-30": "33.15540", "2016-03-31": "37.69070", "2015-12-31": "-9.56380", "2015-09-30": "24.25660", "2015-06-30": "1.24910", "2015-03-31": "35.83270", "2014-12-31": "-1.40910", "2014-09-30": "25.70770", "2014-06-30": "11.51970", "2014-03-31": "25.84620", "2013-12-31": "19.56770", "2013-09-30": "20.12300", "2013-06-30": "13.09290", "2013-03-31": "17.59330", "2012-12-31": "12.24050", "2012-09-30": "15.28370", "2012-06-30": "23.83530", "2012-03-31": "38.60220", "2011-12-31": "31.48150", "2011-09-30": "33.05890", "2011-06-30": "32.53590", "2011-03-31": "34.50410", "2010-12-31": "31.16810", "2010-09-30": "32.95120", "2010-06-30": "32.10990", "2010-03-31": "28.41690", "2009-12-31": "24.87580", "2009-09-30": "30.84800", "2009-06-30": "30.41800", "2009-03-31": "27.11710", "2008-12-31": "13.01230", "2008-09-30": "19.92770", "2008-06-30": "21.19930", "2008-03-31": "21.54980", "2007-12-31": "-13.10590", "2007-09-30": "18.90890", "2007-06-30": "19.05610", "2007-03-31": "17.67430", "2006-12-31": "-22.89590", "2006-09-30": "11.84400", "2006-06-30": "19.99590", "2006-03-31": "18.81950", "2005-12-31": "17.09310", "2005-09-30": "19.76090", "2005-06-30": "20.84270", "2005-03-31": "21.75640"}, "EBITDA Margin": {"2020-09-30": "", "2020-06-30": "", "2020-03-31": "", "2019-12-31": "", "2019-09-30": "", "2019-06-30": "", "2019-03-31": "", "2018-12-31": "", "2018-09-30": "", "2018-06-30": "", "2018-03-31": "", "2017-12-31": "", "2017-09-30": "", "2017-06-30": "", "2017-03-31": "", "2016-12-31": "", "2016-09-30": "", "2016-06-30": "", "2016-03-31": "", "2015-12-31": "", "2015-09-30": "", "2015-06-30": "", "2015-03-31": "", "2014-12-31": "", "2014-09-30": "", "2014-06-30": "", "2014-03-31": "", "2013-12-31": "", "2013-09-30": "", "2013-06-30": "", "2013-03-31": "", "2012-12-31": "", "2012-09-30": "", "2012-06-30": "", "2012-03-31": "", "2011-12-31": "", "2011-09-30": "", "2011-06-30": "", "2011-03-31": "", "2010-12-31": "", "2010-09-30": "", "2010-06-30": "", "2010-03-31": "", "2009-12-31": "", "2009-09-30": "", "2009-06-30": "", "2009-03-31": "", "2008-12-31": "", "2008-09-30": "", "2008-06-30": "", "2008-03-31": "", "2007-12-31": "", "2007-09-30": "", "2007-06-30": "", "2007-03-31": "", "2006-12-31": "", "2006-09-30": "", "2006-06-30": "", "2006-03-31": "", "2005-12-31": "", "2005-09-30": "", "2005-06-30": "", "2005-03-31": ""}, "Pre-Tax Profit Margin": {"2020-09-30": "21.41370", "2020-06-30": "16.06280", "2020-03-31": "-2.81980", "2019-12-31": "-1.62370", "2019-09-30": "22.45710", "2019-06-30": "28.31180", "2019-03-31": "33.42910", "2018-12-31": "25.19670", "2018-09-30": "38.07770", "2018-06-30": "9.06380", "2018-03-31": "34.25770", "2017-12-31": "12.80970", "2017-09-30": "22.51620", "2017-06-30": "25.17500", "2017-03-31": "39.66320", "2016-12-31": "20.71330", "2016-09-30": "31.67410", "2016-06-30": "33.15540", "2016-03-31": "37.69070", "2015-12-31": "-9.56380", "2015-09-30": "24.25660", "2015-06-30": "1.24910", "2015-03-31": "35.83270", "2014-12-31": "-1.40910", "2014-09-30": "25.70770", "2014-06-30": "11.51970", "2014-03-31": "25.84620", "2013-12-31": "19.56770", "2013-09-30": "20.12300", "2013-06-30": "13.09290", "2013-03-31": "17.59330", "2012-12-31": "12.24050", "2012-09-30": "-33.69910", "2012-06-30": "23.83530", "2012-03-31": "38.60220", "2011-12-31": "29.22630", "2011-09-30": "34.23760", "2011-06-30": "32.94070", "2011-03-31": "35.26240", "2010-12-31": "27.64630", "2010-09-30": "33.63900", "2010-06-30": "33.38930", "2010-03-31": "30.20600", "2009-12-31": "26.22690", "2009-09-30": "32.68590", "2009-06-30": "32.62590", "2009-03-31": "27.64920", "2008-12-31": "50.40140", "2008-09-30": "21.98330", "2008-06-30": "23.46720", "2008-03-31": "24.67800", "2007-12-31": "-25.58350", "2007-09-30": "27.29840", "2007-06-30": "22.03090", "2007-03-31": "19.73590", "2006-12-31": "-33.30670", "2006-09-30": "14.85320", "2006-06-30": "22.78790", "2006-03-31": "25.51330", "2005-12-31": "14.03670", "2005-09-30": "34.10950", "2005-06-30": "23.11310", "2005-03-31": "20.47660"}, "Net Profit Margin": {"2020-09-30": "17.76090", "2020-06-30": "-0.83920", "2020-03-31": "-7.18860", "2019-12-31": "-13.29140", "2019-09-30": "22.52370", "2019-06-30": "22.82800", "2019-03-31": "28.88510", "2018-12-31": "19.42070", "2018-09-30": "33.40360", "2018-06-30": "6.53930", "2018-03-31": "28.61540", "2017-12-31": "-42.72340", "2017-09-30": "16.08300", "2017-06-30": "17.80720", "2017-03-31": "31.93350", "2016-12-31": "17.05130", "2016-09-30": "24.42100", "2016-06-30": "23.93760", "2016-03-31": "27.21480", "2015-12-31": "-4.59530", "2015-09-30": "17.35070", "2015-06-30": "-3.12270", "2015-03-31": "29.34920", "2014-12-31": "0.30530", "2014-09-30": "18.38820", "2014-06-30": "8.56260", "2014-03-31": "24.58670", "2013-12-31": "16.34770", "2013-09-30": "17.02340", "2013-06-30": "13.24110", "2013-03-31": "15.89660", "2012-12-31": "22.04720", "2012-09-30": "-19.03110", "2012-06-30": "14.51720", "2012-03-31": "20.96740", "2011-12-31": "15.58490", "2011-09-30": "18.09170", "2011-06-30": "16.56240", "2011-03-31": "19.63680", "2010-12-31": "9.21540", "2010-09-30": "19.77910", "2010-06-30": "19.44210", "2010-03-31": "15.45660", "2009-12-31": "159.09000", "2009-09-30": "20.17540", "2009-06-30": "21.07180", "2009-03-31": "14.76170", "2008-12-31": "52.55600", "2008-09-30": "49.06740", "2008-06-30": "14.68380", "2008-03-31": "13.51460", "2007-12-31": "-3.99460", "2007-09-30": "18.64810", "2007-06-30": "15.79070", "2007-03-31": "15.98330", "2006-12-31": "-5.34500", "2006-09-30": "8.13670", "2006-06-30": "13.69330", "2006-03-31": "15.26950", "2005-12-31": "11.29730", "2005-09-30": "20.22240", "2005-06-30": "20.53590", "2005-03-31": "11.76080"}, "Asset Turnover": {"2020-09-30": "0.08400", "2020-06-30": "0.07910", "2020-03-31": "0.08340", "2019-12-31": "0.06110", "2019-09-30": "0.10460", "2019-06-30": "0.11370", "2019-03-31": "0.16990", "2018-12-31": "0.17070", "2018-09-30": "0.16870", "2018-06-30": "0.17470", "2018-03-31": "0.15700", "2017-12-31": "0.16240", "2017-09-30": "0.15460", "2017-06-30": "0.15400", "2017-03-31": "0.14960", "2016-12-31": "0.15550", "2016-09-30": "0.14590", "2016-06-30": "0.14840", "2016-03-31": "0.13770", "2015-12-31": "0.13500", "2015-09-30": "0.12800", "2015-06-30": "0.13030", "2015-03-31": "0.12030", "2014-12-31": "0.12620", "2014-09-30": "0.11720", "2014-06-30": "0.11610", "2014-03-31": "0.11400", "2013-12-31": "0.11510", "2013-09-30": "0.11040", "2013-06-30": "0.11170", "2013-03-31": "0.10650", "2012-12-31": "0.11680", "2012-09-30": "0.10370", "2012-06-30": "0.14030", "2012-03-31": "0.16200", "2011-12-31": "0.16540", "2011-09-30": "0.16700", "2011-06-30": "0.17070", "2011-03-31": "0.16240", "2010-12-31": "0.16450", "2010-09-30": "0.15050", "2010-06-30": "0.15360", "2010-03-31": "0.15630", "2009-12-31": "0.16230", "2009-09-30": "0.15470", "2009-06-30": "0.15650", "2009-03-31": "0.14560", "2008-12-31": "0.08030", "2008-09-30": "0.18450", "2008-06-30": "0.18540", "2008-03-31": "0.18580", "2007-12-31": "0.08590", "2007-09-30": "0.17630", "2007-06-30": "0.16450", "2007-03-31": "0.16550", "2006-12-31": "0.09800", "2006-09-30": "0.15260", "2006-06-30": "0.17780", "2006-03-31": "0.17030", "2005-12-31": "0.15700", "2005-09-30": "0.18610", "2005-06-30": "0.19380", "2005-03-31": "0.15950"}, "Inventory Turnover Ratio": {"2020-09-30": "1.28370", "2020-06-30": "1.13210", "2020-03-31": "1.29130", "2019-12-31": "0.58050", "2019-09-30": "1.50170", "2019-06-30": "1.50760", "2019-03-31": "1.42170", "2018-12-31": "1.34730", "2018-09-30": "1.28550", "2018-06-30": "1.30840", "2018-03-31": "1.28680", "2017-12-31": "1.37310", "2017-09-30": "1.26320", "2017-06-30": "1.28920", "2017-03-31": "0.91400", "2016-12-31": "1.13300", "2016-09-30": "0.88060", "2016-06-30": "0.83920", "2016-03-31": "0.78740", "2015-12-31": "0.77970", "2015-09-30": "0.97080", "2015-06-30": "0.77680", "2015-03-31": "0.58940", "2014-12-31": "0.61920", "2014-09-30": "0.64350", "2014-06-30": "0.59480", "2014-03-31": "0.58490", "2013-12-31": "0.84980", "2013-09-30": "0.71650", "2013-06-30": "0.62070", "2013-03-31": "0.59350", "2012-12-31": "0.64880", "2012-09-30": "0.58160", "2012-06-30": "0.81850", "2012-03-31": "0.89060", "2011-12-31": "0.98770", "2011-09-30": "1.03680", "2011-06-30": "0.99260", "2011-03-31": "1.01590", "2010-12-31": "1.17440", "2010-09-30": "0.93500", "2010-06-30": "1.00950", "2010-03-31": "1.01710", "2009-12-31": "1.01420", "2009-09-30": "0.72200", "2009-06-30": "0.68820", "2009-03-31": "0.67150", "2008-12-31": "0.25040", "2008-09-30": "0.79510", "2008-06-30": "0.77460", "2008-03-31": "0.67210", "2007-12-31": "0.32050", "2007-09-30": "0.65140", "2007-06-30": "0.63310", "2007-03-31": "0.63930", "2006-12-31": "0.43820", "2006-09-30": "0.63780", "2006-06-30": "0.71110", "2006-03-31": "0.68750", "2005-12-31": "0.68160", "2005-09-30": "0.72240", "2005-06-30": "0.74410", "2005-03-31": "0.71010"}, "Receiveable Turnover": {"2020-09-30": "1.30740", "2020-06-30": "1.28950", "2020-03-31": "1.30050", "2019-12-31": "1.03380", "2019-09-30": "1.09020", "2019-06-30": "1.10690", "2019-03-31": "1.03790", "2018-12-31": "1.03930", "2018-09-30": "0.96930", "2018-06-30": "1.02610", "2018-03-31": "0.91380", "2017-12-31": "0.86490", "2017-09-30": "0.88720", "2017-06-30": "0.88970", "2017-03-31": "0.89720", "2016-12-31": "0.94590", "2016-09-30": "0.87940", "2016-06-30": "0.86640", "2016-03-31": "0.88580", "2015-12-31": "0.99720", "2015-09-30": "1.04120", "2015-06-30": "1.13370", "2015-03-31": "1.16860", "2014-12-31": "1.25600", "2014-09-30": "1.18070", "2014-06-30": "1.17320", "2014-03-31": "1.14930", "2013-12-31": "1.32170", "2013-09-30": "1.10670", "2013-06-30": "1.18850", "2013-03-31": "1.15810", "2012-12-31": "1.35940", "2012-09-30": "1.29320", "2012-06-30": "1.57270", "2012-03-31": "1.45340", "2011-12-31": "1.45710", "2011-09-30": "1.44970", "2011-06-30": "1.33880", "2011-03-31": "1.39700", "2010-12-31": "1.46870", "2010-09-30": "1.46060", "2010-06-30": "1.50320", "2010-03-31": "1.38970", "2009-12-31": "1.59070", "2009-09-30": "1.29440", "2009-06-30": "1.28900", "2009-03-31": "1.20060", "2008-12-31": "0.64960", "2008-09-30": "1.24380", "2008-06-30": "1.16420", "2008-03-31": "1.07710", "2007-12-31": "0.55780", "2007-09-30": "1.24220", "2007-06-30": "1.23100", "2007-03-31": "1.27680", "2006-12-31": "0.77210", "2006-09-30": "1.41050", "2006-06-30": "1.46450", "2006-03-31": "1.44500", "2005-12-31": "1.30760", "2005-09-30": "1.44240", "2005-06-30": "1.47480", "2005-03-31": "1.24270"}, "Days Sales In Receivables": {"2020-09-30": "68.84060", "2020-06-30": "69.79470", "2020-03-31": "69.20510", "2019-12-31": "87.05480", "2019-09-30": "82.55370", "2019-06-30": "81.30560", "2019-03-31": "86.71620", "2018-12-31": "86.59470", "2018-09-30": "92.84660", "2018-06-30": "87.71210", "2018-03-31": "98.49220", "2017-12-31": "104.05580", "2017-09-30": "101.44270", "2017-06-30": "101.16250", "2017-03-31": "100.31650", "2016-12-31": "95.14970", "2016-09-30": "102.34250", "2016-06-30": "103.87600", "2016-03-31": "101.60100", "2015-12-31": "90.25190", "2015-09-30": "86.43890", "2015-06-30": "79.38510", "2015-03-31": "77.01560", "2014-12-31": "71.65340", "2014-09-30": "76.22800", "2014-06-30": "76.71640", "2014-03-31": "78.31020", "2013-12-31": "68.09280", "2013-09-30": "81.32100", "2013-06-30": "75.72630", "2013-03-31": "77.71340", "2012-12-31": "66.20620", "2012-09-30": "69.59580", "2012-06-30": "57.22490", "2012-03-31": "61.92540", "2011-12-31": "61.76570", "2011-09-30": "62.08230", "2011-06-30": "67.22670", "2011-03-31": "64.42430", "2010-12-31": "61.27960", "2010-09-30": "61.61940", "2010-06-30": "59.87420", "2010-03-31": "64.76180", "2009-12-31": "56.57860", "2009-09-30": "69.53010", "2009-06-30": "69.81990", "2009-03-31": "74.96530", "2008-12-31": "138.55510", "2008-09-30": "72.35630", "2008-06-30": "77.30350", "2008-03-31": "83.55960", "2007-12-31": "161.33750", "2007-09-30": "72.45380", "2007-06-30": "73.11120", "2007-03-31": "70.48650", "2006-12-31": "116.56560", "2006-09-30": "63.80600", "2006-06-30": "61.45350", "2006-03-31": "62.28400", "2005-12-31": "68.82950", "2005-09-30": "62.39770", "2005-06-30": "61.02480", "2005-03-31": "72.42500"}, "ROE - Return On Equity": {"2020-09-30": "3.73880", "2020-06-30": "-0.16270", "2020-03-31": "-1.53270", "2019-12-31": "-2.05040", "2019-09-30": "7.69400", "2019-06-30": "8.90970", "2019-03-31": "11.19670", "2018-12-31": "8.19710", "2018-09-30": "13.90550", "2018-06-30": "3.07620", "2018-03-31": "11.58380", "2017-12-31": "-19.65900", "2017-09-30": "5.73960", "2017-06-30": "6.22090", "2017-03-31": "10.49880", "2016-12-31": "5.49340", "2016-09-30": "7.69910", "2016-06-30": "7.87900", "2016-03-31": "8.28810", "2015-12-31": "-1.30340", "2015-09-30": "4.77970", "2015-06-30": "-0.71940", "2015-03-31": "7.64230", "2014-12-31": "0.18020", "2014-09-30": "4.81550", "2014-06-30": "2.17180", "2014-03-31": "6.02670", "2013-12-31": "4.82410", "2013-09-30": "4.70300", "2013-06-30": "3.68750", "2013-03-31": "4.54780", "2012-12-31": "6.77520", "2012-09-30": "-5.12950", "2012-06-30": "5.11000", "2012-03-31": "9.12220", "2011-12-31": "7.75820", "2011-09-30": "8.24410", "2011-06-30": "8.09540", "2011-03-31": "8.59690", "2010-12-31": "5.38430", "2010-09-30": "8.21090", "2010-06-30": "8.14180", "2010-03-31": "7.22770", "2009-12-31": "7.65640", "2009-09-30": "8.34320", "2009-06-30": "8.38830", "2009-03-31": "7.00740", "2008-12-31": "10.06720", "2008-09-30": "6.54660", "2008-06-30": "8.93490", "2008-03-31": "6.12630", "2007-12-31": "0.64380", "2007-09-30": "6.75150", "2007-06-30": "5.46370", "2007-03-31": "6.26640", "2006-12-31": "-5.05450", "2006-09-30": "2.91660", "2006-06-30": "5.69500", "2006-03-31": "6.17860", "2005-12-31": "3.11380", "2005-09-30": "8.55520", "2005-06-30": "9.17510", "2005-03-31": "5.18250"}, "Return On Tangible Equity": {"2020-09-30": "-6.95940", "2020-06-30": "0.26150", "2020-03-31": "2.24360", "2019-12-31": "3.04960", "2019-09-30": "13.34120", "2019-06-30": "16.68790", "2019-03-31": "22.11480", "2018-12-31": "17.82090", "2018-09-30": "32.09670", "2018-06-30": "8.22390", "2018-03-31": "30.34300", "2017-12-31": "-61.71170", "2017-09-30": "12.52190", "2017-06-30": "13.73050", "2017-03-31": "23.90350", "2016-12-31": "11.10420", "2016-09-30": "16.13760", "2016-06-30": "17.40910", "2016-03-31": "19.15500", "2015-12-31": "-3.06990", "2015-09-30": "10.77170", "2015-06-30": "-1.62910", "2015-03-31": "17.23690", "2014-12-31": "0.43530", "2014-09-30": "11.37180", "2014-06-30": "5.14640", "2014-03-31": "14.91160", "2013-12-31": "12.62450", "2013-09-30": "-62.45490", "2013-06-30": "-32.25810", "2013-03-31": "-24.75170", "2012-12-31": "-33.29730", "2012-09-30": "25.32860", "2012-06-30": "18.18180", "2012-03-31": "32.00170", "2011-12-31": "17.19990", "2011-09-30": "17.65240", "2011-06-30": "16.99610", "2011-03-31": "18.55070", "2010-12-31": "11.96870", "2010-09-30": "16.44150", "2010-06-30": "16.69960", "2010-03-31": "15.28740", "2009-12-31": "16.89050", "2009-09-30": "19.43270", "2009-06-30": "14.54160", "2009-03-31": "12.78670", "2008-12-31": "19.72710", "2008-09-30": "12.30210", "2008-06-30": "20.68300", "2008-03-31": "15.12390", "2007-12-31": "1.60600", "2007-09-30": "16.05540", "2007-06-30": "13.92050", "2007-03-31": "17.59230", "2006-12-31": "-15.25680", "2006-09-30": "7.00080", "2006-06-30": "13.74120", "2006-03-31": "15.27930", "2005-12-31": "7.81810", "2005-09-30": "21.63380", "2005-06-30": "25.45600", "2005-03-31": "16.27340"}, "ROA - Return On Assets": {"2020-09-30": "1.49600", "2020-06-30": "-0.06250", "2020-03-31": "-0.59250", "2019-12-31": "-0.81570", "2019-09-30": "2.37840", "2019-06-30": "2.60860", "2019-03-31": "4.92340", "2018-12-31": "3.30990", "2018-09-30": "5.66790", "2018-06-30": "1.17030", "2018-03-31": "4.51890", "2017-12-31": "-6.94170", "2017-09-30": "2.51940", "2017-06-30": "2.75970", "2017-03-31": "4.63310", "2016-12-31": "2.66410", "2016-09-30": "3.60250", "2016-06-30": "3.61850", "2016-03-31": "3.78150", "2015-12-31": "-0.59220", "2015-09-30": "2.29710", "2015-06-30": "-0.34420", "2015-03-31": "3.57070", "2014-12-31": "0.08000", "2014-09-30": "2.18830", "2014-06-30": "0.99690", "2014-03-31": "2.80040", "2013-12-31": "1.90450", "2013-09-30": "1.88020", "2013-06-30": "1.46200", "2013-03-31": "1.73260", "2012-12-31": "2.57400", "2012-09-30": "-1.97810", "2012-06-30": "2.55160", "2012-03-31": "4.57290", "2011-12-31": "3.73370", "2011-09-30": "4.23250", "2011-06-30": "4.10580", "2011-03-31": "4.43100", "2010-12-31": "2.70950", "2010-09-30": "4.08340", "2010-06-30": "4.08360", "2010-03-31": "3.58010", "2009-12-31": "3.65070", "2009-09-30": "3.87390", "2009-06-30": "3.92160", "2009-03-31": "3.09840", "2008-12-31": "4.16810", "2008-09-30": "2.97440", "2008-06-30": "3.43140", "2008-03-31": "2.45770", "2007-12-31": "0.26230", "2007-09-30": "2.88530", "2007-06-30": "2.16380", "2007-03-31": "2.46450", "2006-12-31": "-1.97460", "2006-09-30": "1.24200", "2006-06-30": "2.43410", "2006-03-31": "2.60010", "2005-12-31": "1.24030", "2005-09-30": "3.76430", "2005-06-30": "3.92740", "2005-03-31": "1.89390"}, "ROI - Return On Investment": {"2020-09-30": "2.05040", "2020-06-30": "-0.08790", "2020-03-31": "-0.82520", "2019-12-31": "-1.11480", "2019-09-30": "3.24130", "2019-06-30": "3.54570", "2019-03-31": "8.18540", "2018-12-31": "5.85650", "2018-09-30": "9.83690", "2018-06-30": "2.11180", "2018-03-31": "8.00280", "2017-12-31": "-12.37380", "2017-09-30": "3.90940", "2017-06-30": "4.24260", "2017-03-31": "7.00900", "2016-12-31": "4.07020", "2016-09-30": "5.62060", "2016-06-30": "5.48500", "2016-03-31": "5.70370", "2015-12-31": "-0.89630", "2015-09-30": "3.33260", "2015-06-30": "-0.50210", "2015-03-31": "5.25510", "2014-12-31": "0.12150", "2014-09-30": "3.25800", "2014-06-30": "1.46810", "2014-03-31": "4.08770", "2013-12-31": "3.16580", "2013-09-30": "3.25710", "2013-06-30": "2.54620", "2013-03-31": "3.08100", "2012-12-31": "4.57290", "2012-09-30": "-3.47670", "2012-06-30": "3.84380", "2012-03-31": "6.88790", "2011-12-31": "5.79490", "2011-09-30": "6.19490", "2011-06-30": "6.08560", "2011-03-31": "6.45510", "2010-12-31": "4.01600", "2010-09-30": "5.82920", "2010-06-30": "5.81070", "2010-03-31": "5.16560", "2009-12-31": "5.41240", "2009-09-30": "5.79840", "2009-06-30": "5.79540", "2009-03-31": "4.68890", "2008-12-31": "6.53970", "2008-09-30": "4.44430", "2008-06-30": "5.73250", "2008-03-31": "4.25070", "2007-12-31": "0.45510", "2007-09-30": "4.88930", "2007-06-30": "3.31450", "2007-03-31": "3.69690", "2006-12-31": "-2.92940", "2006-09-30": "1.73990", "2006-06-30": "3.34320", "2006-03-31": "3.59990", "2005-12-31": "1.78320", "2005-09-30": "5.61670", "2005-06-30": "5.89570", "2005-03-31": "2.87590"}, "Book Value Per Share": {"2020-09-30": "22.22570", "2020-06-30": "21.81010", "2020-03-31": "22.08440", "2019-12-31": "22.96670", "2019-09-30": "10.89870", "2019-06-30": "9.87230", "2019-03-31": "9.36250", "2018-12-31": "8.69890", "2018-09-30": "8.42520", "2018-06-30": "7.60910", "2018-03-31": "7.89840", "2017-12-31": "7.29050", "2017-09-30": "9.11060", "2017-06-30": "9.03720", "2017-03-31": "8.82510", "2016-12-31": "9.82390", "2016-09-30": "9.48950", "2016-06-30": "9.06670", "2016-03-31": "8.76040", "2015-12-31": "8.68390", "2015-09-30": "9.20060", "2015-06-30": "9.21700", "2015-03-31": "9.45690", "2014-12-31": "9.06410", "2014-09-30": "9.20710", "2014-06-30": "9.32060", "2014-03-31": "9.41840", "2013-12-31": "9.28460", "2013-09-30": "8.97740", "2013-06-30": "8.77470", "2013-03-31": "8.37860", "2012-12-31": "8.36690", "2012-09-30": "8.46530", "2012-06-30": "9.46830", "2012-03-31": "9.65300", "2011-12-31": "9.41660", "2011-09-30": "9.73120", "2011-06-30": "9.49710", "2011-03-31": "9.34800", "2010-12-31": "9.20420", "2010-09-30": "9.29480", "2010-06-30": "9.11290", "2010-03-31": "8.88220", "2009-12-31": "8.65130", "2009-09-30": "7.27280", "2009-06-30": "7.05260", "2009-03-31": "6.64420", "2008-12-31": "6.18440", "2008-09-30": "6.55420", "2008-06-30": "5.46000", "2008-03-31": "5.34730", "2007-12-31": "5.35060", "2007-09-30": "5.65280", "2007-06-30": "5.45460", "2007-03-31": "5.22720", "2006-12-31": "5.09230", "2006-09-30": "5.89170", "2006-06-30": "5.95420", "2006-03-31": "5.87490", "2005-12-31": "5.74180", "2005-09-30": "5.75780", "2005-06-30": "5.52200", "2005-03-31": "5.31000"}, "Operating Cash Flow Per Share": {"2020-09-30": 0.9264, "2020-06-30": 1.8827, "2020-03-31": "1.72450", "2019-12-31": 1.0223, "2019-09-30": 1.5681, "2019-06-30": 1.2725, "2019-03-31": "0.84910", "2018-12-31": 1.4825, "2018-09-30": 0.7818, "2018-06-30": 0.6478, "2018-03-31": "0.71650", "2017-12-31": 0.6654, "2017-09-30": 1.0459, "2017-06-30": 0.9665, "2017-03-31": "0.51530", "2016-12-31": 0.8583, "2016-09-30": 0.8362, "2016-06-30": 0.2614, "2016-03-31": "-0.13570", "2015-12-31": 0.526, "2015-09-30": 0.3096, "2015-06-30": 0.0446, "2015-03-31": "0.37350", "2014-12-31": 0.3425, "2014-09-30": 0.5401, "2014-06-30": 0.6321, "2014-03-31": "0.37030", "2013-12-31": 0.8484, "2013-09-30": 0.6328, "2013-06-30": 0.9104, "2013-03-31": "-0.25860", "2012-12-31": 0.4475, "2012-09-30": 2.7703, "2012-06-30": 0.6674, "2012-03-31": "0.22680", "2011-12-31": 0.911, "2011-09-30": 0.9938, "2011-06-30": 0.6335, "2011-03-31": "0.28060", "2010-12-31": 0.9226, "2010-09-30": 0.8023, "2010-06-30": 0.6066, "2010-03-31": "0.26900", "2009-12-31": 0.6836, "2009-09-30": 0.7422, "2009-06-30": 0.4011, "2009-03-31": "0.22820", "2008-12-31": 0.2006, "2008-09-30": 0.7121, "2008-06-30": 0.5557, "2008-03-31": "0.38600", "2007-12-31": 0.3408, "2007-09-30": 0.3437, "2007-06-30": 0.5272, "2007-03-31": "0.38310", "2006-12-31": 0.1213, "2006-09-30": 0.4744, "2006-06-30": 0.4236, "2006-03-31": "0.04180", "2005-12-31": 0.1502, "2005-09-30": 0.3831, "2005-06-30": -0.0027, "2005-03-31": "0.39530"}, "Free Cash Flow Per Share": {"2020-09-30": 0.8613, "2020-06-30": 1.8249, "2020-03-31": "1.64220", "2019-12-31": 0.892, "2019-09-30": 1.4514, "2019-06-30": 1.1558, "2019-03-31": "0.72450", "2018-12-31": 1.3055, "2018-09-30": 0.6449, "2018-06-30": 0.5265, "2018-03-31": "0.57070", "2017-12-31": 0.5138, "2017-09-30": 0.8855, "2017-06-30": 0.8141, "2017-03-31": "0.34110", "2016-12-31": 0.6378, "2016-09-30": 0.6331, "2016-06-30": 0.1059, "2016-03-31": "-0.27980", "2015-12-31": 0.3565, "2015-09-30": 0.1712, "2015-06-30": -0.0548, "2015-03-31": "0.29240", "2014-12-31": 0.2282, "2014-09-30": 0.4761, "2014-06-30": 0.5663, "2014-03-31": "0.29950", "2013-12-31": 0.7281, "2013-09-30": 0.5583, "2013-06-30": 0.8516, "2013-03-31": "-0.32810", "2012-12-31": 0.3467, "2012-09-30": 2.6852, "2012-06-30": 0.6007, "2012-03-31": "0.15470", "2011-12-31": 0.7474, "2011-09-30": 0.9593, "2011-06-30": 0.6615, "2011-03-31": "0.23690", "2010-12-31": 0.8504, "2010-09-30": 0.7303, "2010-06-30": 0.5801, "2010-03-31": "0.19420", "2009-12-31": 0.8653, "2009-09-30": 0.6046, "2009-06-30": 0.3382, "2009-03-31": "0.15950", "2008-12-31": 0.1813, "2008-09-30": 0.6186, "2008-06-30": 0.4694, "2008-03-31": "0.38250", "2007-12-31": 0.3576, "2007-09-30": 0.2529, "2007-06-30": 0.4299, "2007-03-31": "0.28840", "2006-12-31": 0.1433, "2006-09-30": 0.3757, "2006-06-30": 0.3442, "2006-03-31": "-0.05780", "2005-12-31": 0.0371, "2005-09-30": 0.3034, "2005-06-30": -0.062, "2005-03-31": "0.31200"}}, "revenue": {"Bristol Myers Squibb Annual Revenue (Millions of US $)": {"2020": "$42,518", "2019": "$26,145", "2018": "$22,561", "2017": "$20,776", "2016": "$19,427", "2015": "$16,560", "2014": "$15,879", "2013": "$16,385", "2012": "$17,621", "2011": "$21,244", "2010": "$19,484", "2009": "$18,808", "2008": "$17,715", "2007": "$15,617", "2006": "$16,208", "2005": "$18,605"}, "Bristol Myers Squibb Quarterly Revenue (Millions of US $)": {"2020-12-31": "$11,068", "2020-09-30": "$10,540", "2020-06-30": "$10,129", "2020-03-31": "$10,781", "2019-12-31": "$7,945", "2019-09-30": "$6,007", "2019-06-30": "$6,273", "2019-03-31": "$5,920", "2018-12-31": "$5,973", "2018-09-30": "$5,691", "2018-06-30": "$5,704", "2018-03-31": "$5,193", "2017-12-31": "$5,449", "2017-09-30": "$5,254", "2017-06-30": "$5,144", "2017-03-31": "$4,929", "2016-12-31": "$5,243", "2016-09-30": "$4,922", "2016-06-30": "$4,871", "2016-03-31": "$4,391", "2015-12-31": "$4,287", "2015-09-30": "$4,069", "2015-06-30": "$4,163", "2015-03-31": "$4,041", "2014-12-31": "$4,258", "2014-09-30": "$3,921", "2014-06-30": "$3,889", "2014-03-31": "$3,811", "2013-12-31": "$4,441", "2013-09-30": "$4,065", "2013-06-30": "$4,048", "2013-03-31": "$3,831", "2012-12-31": "$4,191", "2012-09-30": "$3,736", "2012-06-30": "$4,443", "2012-03-31": "$5,251", "2011-12-31": "$5,454", "2011-09-30": "$5,345", "2011-06-30": "$5,434", "2011-03-31": "$5,011", "2010-12-31": "$5,111", "2010-09-30": "$4,798", "2010-06-30": "$4,768", "2010-03-31": "$4,807", "2009-12-31": "$5,033", "2009-09-30": "$4,788", "2009-06-30": "$4,665", "2009-03-31": "$4,322", "2008-12-31": "$2,367", "2008-09-30": "$5,254", "2008-06-30": "$5,203", "2008-03-31": "$4,891", "2007-12-31": "$2,228", "2007-09-30": "$4,601", "2007-06-30": "$4,471", "2007-03-31": "$4,317", "2006-12-31": "$2,507", "2006-09-30": "$4,154", "2006-06-30": "$4,871", "2006-03-31": "$4,676", "2005-12-31": "$4,417", "2005-09-30": "$4,767", "2005-06-30": "$4,889", "2005-03-31": "$4,532"}}, "gross-profit": {"Bristol Myers Squibb Annual Gross Profit (Millions of US $)": {"2020": "$30,745", "2019": "$18,067", "2018": "$16,094", "2017": "$14,762", "2016": "$14,458", "2015": "$12,651", "2014": "$11,947", "2013": "$11,766", "2012": "$13,011", "2011": "$15,646", "2010": "$14,207", "2009": "$13,668", "2008": "$12,399", "2007": "$10,698", "2006": "$10,788", "2005": "$12,868"}, "Bristol Myers Squibb Quarterly Gross Profit (Millions of US $)": {"2020-12-31": "$8,158", "2020-09-30": "$8,038", "2020-06-30": "$7,430", "2020-03-31": "$7,119", "2019-12-31": "$5,453", "2019-09-30": "$4,217", "2019-06-30": "$4,301", "2019-03-31": "$4,096", "2018-12-31": "$4,363", "2018-09-30": "$4,043", "2018-06-30": "$4,079", "2018-03-31": "$3,609", "2017-12-31": "$3,848", "2017-09-30": "$3,675", "2017-06-30": "$3,575", "2017-03-31": "$3,664", "2016-12-31": "$3,837", "2016-09-30": "$3,617", "2016-06-30": "$3,665", "2016-03-31": "$3,339", "2015-12-31": "$3,335", "2015-09-30": "$2,972", "2015-06-30": "$3,150", "2015-03-31": "$3,194", "2014-12-31": "$3,292", "2014-09-30": "$2,914", "2014-06-30": "$2,898", "2014-03-31": "$2,843", "2013-12-31": "$3,168", "2013-09-30": "$2,890", "2013-06-30": "$2,940", "2013-03-31": "$2,768", "2012-12-31": "$3,116", "2012-09-30": "$2,749", "2012-06-30": "$3,198", "2012-03-31": "$3,948", "2011-12-31": "$4,087", "2011-09-30": "$3,938", "2011-06-30": "$3,953", "2011-03-31": "$3,668", "2010-12-31": "$3,697", "2010-09-30": "$3,518", "2010-06-30": "$3,491", "2010-03-31": "$3,501", "2009-12-31": "$3,600", "2009-09-30": "$3,471", "2009-06-30": "$3,440", "2009-03-31": "$3,157", "2008-12-31": "$1,925", "2008-09-30": "$3,620", "2008-06-30": "$3,533", "2008-03-31": "$3,321", "2007-12-31": "$1,535", "2007-09-30": "$3,123", "2007-06-30": "$3,063", "2007-03-31": "$2,977", "2006-12-31": "$1,596", "2006-09-30": "$2,689", "2006-06-30": "$3,303", "2006-03-31": "$3,200", "2005-12-31": "$3,013", "2005-09-30": "$3,284", "2005-06-30": "$3,406", "2005-03-31": "$3,165"}}, "operating-income": {"Bristol Myers Squibb Annual Operating Income (Millions of US $)": {"2020": "$-6,871", "2019": "$4,975", "2018": "$5,968", "2017": "$5,131", "2016": "$5,915", "2015": "$2,077", "2014": "$2,381", "2013": "$2,891", "2012": "$4,170", "2011": "$6,981", "2010": "$6,071", "2009": "$5,320", "2008": "$3,512", "2007": "$2,193", "2006": "$1,772", "2005": "$3,702"}, "Bristol Myers Squibb Quarterly Operating Income (Millions of US $)": {"2020-12-31": "$-10,451", "2020-09-30": "$2,257", "2020-06-30": "$1,627", "2020-03-31": "$-304", "2019-12-31": "$-129", "2019-09-30": "$1,349", "2019-06-30": "$1,776", "2019-03-31": "$1,979", "2018-12-31": "$1,505", "2018-09-30": "$2,167", "2018-06-30": "$517", "2018-03-31": "$1,779", "2017-12-31": "$698", "2017-09-30": "$1,183", "2017-06-30": "$1,295", "2017-03-31": "$1,955", "2016-12-31": "$1,086", "2016-09-30": "$1,559", "2016-06-30": "$1,615", "2016-03-31": "$1,655", "2015-12-31": "$-410", "2015-09-30": "$987", "2015-06-30": "$52", "2015-03-31": "$1,448", "2014-12-31": "$-60", "2014-09-30": "$1,008", "2014-06-30": "$448", "2014-03-31": "$985", "2013-12-31": "$869", "2013-09-30": "$818", "2013-06-30": "$530", "2013-03-31": "$674", "2012-12-31": "$513", "2012-09-30": "$571", "2012-06-30": "$1,059", "2012-03-31": "$2,027", "2011-12-31": "$1,717", "2011-09-30": "$1,767", "2011-06-30": "$1,768", "2011-03-31": "$1,729", "2010-12-31": "$1,593", "2010-09-30": "$1,581", "2010-06-30": "$1,531", "2010-03-31": "$1,366", "2009-12-31": "$1,252", "2009-09-30": "$1,477", "2009-06-30": "$1,419", "2009-03-31": "$1,172", "2008-12-31": "$308", "2008-09-30": "$1,047", "2008-06-30": "$1,103", "2008-03-31": "$1,054", "2007-12-31": "$-292", "2007-09-30": "$870", "2007-06-30": "$852", "2007-03-31": "$763", "2006-12-31": "$-574", "2006-09-30": "$492", "2006-06-30": "$974", "2006-03-31": "$880", "2005-12-31": "$755", "2005-09-30": "$942", "2005-06-30": "$1,019", "2005-03-31": "$986"}}, "ebitda": {"Bristol Myers Squibb Annual EBITDA (Millions of US $)": {"2019": "$6,721", "2018": "$6,605", "2017": "$5,920", "2016": "$6,297", "2015": "$2,453", "2014": "$2,848", "2013": "$3,654", "2012": "$5,143", "2011": "$7,609", "2010": "$6,678", "2009": "$6,027", "2008": "$4,328", "2007": "$3,085", "2006": "$2,699", "2005": "$4,631"}, "Bristol Myers Squibb Quarterly EBITDA (Millions of US $)": {"2020-09-30": "$4,912", "2020-06-30": "$4,185", "2020-03-31": "$2,173", "2019-12-31": "$1,107", "2019-09-30": "$1,520", "2019-06-30": "$1,945", "2019-03-31": "$2,149", "2018-12-31": "$1,677", "2018-09-30": "$2,332", "2018-06-30": "$674", "2018-03-31": "$1,922", "2017-12-31": "$895", "2017-09-30": "$1,371", "2017-06-30": "$1,506", "2017-03-31": "$2,148", "2016-12-31": "$1,208", "2016-09-30": "$1,664", "2016-06-30": "$1,705", "2016-03-31": "$1,720", "2015-12-31": "$-334", "2015-09-30": "$1,092", "2015-06-30": "$143", "2015-03-31": "$1,552", "2014-12-31": "$43", "2014-09-30": "$1,120", "2014-06-30": "$483", "2014-03-31": "$1,202", "2013-12-31": "$1,050", "2013-09-30": "$998", "2013-06-30": "$719", "2013-03-31": "$887", "2012-12-31": "$1,004", "2012-09-30": "$766", "2012-06-30": "$1,207", "2012-03-31": "$2,166", "2011-12-31": "$1,863", "2011-09-30": "$1,853", "2011-06-30": "$1,974", "2011-03-31": "$1,919", "2010-12-31": "$1,654", "2010-09-30": "$1,749", "2010-06-30": "$1,722", "2010-03-31": "$1,553", "2009-12-31": "$1,434", "2009-09-30": "$1,658", "2009-06-30": "$1,596", "2009-03-31": "$1,339", "2008-12-31": "$488", "2008-09-30": "$1,229", "2008-06-30": "$1,306", "2008-03-31": "$1,305", "2007-12-31": "$-38", "2007-09-30": "$1,083", "2007-06-30": "$1,061", "2007-03-31": "$979", "2006-12-31": "$-340", "2006-09-30": "$722", "2006-06-30": "$1,211", "2006-03-31": "$1,106", "2005-12-31": "$994", "2005-09-30": "$1,159", "2005-06-30": "$1,249", "2005-03-31": "$1,229"}}, "net-income": {"Bristol Myers Squibb Annual Net Income (Millions of US $)": {"2020": "$-9,015", "2019": "$3,439", "2018": "$4,920", "2017": "$1,007", "2016": "$4,457", "2015": "$1,565", "2014": "$2,004", "2013": "$2,563", "2012": "$1,959", "2011": "$3,701", "2010": "$3,090", "2009": "$10,594", "2008": "$5,247", "2007": "$2,165", "2006": "$1,585", "2005": "$3,000"}, "Bristol Myers Squibb Quarterly Net Income (Millions of US $)": {"2020-12-31": "$-10,027", "2020-09-30": "$1,872", "2020-06-30": "$-85", "2020-03-31": "$-775", "2019-12-31": "$-1,056", "2019-09-30": "$1,353", "2019-06-30": "$1,432", "2019-03-31": "$1,710", "2018-12-31": "$1,160", "2018-09-30": "$1,901", "2018-06-30": "$373", "2018-03-31": "$1,486", "2017-12-31": "$-2,328", "2017-09-30": "$845", "2017-06-30": "$916", "2017-03-31": "$1,574", "2016-12-31": "$894", "2016-09-30": "$1,202", "2016-06-30": "$1,166", "2016-03-31": "$1,195", "2015-12-31": "$-197", "2015-09-30": "$706", "2015-06-30": "$-130", "2015-03-31": "$1,186", "2014-12-31": "$13", "2014-09-30": "$721", "2014-06-30": "$333", "2014-03-31": "$937", "2013-12-31": "$726", "2013-09-30": "$692", "2013-06-30": "$536", "2013-03-31": "$609", "2012-12-31": "$924", "2012-09-30": "$-711", "2012-06-30": "$645", "2012-03-31": "$1,101", "2011-12-31": "$850", "2011-09-30": "$967", "2011-06-30": "$900", "2011-03-31": "$984", "2010-12-31": "$471", "2010-09-30": "$949", "2010-06-30": "$927", "2010-03-31": "$743", "2009-12-31": "$8,007", "2009-09-30": "$966", "2009-06-30": "$983", "2009-03-31": "$638", "2008-12-31": "$1,244", "2008-09-30": "$2,578", "2008-06-30": "$764", "2008-03-31": "$661", "2007-12-31": "$-89", "2007-09-30": "$858", "2007-06-30": "$706", "2007-03-31": "$690", "2006-12-31": "$-134", "2006-09-30": "$338", "2006-06-30": "$667", "2006-03-31": "$714", "2005-12-31": "$499", "2005-09-30": "$964", "2005-06-30": "$1,004", "2005-03-31": "$533"}}, "eps-earnings-per-share-diluted": {"Bristol Myers Squibb Annual EPS": {"2020": "$-3.99", "2019": "$2.01", "2018": "$3.01", "2017": "$0.61", "2016": "$2.65", "2015": "$0.93", "2014": "$1.20", "2013": "$1.54", "2012": "$1.16", "2011": "$2.16", "2010": "$1.79", "2009": "$5.34", "2008": "$2.62", "2007": "$1.09", "2006": "$0.81", "2005": "$1.52"}, "Bristol Myers Squibb Quarterly EPS": {"2020-12-31": "$-4.45", "2020-09-30": "$0.82", "2020-06-30": "$-0.04", "2020-03-31": "$-0.34", "2019-12-31": "$-0.73", "2019-09-30": "$0.83", "2019-06-30": "$0.87", "2019-03-31": "$1.04", "2018-12-31": "$0.71", "2018-09-30": "$1.16", "2018-06-30": "$0.23", "2018-03-31": "$0.91", "2017-12-31": "$-1.40", "2017-09-30": "$0.51", "2017-06-30": "$0.56", "2017-03-31": "$0.94", "2016-12-31": "$0.53", "2016-09-30": "$0.72", "2016-06-30": "$0.69", "2016-03-31": "$0.71", "2015-12-31": "$-0.12", "2015-09-30": "$0.42", "2015-06-30": "$-0.08", "2015-03-31": "$0.71", "2014-12-31": "$0.01", "2014-09-30": "$0.43", "2014-06-30": "$0.20", "2014-03-31": "$0.56", "2013-12-31": "$0.43", "2013-09-30": "$0.42", "2013-06-30": "$0.32", "2013-03-31": "$0.37", "2012-12-31": "$0.57", "2012-09-30": "$-0.43", "2012-06-30": "$0.38", "2012-03-31": "$0.64", "2011-12-31": "$0.51", "2011-09-30": "$0.56", "2011-06-30": "$0.52", "2011-03-31": "$0.57", "2010-12-31": "$0.28", "2010-09-30": "$0.55", "2010-06-30": "$0.53", "2010-03-31": "$0.43", "2009-12-31": "$4.05", "2009-09-30": "$0.48", "2009-06-30": "$0.49", "2009-03-31": "$0.32", "2008-12-31": "$0.63", "2008-09-30": "$1.28", "2008-06-30": "$0.38", "2008-03-31": "$0.33", "2007-12-31": "$-0.05", "2007-09-30": "$0.43", "2007-06-30": "$0.36", "2007-03-31": "$0.35", "2006-12-31": "$-0.06", "2006-09-30": "$0.17", "2006-06-30": "$0.34", "2006-03-31": "$0.36", "2005-12-31": "$0.26", "2005-09-30": "$0.49", "2005-06-30": "$0.50", "2005-03-31": "$0.27"}}, "shares-outstanding": {"Bristol Myers Squibb Annual Shares Outstanding (Millions of Shares)": {"2020": "2,258", "2019": "1,712", "2018": "1,637", "2017": "1,652", "2016": "1,680", "2015": "1,679", "2014": "1,670", "2013": "1,662", "2012": "1,688", "2011": "1,717", "2010": "1,727", "2009": "1,978", "2008": "1,999", "2007": "1,977", "2006": "1,963", "2005": "1,983"}, "Bristol Myers Squibb Quarterly Shares Outstanding (Millions of Shares)": {"2020-12-31": "2,252", "2020-09-30": "2,290", "2020-06-30": "2,263", "2020-03-31": "2,258", "2019-12-31": "1,712", "2019-09-30": "1,634", "2019-06-30": "1,637", "2019-03-31": "1,637", "2018-12-31": "1,637", "2018-09-30": "1,636", "2018-06-30": "1,636", "2018-03-31": "1,640", "2017-12-31": "1,652", "2017-09-30": "1,645", "2017-06-30": "1,650", "2017-03-31": "1,671", "2016-12-31": "1,680", "2016-09-30": "1,679", "2016-06-30": "1,679", "2016-03-31": "1,680", "2015-12-31": "1,679", "2015-09-30": "1,678", "2015-06-30": "1,667", "2015-03-31": "1,676", "2014-12-31": "1,670", "2014-09-30": "1,670", "2014-06-30": "1,669", "2014-03-31": "1,666", "2013-12-31": "1,662", "2013-09-30": "1,662", "2013-06-30": "1,660", "2013-03-31": "1,655", "2012-12-31": "1,688", "2012-09-30": "1,666", "2012-06-30": "1,701", "2012-03-31": "1,706", "2011-12-31": "1,717", "2011-09-30": "1,715", "2011-06-30": "1,722", "2011-03-31": "1,714", "2010-12-31": "1,727", "2010-09-30": "1,726", "2010-06-30": "1,728", "2010-03-31": "1,725", "2009-12-31": "1,978", "2009-09-30": "1,984", "2009-06-30": "1,983", "2009-03-31": "1,981", "2008-12-31": "1,999", "2008-09-30": "2,002", "2008-06-30": "2,006", "2008-03-31": "2,008", "2007-12-31": "1,977", "2007-09-30": "2,012", "2007-06-30": "2,006", "2007-03-31": "1,997", "2006-12-31": "1,963", "2006-09-30": "1,992", "2006-06-30": "1,994", "2006-03-31": "1,988", "2005-12-31": "1,983", "2005-09-30": "1,984", "2005-06-30": "1,984", "2005-03-31": "1,981"}}, "total-assets": {"Bristol Myers Squibb Annual Total Assets (Millions of US $)": {"2019": "$129,944", "2018": "$34,986", "2017": "$33,551", "2016": "$33,707", "2015": "$31,748", "2014": "$33,749", "2013": "$38,592", "2012": "$35,897", "2011": "$32,970", "2010": "$31,076", "2009": "$31,008", "2008": "$29,486", "2007": "$25,926", "2006": "$25,575", "2005": "$28,138"}, "Bristol Myers Squibb Quarterly Total Assets (Millions of US $)": {"2020-09-30": "$125,536", "2020-06-30": "$128,076", "2020-03-31": "$129,285", "2019-12-31": "$129,944", "2019-09-30": "$57,433", "2019-06-30": "$55,163", "2019-03-31": "$34,834", "2018-12-31": "$34,986", "2018-09-30": "$33,734", "2018-06-30": "$32,641", "2018-03-31": "$33,083", "2017-12-31": "$33,551", "2017-09-30": "$33,977", "2017-06-30": "$33,409", "2017-03-31": "$32,937", "2016-12-31": "$33,707", "2016-09-30": "$33,727", "2016-06-30": "$32,831", "2016-03-31": "$31,892", "2015-12-31": "$31,748", "2015-09-30": "$31,779", "2015-06-30": "$31,954", "2015-03-31": "$33,579", "2014-12-31": "$33,749", "2014-09-30": "$33,450", "2014-06-30": "$33,503", "2014-03-31": "$33,424", "2013-12-31": "$38,592", "2013-09-30": "$36,804", "2013-06-30": "$36,252", "2013-03-31": "$35,958", "2012-12-31": "$35,897", "2012-09-30": "$36,044", "2012-06-30": "$31,667", "2012-03-31": "$32,408", "2011-12-31": "$32,970", "2011-09-30": "$32,014", "2011-06-30": "$31,833", "2011-03-31": "$30,851", "2010-12-31": "$31,076", "2010-09-30": "$31,885", "2010-06-30": "$31,051", "2010-03-31": "$30,753", "2009-12-31": "$31,008", "2009-09-30": "$30,951", "2009-06-30": "$29,809", "2009-03-31": "$29,693", "2008-12-31": "$29,486", "2008-09-30": "$28,476", "2008-06-30": "$28,064", "2008-03-31": "$26,325", "2007-12-31": "$25,926", "2007-09-30": "$26,098", "2007-06-30": "$27,175", "2007-03-31": "$26,091", "2006-12-31": "$25,575", "2006-09-30": "$27,215", "2006-06-30": "$27,402", "2006-03-31": "$27,461", "2005-12-31": "$28,138", "2005-09-30": "$25,609", "2005-06-30": "$25,233", "2005-03-31": "$28,407"}}, "cash-on-hand": {"Bristol Myers Squibb Annual Cash on Hand (Millions of US $)": {"2019": "$15,393", "2018": "$8,759", "2017": "$6,812", "2016": "$6,350", "2015": "$4,270", "2014": "$7,435", "2013": "$4,525", "2012": "$2,829", "2011": "$8,733", "2010": "$7,301", "2009": "$8,514", "2008": "$8,265", "2007": "$2,225", "2006": "$4,013", "2005": "$5,799"}, "Bristol Myers Squibb Quarterly Cash on Hand (Millions of US $)": {"2020-09-30": "$21,155", "2020-06-30": "$21,658", "2020-03-31": "$18,322", "2019-12-31": "$15,393", "2019-09-30": "$32,542", "2019-06-30": "$29,357", "2019-03-31": "$8,764", "2018-12-31": "$8,759", "2018-09-30": "$6,830", "2018-06-30": "$6,075", "2018-03-31": "$6,770", "2017-12-31": "$6,812", "2017-09-30": "$7,122", "2017-06-30": "$6,505", "2017-03-31": "$6,109", "2016-12-31": "$6,350", "2016-09-30": "$5,560", "2016-06-30": "$4,651", "2016-03-31": "$4,307", "2015-12-31": "$4,270", "2015-09-30": "$5,413", "2015-06-30": "$5,476", "2015-03-31": "$7,607", "2014-12-31": "$7,435", "2014-09-30": "$7,221", "2014-06-30": "$7,175", "2014-03-31": "$7,059", "2013-12-31": "$4,525", "2013-09-30": "$2,722", "2013-06-30": "$2,799", "2013-03-31": "$2,533", "2012-12-31": "$2,829", "2012-09-30": "$2,930", "2012-06-30": "$5,037", "2012-03-31": "$5,029", "2011-12-31": "$8,733", "2011-09-30": "$8,193", "2011-06-30": "$7,670", "2011-03-31": "$6,793", "2010-12-31": "$7,301", "2010-09-30": "$8,359", "2010-06-30": "$7,454", "2010-03-31": "$6,776", "2009-12-31": "$8,514", "2009-09-30": "$6,669", "2009-06-30": "$8,120", "2009-03-31": "$8,920", "2008-12-31": "$8,265", "2008-09-30": "$7,431", "2008-06-30": "$4,402", "2008-03-31": "$2,637", "2007-12-31": "$2,225", "2007-09-30": "$3,582", "2007-06-30": "$4,646", "2007-03-31": "$4,012", "2006-12-31": "$4,013", "2006-09-30": "$5,505", "2006-06-30": "$5,357", "2006-03-31": "$5,281", "2005-12-31": "$5,799", "2005-09-30": "$3,781", "2005-06-30": "$3,040", "2005-03-31": "$5,982"}}, "long-term-debt": {"Bristol Myers Squibb Annual Long Term Debt (Millions of US $)": {"2019": "$43,387", "2018": "$5,646", "2017": "$6,975", "2016": "$5,716", "2015": "$6,550", "2014": "$7,242", "2013": "$7,981", "2012": "$6,568", "2011": "$5,376", "2010": "$5,328", "2009": "$6,130", "2008": "$6,585", "2007": "$4,381", "2006": "$7,248", "2005": "$8,364"}, "Bristol Myers Squibb Quarterly Long Term Debt (Millions of US $)": {"2020-09-30": "$41,364", "2020-06-30": "$41,853", "2020-03-31": "$42,844", "2019-12-31": "$43,387", "2019-09-30": "$24,390", "2019-06-30": "$24,433", "2019-03-31": "$5,635", "2018-12-31": "$5,646", "2018-09-30": "$5,687", "2018-06-30": "$5,671", "2018-03-31": "$5,775", "2017-12-31": "$6,975", "2017-09-30": "$6,982", "2017-06-30": "$6,911", "2017-03-31": "$7,237", "2016-12-31": "$5,716", "2016-09-30": "$5,836", "2016-06-30": "$6,581", "2016-03-31": "$6,593", "2015-12-31": "$6,550", "2015-09-30": "$6,632", "2015-06-30": "$6,615", "2015-03-31": "$7,127", "2014-12-31": "$7,242", "2014-09-30": "$7,267", "2014-06-30": "$7,372", "2014-03-31": "$7,367", "2013-12-31": "$7,981", "2013-09-30": "$6,532", "2013-06-30": "$6,442", "2013-03-31": "$6,522", "2012-12-31": "$6,568", "2012-09-30": "$6,608", "2012-06-30": "$5,209", "2012-03-31": "$5,270", "2011-12-31": "$5,376", "2011-09-30": "$5,437", "2011-06-30": "$5,332", "2011-03-31": "$5,276", "2010-12-31": "$5,328", "2010-09-30": "$6,479", "2010-06-30": "$6,248", "2010-03-31": "$6,081", "2009-12-31": "$6,130", "2009-09-30": "$6,307", "2009-06-30": "$6,235", "2009-03-31": "$6,492", "2008-12-31": "$6,585", "2008-09-30": "$6,120", "2008-06-30": "$6,021", "2008-03-31": "$4,660", "2007-12-31": "$4,381", "2007-09-30": "$4,248", "2007-06-30": "$6,978", "2007-03-31": "$7,132", "2006-12-31": "$7,248", "2006-09-30": "$7,837", "2006-06-30": "$8,239", "2006-03-31": "$8,278", "2005-12-31": "$8,364", "2005-09-30": "$5,895", "2005-06-30": "$6,008", "2005-03-31": "$8,326"}}, "total-liabilities": {"Bristol Myers Squibb Annual Total Liabilities (Millions of US $)": {"2019": "$78,246", "2018": "$20,859", "2017": "$21,704", "2016": "$17,360", "2015": "$17,324", "2014": "$18,766", "2013": "$23,356", "2012": "$22,259", "2011": "$17,103", "2010": "$15,438", "2009": "$16,223", "2008": "$17,278", "2007": "$15,364", "2006": "$15,584", "2005": "$16,930"}, "Bristol Myers Squibb Quarterly Total Liabilities (Millions of US $)": {"2020-09-30": "$75,306", "2020-06-30": "$78,916", "2020-03-31": "$79,308", "2019-12-31": "$78,246", "2019-09-30": "$39,679", "2019-06-30": "$39,012", "2019-03-31": "$19,517", "2018-12-31": "$20,859", "2018-09-30": "$19,984", "2018-06-30": "$20,223", "2018-03-31": "$20,177", "2017-12-31": "$21,704", "2017-09-30": "$19,063", "2017-06-30": "$18,588", "2017-03-31": "$18,402", "2016-12-31": "$17,360", "2016-09-30": "$17,946", "2016-06-30": "$17,753", "2016-03-31": "$17,341", "2015-12-31": "$17,324", "2015-09-30": "$16,506", "2015-06-30": "$16,663", "2015-03-31": "$17,890", "2014-12-31": "$18,766", "2014-09-30": "$18,249", "2014-06-30": "$18,124", "2014-03-31": "$17,893", "2013-12-31": "$23,356", "2013-09-30": "$22,090", "2013-06-30": "$21,879", "2013-03-31": "$22,259", "2012-12-31": "$22,259", "2012-09-30": "$22,144", "2012-06-30": "$15,855", "2012-03-31": "$16,162", "2011-12-31": "$17,103", "2011-09-30": "$15,578", "2011-06-30": "$15,688", "2011-03-31": "$14,950", "2010-12-31": "$15,438", "2010-09-30": "$16,028", "2010-06-30": "$15,477", "2010-03-31": "$15,520", "2009-12-31": "$16,223", "2009-09-30": "$16,580", "2009-06-30": "$15,873", "2009-03-31": "$16,564", "2008-12-31": "$17,278", "2008-09-30": "$15,538", "2008-06-30": "$17,286", "2008-03-31": "$15,764", "2007-12-31": "$15,364", "2007-09-30": "$14,945", "2007-06-30": "$16,413", "2007-03-31": "$15,830", "2006-12-31": "$15,584", "2006-09-30": "$15,626", "2006-06-30": "$15,690", "2006-03-31": "$15,905", "2005-12-31": "$16,930", "2005-09-30": "$14,341", "2005-06-30": "$14,432", "2005-03-31": "$18,026"}}, "total-share-holder-equity": {"Bristol Myers Squibb Annual Share Holder Equity (Millions of US $)": {"2019": "$51,698", "2018": "$14,127", "2017": "$11,847", "2016": "$16,347", "2015": "$14,424", "2014": "$14,983", "2013": "$15,236", "2012": "$13,638", "2011": "$15,867", "2010": "$15,638", "2009": "$14,785", "2008": "$12,208", "2007": "$10,562", "2006": "$9,991", "2005": "$11,208"}, "Bristol Myers Squibb Quarterly Share Holder Equity (Millions of US $)": {"2020-09-30": "$50,230", "2020-06-30": "$49,160", "2020-03-31": "$49,977", "2019-12-31": "$51,698", "2019-09-30": "$17,754", "2019-06-30": "$16,151", "2019-03-31": "$15,317", "2018-12-31": "$14,127", "2018-09-30": "$13,750", "2018-06-30": "$12,418", "2018-03-31": "$12,906", "2017-12-31": "$11,847", "2017-09-30": "$14,914", "2017-06-30": "$14,821", "2017-03-31": "$14,535", "2016-12-31": "$16,347", "2016-09-30": "$15,781", "2016-06-30": "$15,078", "2016-03-31": "$14,551", "2015-12-31": "$14,424", "2015-09-30": "$15,273", "2015-06-30": "$15,291", "2015-03-31": "$15,689", "2014-12-31": "$14,983", "2014-09-30": "$15,201", "2014-06-30": "$15,379", "2014-03-31": "$15,531", "2013-12-31": "$15,236", "2013-09-30": "$14,714", "2013-06-30": "$14,373", "2013-03-31": "$13,699", "2012-12-31": "$13,638", "2012-09-30": "$13,900", "2012-06-30": "$15,812", "2012-03-31": "$16,246", "2011-12-31": "$15,867", "2011-09-30": "$16,436", "2011-06-30": "$16,145", "2011-03-31": "$15,901", "2010-12-31": "$15,638", "2010-09-30": "$15,857", "2010-06-30": "$15,574", "2010-03-31": "$15,233", "2009-12-31": "$14,785", "2009-09-30": "$14,371", "2009-06-30": "$13,936", "2009-03-31": "$13,129", "2008-12-31": "$12,208", "2008-09-30": "$12,938", "2008-06-30": "$10,778", "2008-03-31": "$10,561", "2007-12-31": "$10,562", "2007-09-30": "$11,153", "2007-06-30": "$10,762", "2007-03-31": "$10,261", "2006-12-31": "$9,991", "2006-09-30": "$11,589", "2006-06-30": "$11,712", "2006-03-31": "$11,556", "2005-12-31": "$11,208", "2005-09-30": "$11,268", "2005-06-30": "$10,801", "2005-03-31": "$10,381"}}, "profit-margins": {"current": "-21.2%"}, "gross margin": {"2020-12-31": "72.31%", "2020-09-30": "71.18%", "2020-06-30": "69.47%", "2020-03-31": "68.02%", "2019-12-31": "69.10%", "2019-09-30": "70.23%", "2019-06-30": "70.43%", "2019-03-31": "71.20%", "2018-12-31": "71.34%", "2018-09-30": "70.69%", "2018-06-30": "70.42%", "2018-03-31": "69.90%", "2017-12-31": "71.05%", "2017-09-30": "71.71%", "2017-06-30": "72.60%", "2017-03-31": "74.04%", "2016-12-31": "74.42%", "2016-09-30": "75.56%", "2016-06-30": "75.55%", "2016-03-31": "75.67%", "2015-12-31": "76.39%", "2015-09-30": "76.27%", "2015-06-30": "76.60%", "2015-03-31": "76.34%", "2014-12-31": "75.24%", "2014-09-30": "73.61%", "2014-06-30": "72.81%", "2014-03-31": "72.36%", "2013-12-31": "71.81%", "2013-09-30": "72.60%", "2013-06-30": "73.22%", "2013-03-31": "73.03%", "2012-12-31": "73.84%", "2012-09-30": "74.04%", "2012-06-30": "74.03%", "2012-03-31": "74.13%", "2011-12-31": "73.65%", "2011-09-30": "72.99%", "2011-06-30": "72.89%", "2011-03-31": "73.01%", "2010-12-31": "72.92%", "2010-09-30": "72.71%", "2010-06-30": "72.50%", "2010-03-31": "72.63%", "2009-12-31": "72.67%", "2009-09-30": "74.30%", "2009-06-30": "73.11%", "2009-03-31": "71.36%", "2008-12-31": "69.99%", "2008-09-30": "68.33%", "2008-06-30": "68.03%", "2008-03-31": "68.20%", "2007-12-31": "68.50%", "2007-09-30": "67.68%", "2007-06-30": "66.83%", "2007-03-31": "66.66%", "2006-12-31": "66.56%", "2006-09-30": "67.36%", "2006-06-30": "68.34%", "2006-03-31": "68.82%", "2005-12-31": "69.16%"}, "operating margin": {"2020-12-31": "-16.16%", "2020-09-30": "8.76%", "2020-06-30": "7.29%", "2020-03-31": "8.68%", "2019-12-31": "19.03%", "2019-09-30": "27.34%", "2019-06-30": "31.13%", "2019-03-31": "26.49%", "2018-12-31": "26.45%", "2018-09-30": "23.42%", "2018-06-30": "19.34%", "2018-03-31": "23.55%", "2017-12-31": "24.70%", "2017-09-30": "26.83%", "2017-06-30": "29.13%", "2017-03-31": "31.13%", "2016-12-31": "30.45%", "2016-09-30": "23.92%", "2016-06-30": "21.84%", "2016-03-31": "13.51%", "2015-12-31": "12.54%", "2015-09-30": "14.68%", "2015-06-30": "14.94%", "2015-03-31": "17.65%", "2014-12-31": "14.99%", "2014-09-30": "20.61%", "2014-06-30": "19.25%", "2014-03-31": "19.57%", "2013-12-31": "17.64%", "2013-09-30": "15.71%", "2013-06-30": "14.48%", "2013-03-31": "17.39%", "2012-12-31": "23.66%", "2012-09-30": "28.46%", "2012-06-30": "32.06%", "2012-03-31": "33.88%", "2011-12-31": "32.86%", "2011-09-30": "32.81%", "2011-06-30": "32.77%", "2011-03-31": "32.68%", "2010-12-31": "31.16%", "2010-09-30": "29.53%", "2010-06-30": "29.01%", "2010-03-31": "28.58%", "2009-12-31": "28.29%", "2009-09-30": "27.11%", "2009-06-30": "23.76%", "2009-03-31": "21.17%", "2008-12-31": "19.83%", "2008-09-30": "16.57%", "2008-06-30": "16.16%", "2008-03-31": "15.34%", "2007-12-31": "14.04%", "2007-09-30": "12.02%", "2007-06-30": "9.92%", "2007-03-31": "10.44%", "2006-12-31": "10.93%", "2006-09-30": "17.12%", "2006-06-30": "18.96%", "2006-03-31": "19.18%", "2005-12-31": "19.90%"}, "ebitda margin": {"2020-09-30": "31.42%", "2020-06-30": "25.77%", "2020-03-31": "21.75%", "2019-12-31": "25.71%", "2019-09-30": "30.16%", "2019-06-30": "33.96%", "2019-03-31": "29.34%", "2018-12-31": "29.28%", "2018-09-30": "26.42%", "2018-06-30": "22.51%", "2018-03-31": "27.06%", "2017-12-31": "28.49%", "2017-09-30": "30.30%", "2017-06-30": "32.25%", "2017-03-31": "33.68%", "2016-12-31": "32.41%", "2016-09-30": "25.74%", "2016-06-30": "23.74%", "2016-03-31": "15.50%", "2015-12-31": "14.81%", "2015-09-30": "17.12%", "2015-06-30": "17.44%", "2015-03-31": "19.85%", "2014-12-31": "17.94%", "2014-09-30": "24.00%", "2014-06-30": "23.03%", "2014-03-31": "24.25%", "2013-12-31": "22.30%", "2013-09-30": "22.36%", "2013-06-30": "21.36%", "2013-03-31": "23.85%", "2012-12-31": "29.19%", "2012-09-30": "31.78%", "2012-06-30": "34.59%", "2012-03-31": "36.57%", "2011-12-31": "35.82%", "2011-09-30": "35.41%", "2011-06-30": "35.85%", "2011-03-31": "35.78%", "2010-12-31": "34.27%", "2010-09-30": "33.28%", "2010-06-30": "32.83%", "2010-03-31": "32.35%", "2009-12-31": "32.04%", "2009-09-30": "31.48%", "2009-06-30": "28.01%", "2009-03-31": "25.44%", "2008-12-31": "24.43%", "2008-09-30": "21.63%", "2008-06-30": "21.60%", "2008-03-31": "21.07%", "2007-12-31": "19.75%", "2007-09-30": "17.51%", "2007-06-30": "15.68%", "2007-03-31": "16.23%", "2006-12-31": "16.65%", "2006-09-30": "22.26%", "2006-06-30": "23.86%", "2006-03-31": "24.04%", "2005-12-31": "24.89%"}, "pre tax profit margin": {"2020-12-31": "-16.16%", "2020-09-30": "8.76%", "2020-06-30": "7.29%", "2020-03-31": "8.68%", "2019-12-31": "19.03%", "2019-09-30": "27.34%", "2019-06-30": "31.13%", "2019-03-31": "26.49%", "2018-12-31": "26.45%", "2018-09-30": "23.42%", "2018-06-30": "19.34%", "2018-03-31": "23.55%", "2017-12-31": "24.70%", "2017-09-30": "26.83%", "2017-06-30": "29.13%", "2017-03-31": "31.13%", "2016-12-31": "30.45%", "2016-09-30": "23.92%", "2016-06-30": "21.84%", "2016-03-31": "13.51%", "2015-12-31": "12.54%", "2015-09-30": "14.68%", "2015-06-30": "14.94%", "2015-03-31": "17.65%", "2014-12-31": "14.99%", "2014-09-30": "20.61%", "2014-06-30": "19.25%", "2014-03-31": "19.57%", "2013-12-31": "17.64%", "2013-09-30": "15.71%", "2013-06-30": "2.90%", "2013-03-31": "6.09%", "2012-12-31": "13.28%", "2012-09-30": "18.12%", "2012-06-30": "31.77%", "2012-03-31": "33.70%", "2011-12-31": "32.86%", "2011-09-30": "32.53%", "2011-06-30": "32.35%", "2011-03-31": "32.44%", "2010-12-31": "31.16%", "2010-09-30": "30.80%", "2010-06-30": "30.57%", "2010-03-31": "30.37%", "2009-12-31": "29.79%", "2009-09-30": "33.92%", "2009-06-30": "30.50%", "2009-03-31": "27.78%", "2008-12-31": "26.96%", "2008-09-30": "17.14%", "2008-06-30": "18.40%", "2008-03-31": "17.78%", "2007-12-31": "16.16%", "2007-09-30": "14.20%", "2007-06-30": "10.48%", "2007-03-31": "11.00%", "2006-12-31": "12.86%", "2006-09-30": "19.54%", "2006-06-30": "24.29%", "2006-03-31": "24.37%", "2005-12-31": "23.13%"}, "net profit margin": {"2020-12-31": "-21.20%", "2020-09-30": "-0.11%", "2020-06-30": "-1.61%", "2020-03-31": "3.08%", "2019-12-31": "13.15%", "2019-09-30": "23.39%", "2019-06-30": "26.00%", "2019-03-31": "22.09%", "2018-12-31": "21.81%", "2018-09-30": "6.50%", "2018-06-30": "1.74%", "2018-03-31": "4.37%", "2017-12-31": "4.85%", "2017-09-30": "20.56%", "2017-06-30": "22.66%", "2017-03-31": "24.22%", "2016-12-31": "22.94%", "2016-09-30": "18.22%", "2016-06-30": "16.29%", "2016-03-31": "9.31%", "2015-12-31": "9.45%", "2015-09-30": "10.74%", "2015-06-30": "10.93%", "2015-03-31": "13.99%", "2014-12-31": "12.62%", "2014-09-30": "16.92%", "2014-06-30": "16.59%", "2014-03-31": "17.67%", "2013-12-31": "15.64%", "2013-09-30": "17.11%", "2013-06-30": "8.59%", "2013-03-31": "9.05%", "2012-12-31": "11.12%", "2012-09-30": "9.98%", "2012-06-30": "17.39%", "2012-03-31": "17.77%", "2011-12-31": "17.42%", "2011-09-30": "15.89%", "2011-06-30": "16.23%", "2011-03-31": "16.92%", "2010-12-31": "15.86%", "2010-09-30": "54.76%", "2010-06-30": "54.87%", "2010-03-31": "55.46%", "2009-12-31": "56.33%", "2009-09-30": "23.73%", "2009-06-30": "32.77%", "2009-03-31": "30.47%", "2008-12-31": "29.62%", "2008-09-30": "22.27%", "2008-06-30": "12.96%", "2008-03-31": "13.19%", "2007-12-31": "13.86%", "2007-09-30": "13.34%", "2007-06-30": "10.36%", "2007-03-31": "9.85%", "2006-12-31": "9.78%", "2006-09-30": "12.24%", "2006-06-30": "15.18%", "2006-03-31": "16.97%", "2005-12-31": "16.12%"}, "pe ratio": {"current": "9.28", "2021-02-11": "136.34", "2020-12-31": "140.98", "2020-09-30": "0.00", "2020-06-30": "0.00", "2020-03-31": "66.71", "2019-12-31": "28.21", "2019-09-30": "13.95", "2019-06-30": "11.29", "2019-03-31": "14.16", "2018-12-31": "15.95", "2018-09-30": "65.17", "2018-06-30": "220.68", "2018-03-31": "102.93", "2017-12-31": "94.04", "2017-09-30": "22.58", "2017-06-30": "18.11", "2017-03-31": "16.75", "2016-12-31": "19.44", "2016-09-30": "23.14", "2016-06-30": "37.00", "2016-03-31": "57.35", "2015-12-31": "61.39", "2015-09-30": "48.08", "2015-06-30": "52.92", "2015-03-31": "40.42", "2014-12-31": "41.62", "2014-09-30": "26.21", "2014-06-30": "24.81", "2014-03-31": "24.57", "2013-12-31": "28.22", "2013-09-30": "22.48", "2013-06-30": "43.87", "2013-03-31": "37.36", "2012-12-31": "22.38", "2012-09-30": "24.20", "2012-06-30": "13.38", "2012-03-31": "11.65", "2011-12-31": "12.44", "2011-09-30": "12.22", "2011-06-30": "11.33", "2011-03-31": "10.17", "2010-12-31": "10.72", "2010-09-30": "3.53", "2010-06-30": "3.25", "2010-03-31": "3.46", "2009-12-31": "3.30", "2009-09-30": "8.09", "2009-06-30": "4.99", "2009-03-31": "5.53", "2008-12-31": "5.84", "2008-09-30": "6.87", "2008-06-30": "11.92", "2008-03-31": "12.42", "2007-12-31": "15.01", "2007-09-30": "16.46", "2007-06-30": "23.60", "2007-03-31": "21.07", "2006-12-31": "19.52"}, "price sales": {"2021-02-11": "3.20", "2020-12-31": "3.31", "2020-09-30": "3.21", "2020-06-30": "3.27", "2020-03-31": "3.19", "2019-12-31": "3.92", "2019-09-30": "3.28", "2019-06-30": "2.94", "2019-03-31": "3.15", "2018-12-31": "3.51", "2018-09-30": "4.27", "2018-06-30": "3.86", "2018-03-31": "4.51", "2017-12-31": "4.42", "2017-09-30": "4.63", "2017-06-30": "4.11", "2017-03-31": "4.05", "2016-12-31": "4.45", "2016-09-30": "4.29", "2016-06-30": "6.14", "2016-03-31": "5.51", "2015-12-31": "6.02", "2015-09-30": "5.16", "2015-06-30": "5.77", "2015-03-31": "5.66", "2014-12-31": "5.25", "2014-09-30": "4.43", "2014-06-30": "4.13", "2014-03-31": "4.34", "2013-12-31": "4.43", "2013-09-30": "3.88", "2013-06-30": "3.79", "2013-03-31": "3.41", "2012-12-31": "2.47", "2012-09-30": "2.37", "2012-06-30": "2.32", "2012-03-31": "2.07", "2011-12-31": "2.16", "2011-09-30": "1.94", "2011-06-30": "1.84", "2011-03-31": "1.72", "2010-12-31": "1.70", "2010-09-30": "1.81", "2010-06-30": "1.70", "2010-03-31": "1.87", "2009-12-31": "1.86", "2009-09-30": "1.91", "2009-06-30": "1.63", "2009-03-31": "1.69", "2008-12-31": "1.74", "2008-09-30": "1.53", "2008-06-30": "1.54", "2008-03-31": "1.65", "2007-12-31": "2.10", "2007-09-30": "2.21", "2007-06-30": "2.47", "2007-03-31": "2.09", "2006-12-31": "1.91"}, "price book": {"current": "2.69", "2021-02-10": "2.70", "2020-09-30": "2.67", "2020-06-30": "2.63", "2020-03-31": "2.45", "2019-12-31": "2.69", "2019-09-30": "4.44", "2019-06-30": "4.35", "2019-03-31": "4.78", "2018-12-31": "5.56", "2018-09-30": "6.81", "2018-06-30": "6.67", "2018-03-31": "7.30", "2017-12-31": "7.61", "2017-09-30": "6.30", "2017-06-30": "5.51", "2017-03-31": "5.47", "2016-12-31": "5.24", "2016-09-30": "4.97", "2016-06-30": "7.10", "2016-03-31": "6.35", "2015-12-31": "6.86", "2015-09-30": "5.54", "2015-06-30": "6.14", "2015-03-31": "5.77", "2014-12-31": "5.51", "2014-09-30": "4.64", "2014-06-30": "4.31", "2014-03-31": "4.54", "2013-12-31": "4.71", "2013-09-30": "4.18", "2013-06-30": "4.10", "2013-03-31": "3.92", "2012-12-31": "3.08", "2012-09-30": "3.12", "2012-06-30": "2.94", "2012-03-31": "2.68", "2011-12-31": "2.84", "2011-09-30": "2.42", "2011-06-30": "2.29", "2011-03-31": "2.10", "2010-12-31": "2.08", "2010-09-30": "2.11", "2010-06-30": "1.96", "2010-03-31": "2.13", "2009-12-31": "2.04", "2009-09-30": "2.14", "2009-06-30": "1.93", "2009-03-31": "2.18", "2008-12-31": "2.49", "2008-09-30": "2.04", "2008-06-30": "2.38", "2008-03-31": "2.49", "2007-12-31": "3.06", "2007-09-30": "3.12", "2007-06-30": "3.50", "2007-03-31": "3.18", "2006-12-31": "3.07", "2006-09-30": "2.48", "2006-06-30": "2.52", "2006-03-31": "2.40"}, "price fcf": {"2021-02-10": "", "2020-09-30": "$5.22", "2020-06-30": "$5.81", "2020-03-31": "$5.14", "2019-12-31": "$4.22", "2019-09-30": "$4.64", "2019-06-30": "$3.83", "2019-03-31": "$3.20", "2018-12-31": "$3.05", "2018-09-30": "$2.26", "2018-06-30": "$2.50", "2018-03-31": "$2.78", "2017-12-31": "$2.55", "2017-09-30": "$2.68", "2017-06-30": "$2.43", "2017-03-31": "$1.72", "2016-12-31": "$1.10", "2016-09-30": "$0.82", "2016-06-30": "$0.35", "2016-03-31": "$0.19", "2015-12-31": "$0.77", "2015-09-30": "$0.64", "2015-06-30": "$0.94", "2015-03-31": "$1.56", "2014-12-31": "$1.57", "2014-09-30": "$2.07", "2014-06-30": "$2.15", "2014-03-31": "$2.44", "2013-12-31": "$1.81", "2013-09-30": "$1.43", "2013-06-30": "$3.56", "2013-03-31": "$3.30", "2012-12-31": "$3.79", "2012-09-30": "$4.19", "2012-06-30": "$2.46", "2012-03-31": "$2.52", "2011-12-31": "$2.61", "2011-09-30": "$2.71", "2011-06-30": "$2.48", "2011-03-31": "$2.40", "2010-12-31": "$2.36", "2010-09-30": "$2.37", "2010-06-30": "$2.24", "2010-03-31": "$2.00", "2009-12-31": "$1.97", "2009-09-30": "$1.28", "2009-06-30": "$1.30", "2009-03-31": "$1.43", "2008-12-31": "$1.65", "2008-09-30": "$1.83", "2008-06-30": "$1.46", "2008-03-31": "$1.42", "2007-12-31": "$1.33", "2007-09-30": "$1.11", "2007-06-30": "$1.24", "2007-03-31": "$1.15", "2006-12-31": "$0.81"}, "net worth": {"value": "$135.22B"}, "current ratio": {"2020-12-31": "0.00", "2020-09-30": "1.68", "2020-06-30": "1.47", "2020-03-31": "1.66", "2019-12-31": "1.60", "2019-09-30": "3.83", "2019-06-30": "3.88", "2019-03-31": "1.93", "2018-12-31": "1.66", "2018-09-30": "1.53", "2018-06-30": "1.41", "2018-03-31": "1.52", "2017-12-31": "1.55", "2017-09-30": "1.59", "2017-06-30": "1.59", "2017-03-31": "1.60", "2016-12-31": "1.55", "2016-09-30": "1.47", "2016-06-30": "1.56", "2016-03-31": "1.48", "2015-12-31": "1.30", "2015-09-30": "1.81", "2015-06-30": "1.76", "2015-03-31": "1.94", "2014-12-31": "1.73", "2014-09-30": "1.75", "2014-06-30": "1.80", "2014-03-31": "1.86", "2013-12-31": "1.52", "2013-09-30": "1.28", "2013-06-30": "1.26", "2013-03-31": "1.20", "2012-12-31": "1.15", "2012-09-30": "1.13", "2012-06-30": "1.58", "2012-03-31": "1.63", "2011-12-31": "1.97", "2011-09-30": "2.03", "2011-06-30": "1.99", "2011-03-31": "1.97", "2010-12-31": "1.97", "2010-09-30": "2.29", "2010-06-30": "2.20", "2010-03-31": "2.08", "2009-12-31": "2.21", "2009-09-30": "1.81", "2009-06-30": "2.16", "2009-03-31": "2.32", "2008-12-31": "2.19", "2008-09-30": "2.13", "2008-06-30": "1.49", "2008-03-31": "1.25", "2007-12-31": "1.20", "2007-09-30": "1.32", "2007-06-30": "1.73", "2007-03-31": "1.67", "2006-12-31": "1.59", "2006-09-30": "1.89", "2006-06-30": "2.03", "2006-03-31": "1.93", "2005-12-31": "1.78", "2005-09-30": "1.53", "2005-06-30": "1.41", "2005-03-31": "1.61"}, "quick ratio": {"2020-12-31": "0.00", "2020-09-30": "1.58", "2020-06-30": "1.37", "2020-03-31": "1.51", "2019-12-31": "1.37", "2019-09-30": "3.72", "2019-06-30": "3.75", "2019-03-31": "1.79", "2018-12-31": "1.55", "2018-09-30": "1.40", "2018-06-30": "1.28", "2018-03-31": "1.39", "2017-12-31": "1.43", "2017-09-30": "1.46", "2017-06-30": "1.45", "2017-03-31": "1.44", "2016-12-31": "1.41", "2016-09-30": "1.30", "2016-06-30": "1.38", "2016-03-31": "1.30", "2015-12-31": "1.15", "2015-09-30": "1.65", "2015-06-30": "1.58", "2015-03-31": "1.75", "2014-12-31": "1.54", "2014-09-30": "1.56", "2014-06-30": "1.59", "2014-03-31": "1.64", "2013-12-31": "1.40", "2013-09-30": "1.09", "2013-06-30": "1.04", "2013-03-31": "0.99", "2012-12-31": "0.95", "2012-09-30": "0.93", "2012-06-30": "1.36", "2012-03-31": "1.43", "2011-12-31": "1.79", "2011-09-30": "1.85", "2011-06-30": "1.79", "2011-03-31": "1.77", "2010-12-31": "1.79", "2010-09-30": "2.07", "2010-06-30": "1.98", "2010-03-31": "1.87", "2009-12-31": "1.99", "2009-09-30": "1.56", "2009-06-30": "1.90", "2009-03-31": "2.06", "2008-12-31": "1.93", "2008-09-30": "1.83", "2008-06-30": "1.24", "2008-03-31": "0.98", "2007-12-31": "0.95", "2007-09-30": "1.03", "2007-06-30": "1.39", "2007-03-31": "1.34", "2006-12-31": "1.27", "2006-09-30": "1.52", "2006-06-30": "1.65", "2006-03-31": "1.57", "2005-12-31": "1.48", "2005-09-30": "1.22", "2005-06-30": "1.11", "2005-03-31": "1.37"}, "debt equity ratio": {"current": "0.82", "2020-12-31": "0.00", "2020-09-30": "1.50", "2020-06-30": "1.61", "2020-03-31": "1.59", "2019-12-31": "1.51", "2019-09-30": "2.24", "2019-06-30": "2.42", "2019-03-31": "1.27", "2018-12-31": "1.48", "2018-09-30": "1.45", "2018-06-30": "1.63", "2018-03-31": "1.56", "2017-12-31": "1.83", "2017-09-30": "1.28", "2017-06-30": "1.25", "2017-03-31": "1.27", "2016-12-31": "1.06", "2016-09-30": "1.14", "2016-06-30": "1.18", "2016-03-31": "1.19", "2015-12-31": "1.20", "2015-09-30": "1.08", "2015-06-30": "1.09", "2015-03-31": "1.14", "2014-12-31": "1.25", "2014-09-30": "1.20", "2014-06-30": "1.18", "2014-03-31": "1.15", "2013-12-31": "1.53", "2013-09-30": "1.50", "2013-06-30": "1.52", "2013-03-31": "1.63", "2012-12-31": "1.63", "2012-09-30": "1.59", "2012-06-30": "1.00", "2012-03-31": "1.00", "2011-12-31": "1.08", "2011-09-30": "0.95", "2011-06-30": "0.97", "2011-03-31": "0.94", "2010-12-31": "0.99", "2010-09-30": "1.01", "2010-06-30": "0.99", "2010-03-31": "1.02", "2009-12-31": "1.10", "2009-09-30": "1.15", "2009-06-30": "1.14", "2009-03-31": "1.26", "2008-12-31": "1.42", "2008-09-30": "1.20", "2008-06-30": "1.60", "2008-03-31": "1.49", "2007-12-31": "1.46", "2007-09-30": "1.34", "2007-06-30": "1.53", "2007-03-31": "1.54", "2006-12-31": "1.56", "2006-09-30": "1.35", "2006-06-30": "1.34", "2006-03-31": "1.38", "2005-12-31": "1.51", "2005-09-30": "1.27", "2005-06-30": "1.34", "2005-03-31": "1.74"}, "return on equity": {"2020-12-31": "-24.14%", "2020-09-30": "-0.09%", "2020-06-30": "-1.34%", "2020-03-31": "2.81%", "2019-12-31": "13.63%", "2019-09-30": "35.71%", "2019-06-30": "41.81%", "2019-03-31": "37.00%", "2018-12-31": "36.99%", "2018-09-30": "11.25%", "2018-06-30": "2.89%", "2018-03-31": "6.75%", "2017-12-31": "7.18%", "2017-09-30": "27.91%", "2017-06-30": "29.84%", "2017-03-31": "31.33%", "2016-12-31": "28.87%", "2016-09-30": "22.50%", "2016-06-30": "19.35%", "2016-03-31": "10.57%", "2015-12-31": "10.32%", "2015-09-30": "11.59%", "2015-06-30": "11.71%", "2015-03-31": "14.71%", "2014-12-31": "13.12%", "2014-09-30": "17.72%", "2014-06-30": "17.67%", "2014-03-31": "19.32%", "2013-12-31": "17.67%", "2013-09-30": "19.57%", "2013-06-30": "9.77%", "2013-03-31": "10.29%", "2012-12-31": "13.15%", "2012-09-30": "12.20%", "2012-06-30": "22.14%", "2012-03-31": "23.61%", "2011-12-31": "23.01%", "2011-09-30": "20.72%", "2011-06-30": "20.80%", "2011-03-31": "21.16%", "2010-12-31": "19.84%", "2010-09-30": "69.17%", "2010-06-30": "71.00%", "2010-03-31": "73.38%", "2009-12-31": "75.37%", "2009-09-30": "28.57%", "2009-06-30": "41.70%", "2009-03-31": "42.60%", "2008-12-31": "45.15%", "2008-09-30": "34.92%", "2008-06-30": "20.38%", "2008-03-31": "19.85%", "2007-12-31": "20.26%", "2007-09-30": "20.11%", "2007-06-30": "15.02%", "2007-03-31": "14.34%", "2006-12-31": "14.14%", "2006-09-30": "19.26%", "2006-06-30": "24.87%", "2006-03-31": "28.38%", "2005-12-31": "27.49%"}, "return on assets": {"2020-12-31": "-9.42%", "2020-09-30": "-0.03%", "2020-06-30": "-0.51%", "2020-03-31": "1.03%", "2019-12-31": "4.96%", "2019-09-30": "12.40%", "2019-06-30": "15.63%", "2019-03-31": "15.11%", "2018-12-31": "14.64%", "2018-09-30": "4.31%", "2018-06-30": "1.13%", "2018-03-31": "2.74%", "2017-12-31": "3.01%", "2017-09-30": "12.62%", "2017-06-30": "13.71%", "2017-03-31": "14.52%", "2016-12-31": "13.49%", "2016-09-30": "10.34%", "2016-06-30": "8.95%", "2016-03-31": "4.94%", "2015-12-31": "4.85%", "2015-09-30": "5.42%", "2015-06-30": "5.39%", "2015-03-31": "6.71%", "2014-12-31": "5.98%", "2014-09-30": "7.82%", "2014-06-30": "7.55%", "2014-03-31": "7.97%", "2013-12-31": "6.95%", "2013-09-30": "7.62%", "2013-06-30": "3.77%", "2013-03-31": "4.20%", "2012-12-31": "5.76%", "2012-09-30": "5.67%", "2012-06-30": "11.04%", "2012-03-31": "11.82%", "2011-12-31": "11.60%", "2011-09-30": "10.56%", "2011-06-30": "10.52%", "2011-03-31": "10.67%", "2010-12-31": "9.91%", "2010-09-30": "34.09%", "2010-06-30": "34.40%", "2010-03-31": "34.93%", "2009-12-31": "34.89%", "2009-09-30": "12.78%", "2009-06-30": "18.54%", "2009-03-31": "18.06%", "2008-12-31": "18.68%", "2008-09-30": "14.39%", "2008-06-30": "8.25%", "2008-03-31": "8.10%", "2007-12-31": "8.22%", "2007-09-30": "8.08%", "2007-06-30": "6.03%", "2007-03-31": "5.87%", "2006-12-31": "5.89%", "2006-09-30": "8.05%", "2006-06-30": "10.47%", "2006-03-31": "11.95%", "2005-12-31": "11.17%"}, "return on investments": {"2020-12-31": "-9.98%", "2020-09-30": "3.73%", "2020-06-30": "3.17%", "2020-03-31": "3.98%", "2019-12-31": "10.01%", "2019-09-30": "21.41%", "2019-06-30": "29.49%", "2019-03-31": "31.53%", "2018-12-31": "31.42%", "2018-09-30": "27.51%", "2018-06-30": "21.56%", "2018-03-31": "24.43%", "2017-12-31": "24.37%", "2017-09-30": "25.24%", "2017-06-30": "27.05%", "2017-03-31": "28.54%", "2016-12-31": "27.36%", "2016-09-30": "20.70%", "2016-06-30": "17.96%", "2016-03-31": "10.63%", "2015-12-31": "9.48%", "2015-09-30": "10.93%", "2015-06-30": "10.95%", "2015-03-31": "12.60%", "2014-12-31": "10.54%", "2014-09-30": "14.50%", "2014-06-30": "13.85%", "2014-03-31": "14.53%", "2013-12-31": "13.53%", "2013-09-30": "12.29%", "2013-06-30": "11.20%", "2013-03-31": "13.75%", "2012-12-31": "20.04%", "2012-09-30": "25.50%", "2012-06-30": "30.68%", "2012-03-31": "33.81%", "2011-12-31": "32.56%", "2011-09-30": "32.08%", "2011-06-30": "31.04%", "2011-03-31": "29.82%", "2010-12-31": "28.09%", "2010-09-30": "26.53%", "2010-06-30": "26.56%", "2010-03-31": "26.55%", "2009-12-31": "26.15%", "2009-09-30": "22.08%", "2009-06-30": "20.33%", "2009-03-31": "19.55%", "2008-12-31": "20.11%", "2008-09-30": "17.64%", "2008-06-30": "17.54%", "2008-03-31": "15.70%", "2007-12-31": "13.40%", "2007-09-30": "11.28%", "2007-06-30": "8.54%", "2007-03-31": "8.94%", "2006-12-31": "9.27%", "2006-09-30": "15.74%", "2006-06-30": "18.56%", "2006-03-31": "19.60%", "2005-12-31": "20.50%"}, "return on tangible equity": {"2020-09-30": "0.14%", "2020-06-30": "2.52%", "2020-03-31": "-7.63%", "2019-12-31": "-168.95%", "2019-09-30": "68.31%", "2019-06-30": "86.05%", "2019-03-31": "82.78%", "2018-12-31": "89.34%", "2018-09-30": "29.67%", "2018-06-30": "7.45%", "2018-03-31": "16.52%", "2017-12-31": "16.99%", "2017-09-30": "60.37%", "2017-06-30": "63.88%", "2017-03-31": "67.11%", "2016-12-31": "62.04%", "2016-09-30": "50.29%", "2016-06-30": "44.12%", "2016-03-31": "24.26%", "2015-12-31": "23.53%", "2015-09-30": "26.60%", "2015-06-30": "27.17%", "2015-03-31": "34.55%", "2014-12-31": "31.55%", "2014-09-30": "43.43%", "2014-06-30": "61.51%", "2014-03-31": "123.71%", "2013-12-31": "1850.54%", "2013-09-30": "-137.31%", "2013-06-30": "-55.71%", "2013-03-31": "-160.20%", "2012-12-31": "224.85%", "2012-09-30": "56.20%", "2012-06-30": "59.61%", "2012-03-31": "56.24%", "2011-12-31": "49.52%", "2011-09-30": "44.64%", "2011-06-30": "44.03%", "2011-03-31": "44.54%", "2010-12-31": "41.55%", "2010-09-30": "144.49%", "2010-06-30": "153.87%", "2010-03-31": "152.23%", "2009-12-31": "150.77%", "2009-09-30": "55.45%", "2009-06-30": "76.80%", "2009-03-31": "83.70%", "2008-12-31": "95.19%", "2008-09-30": "78.07%", "2008-06-30": "49.14%", "2008-03-31": "49.03%", "2007-12-31": "51.54%", "2007-09-30": "53.40%", "2007-06-30": "39.96%", "2007-03-31": "37.51%", "2006-12-31": "35.89%", "2006-09-30": "47.14%", "2006-06-30": "61.67%", "2006-03-31": "72.77%", "2005-12-31": "74.45%"}, "dividend yield history": {"last payout": "$1.96", "last yield": "3.28%"}}