{"ticker": "BOKF", "price": {"title": "BOK Financial Historical Annual Stock Price Data", "value": 80.9, "historical": {"2021": {"Average Stock Price": "77.2221", "Year Open": "69.4100", "Year High": "80.9000", "Year Low": "69.4100", "Year Close": "80.9000", "Annual % Change": "18.14%"}, "2020": {"Average Stock Price": "60.2293", "Year Open": "87.4100", "Year High": "87.4100", "Year Low": "35.4000", "Year Close": "68.4800", "Annual % Change": "-21.65%"}, "2019": {"Average Stock Price": "81.2123", "Year Open": "73.8600", "Year High": "92.3700", "Year Low": "72.6700", "Year Close": "87.4000", "Annual % Change": "19.19%"}, "2018": {"Average Stock Price": "95.5911", "Year Open": "92.3500", "Year High": "105.2600", "Year Low": "70.5900", "Year Close": "73.3300", "Annual % Change": "-20.57%"}, "2017": {"Average Stock Price": "83.6763", "Year Open": "81.8300", "Year High": "93.4900", "Year Low": "74.7500", "Year Close": "92.3200", "Annual % Change": "11.18%"}, "2016": {"Average Stock Price": "63.7799", "Year Open": "58.0500", "Year High": "84.2000", "Year Low": "45.1400", "Year Close": "83.0400", "Annual % Change": "38.89%"}, "2015": {"Average Stock Price": "63.6501", "Year Open": "60.0100", "Year High": "72.9200", "Year Low": "53.7500", "Year Close": "59.7900", "Annual % Change": "-0.42%"}, "2014": {"Average Stock Price": "65.5466", "Year Open": "65.2000", "Year High": "70.7200", "Year Low": "57.9100", "Year Close": "60.0400", "Annual % Change": "-9.47%"}, "2013": {"Average Stock Price": "62.8141", "Year Open": "55.5100", "Year High": "68.9300", "Year Low": "55.1000", "Year Close": "66.3200", "Annual % Change": "21.78%"}, "2012": {"Average Stock Price": "56.5146", "Year Open": "55.5300", "Year High": "59.7600", "Year Low": "52.5600", "Year Close": "54.4600", "Annual % Change": "-0.86%"}, "2011": {"Average Stock Price": "51.6847", "Year Open": "55.0800", "Year High": "56.3000", "Year Low": "44.0000", "Year Close": "54.9300", "Annual % Change": "2.87%"}, "2010": {"Average Stock Price": "48.9040", "Year Open": "47.5300", "Year High": "55.6800", "Year Low": "42.8900", "Year Close": "53.4000", "Annual % Change": "12.37%"}, "2009": {"Average Stock Price": "40.2684", "Year Open": "40.5000", "Year High": "48.1300", "Year Low": "22.9800", "Year Close": "47.5200", "Annual % Change": "17.62%"}, "2008": {"Average Stock Price": "49.1297", "Year Open": "50.7900", "Year High": "60.8400", "Year Low": "38.4800", "Year Close": "40.4000", "Annual % Change": "-21.86%"}, "2007": {"Average Stock Price": "52.3727", "Year Open": "55.3800", "Year High": "55.5700", "Year Low": "47.4700", "Year Close": "51.7000", "Annual % Change": "-5.97%"}, "2006": {"Average Stock Price": "49.6315", "Year Open": "45.8900", "Year High": "54.9800", "Year Low": "44.4300", "Year Close": "54.9800", "Annual % Change": "21.02%"}, "2005": {"Average Stock Price": "44.8894", "Year Open": "48.9800", "Year High": "49.3100", "Year Low": "39.7900", "Year Close": "45.4300", "Annual % Change": "-6.83%"}, "2004": {"Average Stock Price": "42.1474", "Year Open": "38.6100", "Year High": "49.1800", "Year Low": "37.2900", "Year Close": "48.7600", "Annual % Change": "25.93%"}, "2003": {"Average Stock Price": "36.4115", "Year Open": "32.8000", "Year High": "41.0200", "Year Low": "31.0000", "Year Close": "38.7200", "Annual % Change": "19.54%"}, "2002": {"Average Stock Price": "32.5612", "Year Open": "30.4500", "Year High": "36.5200", "Year Low": "28.0400", "Year Close": "32.3900", "Annual % Change": "2.79%"}, "2001": {"Average Stock Price": "26.9364", "Year Open": "21.4400", "Year High": "32.7500", "Year Low": "21.3100", "Year Close": "31.5100", "Annual % Change": "48.28%"}, "2000": {"Average Stock Price": "17.5803", "Year Open": "20.4400", "Year High": "21.2500", "Year Low": "15.3100", "Year Close": "21.2500", "Annual % Change": "5.20%"}, "1999": {"Average Stock Price": "23.2452", "Year Open": "23.5000", "Year High": "25.9400", "Year Low": "19.5000", "Year Close": "20.2000", "Annual % Change": "-14.28%"}, "1998": {"Average Stock Price": "23.2985", "Year Open": "20.9400", "Year High": "25.6250", "Year Low": "19.5000", "Year Close": "23.5650", "Annual % Change": "21.44%"}, "1997": {"Average Stock Price": "17.7476", "Year Open": "15.0000", "Year High": "22.0000", "Year Low": "13.8750", "Year Close": "19.4050", "Annual % Change": "43.74%"}, "1996": {"Average Stock Price": "11.1831", "Year Open": "9.7500", "Year High": "14.0000", "Year Low": "9.6250", "Year Close": "13.5000", "Annual % Change": "17.39%"}, "1995": {"Average Stock Price": "11.0545", "Year Open": "10.1900", "Year High": "12.6250", "Year Low": "9.7500", "Year Close": "11.5000", "Annual % Change": "4.55%"}, "1994": {"Average Stock Price": "11.1799", "Year Open": "13.1250", "Year High": "13.6250", "Year Low": "9.5000", "Year Close": "11.0000", "Annual % Change": "-19.27%"}, "1993": {"Average Stock Price": "11.2393", "Year Open": "10.1350", "Year High": "14.0000", "Year Low": "9.2500", "Year Close": "13.6250", "Annual % Change": "25.75%"}, "1992": {"Average Stock Price": "5.7977", "Year Open": "5.8900", "Year High": "10.8350", "Year Low": "3.7650", "Year Close": "10.8350", "Annual % Change": "76.90%"}}}, "market cap": {"value": "$5.69B"}, "income statement": {"Revenue": {"2019-12-31": "2226.32800", "2018-12-31": "1845.21000", "2017-12-31": "1667.84500", "2016-12-31": "1503.13700", "2015-12-31": "1425.30800", "2014-12-31": "1354.19700", "2013-12-31": "1365.64300", "2012-12-31": "1448.54900", "2011-12-31": "1341.68400", "2010-12-31": "1369.14000", "2009-12-31": "1407.55900", "2008-12-31": "1490.36900", "2007-12-31": "1562.71700", "2006-12-31": "1358.05200", "2005-12-31": "1116.88000"}, "Cost Of Goods Sold": {"2019-12-31": "419.07900", "2018-12-31": "243.55900", "2017-12-31": "131.05000", "2016-12-31": "81.88900", "2015-12-31": "63.47400", "2014-12-31": "67.04500", "2013-12-31": "70.89400", "2012-12-31": "87.32200", "2011-12-31": "120.10100", "2010-12-31": "142.03000", "2009-12-31": "204.20500", "2008-12-31": "414.78300", "2007-12-31": "616.25200", "2006-12-31": "499.74100", "2005-12-31": "320.59300"}, "Gross Profit": {"2019-12-31": "1807.24900", "2018-12-31": "1601.65100", "2017-12-31": "1536.79500", "2016-12-31": "1421.24800", "2015-12-31": "1361.83400", "2014-12-31": "1287.15200", "2013-12-31": "1294.74900", "2012-12-31": "1361.22700", "2011-12-31": "1221.58300", "2010-12-31": "1227.11000", "2009-12-31": "1203.35400", "2008-12-31": "1075.58600", "2007-12-31": "946.46500", "2006-12-31": "858.31100", "2005-12-31": "796.28700"}, "Research And Development Expenses": {"2019-12-31": "", "2018-12-31": "", "2017-12-31": "", "2016-12-31": "", "2015-12-31": "", "2014-12-31": "", "2013-12-31": "", "2012-12-31": "", "2011-12-31": "", "2010-12-31": "", "2009-12-31": "", "2008-12-31": "", "2007-12-31": "", "2006-12-31": "", "2005-12-31": ""}, "SG&A Expenses": {"2019-12-31": "1155.76300", "2018-12-31": "1026.54600", "2017-12-31": "1011.73800", "2016-12-31": "1075.72800", "2015-12-31": "925.83200", "2014-12-31": "843.55700", "2013-12-31": "809.29200", "2012-12-31": "815.43600", "2011-12-31": "769.66500", "2010-12-31": "850.12300", "2009-12-31": "885.66300", "2008-12-31": "857.33600", "2007-12-31": "602.35000", "2006-12-31": "525.38200", "2005-12-31": "478.51900"}, "Other Operating Income Or Expenses": {"2019-12-31": "", "2018-12-31": "", "2017-12-31": "", "2016-12-31": "", "2015-12-31": "", "2014-12-31": "", "2013-12-31": "", "2012-12-31": "", "2011-12-31": "", "2010-12-31": "", "2009-12-31": "", "2008-12-31": "", "2007-12-31": "", "2006-12-31": "", "2005-12-31": ""}, "Operating Expenses": {"2019-12-31": "1595.46000", "2018-12-31": "1279.72500", "2017-12-31": "1149.56700", "2016-12-31": "1164.47900", "2015-12-31": "993.66500", "2014-12-31": "914.56700", "2013-12-31": "883.61400", "2012-12-31": "905.68510", "2011-12-31": "893.34910", "2010-12-31": "997.48900", "2009-12-31": "1096.83800", "2008-12-31": "1279.78000", "2007-12-31": "1225.96000", "2006-12-31": "1030.45000", "2005-12-31": "806.05500"}, "Operating Income": {"2019-12-31": "630.86800", "2018-12-31": "565.48500", "2017-12-31": "518.27800", "2016-12-31": "338.65800", "2015-12-31": "431.64300", "2014-12-31": "439.63000", "2013-12-31": "482.02890", "2012-12-31": "542.86390", "2011-12-31": "448.33500", "2010-12-31": "371.65090", "2009-12-31": "310.72090", "2008-12-31": "210.58900", "2007-12-31": "336.75710", "2006-12-31": "327.60210", "2005-12-31": "310.82500"}, "Total Non-Operating Income/Expense": {"2019-12-31": "", "2018-12-31": "", "2017-12-31": "", "2016-12-31": "", "2015-12-31": "", "2014-12-31": "", "2013-12-31": "", "2012-12-31": "", "2011-12-31": "", "2010-12-31": "", "2009-12-31": "", "2008-12-31": "", "2007-12-31": "", "2006-12-31": "", "2005-12-31": "3.91500"}, "Pre-Tax Income": {"2019-12-31": "630.86800", "2018-12-31": "565.48500", "2017-12-31": "518.27800", "2016-12-31": "338.65800", "2015-12-31": "431.64300", "2014-12-31": "439.63000", "2013-12-31": "482.02900", "2012-12-31": "542.86400", "2011-12-31": "448.33500", "2010-12-31": "371.65100", "2009-12-31": "310.72100", "2008-12-31": "210.58900", "2007-12-31": "336.75700", "2006-12-31": "327.60200", "2005-12-31": "314.74000"}, "Income Taxes": {"2019-12-31": "130.18300", "2018-12-31": "119.06100", "2017-12-31": "182.59300", "2016-12-31": "106.37700", "2015-12-31": "139.38400", "2014-12-31": "144.15100", "2013-12-31": "163.09800", "2012-12-31": "188.74000", "2011-12-31": "158.51100", "2010-12-31": "123.35700", "2009-12-31": "106.70500", "2008-12-31": "64.90900", "2007-12-31": "115.76100", "2006-12-31": "114.62500", "2005-12-31": "113.23500"}, "Income After Taxes": {"2019-12-31": "500.68500", "2018-12-31": "446.42400", "2017-12-31": "335.68500", "2016-12-31": "232.28100", "2015-12-31": "292.25900", "2014-12-31": "295.47900", "2013-12-31": "318.93100", "2012-12-31": "354.12400", "2011-12-31": "289.82400", "2010-12-31": "248.29400", "2009-12-31": "204.01600", "2008-12-31": "145.68000", "2007-12-31": "220.99600", "2006-12-31": "212.97700", "2005-12-31": "201.50500"}, "Other Income": {"2019-12-31": "", "2018-12-31": "", "2017-12-31": "", "2016-12-31": "", "2015-12-31": "", "2014-12-31": "", "2013-12-31": "", "2012-12-31": "", "2011-12-31": "", "2010-12-31": "", "2009-12-31": "", "2008-12-31": "", "2007-12-31": "", "2006-12-31": "", "2005-12-31": ""}, "Income From Continuous Operations": {"2019-12-31": "500.68500", "2018-12-31": "446.42400", "2017-12-31": "335.68500", "2016-12-31": "232.28100", "2015-12-31": "292.25900", "2014-12-31": "295.47900", "2013-12-31": "318.93100", "2012-12-31": "354.12400", "2011-12-31": "289.82400", "2010-12-31": "248.29400", "2009-12-31": "204.01600", "2008-12-31": "145.68000", "2007-12-31": "220.99600", "2006-12-31": "212.97700", "2005-12-31": "201.50500"}, "Income From Discontinued Operations": {"2019-12-31": "", "2018-12-31": "", "2017-12-31": "", "2016-12-31": "", "2015-12-31": "", "2014-12-31": "", "2013-12-31": "", "2012-12-31": "", "2011-12-31": "", "2010-12-31": "", "2009-12-31": "", "2008-12-31": "", "2007-12-31": "", "2006-12-31": "", "2005-12-31": ""}, "Net Income": {"2019-12-31": "500.75800", "2018-12-31": "445.64600", "2017-12-31": "334.64400", "2016-12-31": "232.66800", "2015-12-31": "285.18200", "2014-12-31": "289.19600", "2013-12-31": "316.60900", "2012-12-31": "351.19100", "2011-12-31": "285.87500", "2010-12-31": "246.75400", "2009-12-31": "199.76000", "2008-12-31": "153.23200", "2007-12-31": "217.66400", "2006-12-31": "212.97700", "2005-12-31": "201.13000"}, "EBITDA": {"2019-12-31": "", "2018-12-31": "", "2017-12-31": "", "2016-12-31": "", "2015-12-31": "", "2014-12-31": "", "2013-12-31": "", "2012-12-31": "", "2011-12-31": "", "2010-12-31": "", "2009-12-31": "", "2008-12-31": "", "2007-12-31": "", "2006-12-31": "", "2005-12-31": ""}, "EBIT": {"2019-12-31": "", "2018-12-31": "", "2017-12-31": "", "2016-12-31": "", "2015-12-31": "", "2014-12-31": "", "2013-12-31": "", "2012-12-31": "", "2011-12-31": "", "2010-12-31": "", "2009-12-31": "", "2008-12-31": "", "2007-12-31": "", "2006-12-31": "", "2005-12-31": ""}, "Basic Shares Outstanding": {"2019-12-31": "70.78800", "2018-12-31": "66.62900", "2017-12-31": "64.74500", "2016-12-31": "65.08560", "2015-12-31": "67.59470", "2014-12-31": "68.39400", "2013-12-31": "67.98900", "2012-12-31": "67.68400", "2011-12-31": "67.78770", "2010-12-31": "67.62770", "2009-12-31": "67.37540", "2008-12-31": "67.30300", "2007-12-31": "67.08320", "2006-12-31": "66.75940", "2005-12-31": "64.06800"}, "Shares Outstanding": {"2019-12-31": "70.80300", "2018-12-31": "66.66200", "2017-12-31": "64.80600", "2016-12-31": "65.14390", "2015-12-31": "67.69170", "2014-12-31": "68.54500", "2013-12-31": "68.20600", "2012-12-31": "67.96490", "2011-12-31": "68.03880", "2010-12-31": "67.83170", "2009-12-31": "67.48800", "2008-12-31": "67.46140", "2007-12-31": "67.51970", "2006-12-31": "67.31000", "2005-12-31": "67.04700"}, "Basic EPS": {"2019-12-31": "7.03000", "2018-12-31": "6.63000", "2017-12-31": "5.11000", "2016-12-31": "3.53000", "2015-12-31": "4.22000", "2014-12-31": "4.23000", "2013-12-31": "4.61000", "2012-12-31": "5.15000", "2011-12-31": "4.18000", "2010-12-31": "3.63000", "2009-12-31": "2.96000", "2008-12-31": "2.27000", "2007-12-31": "3.24000", "2006-12-31": "3.19000", "2005-12-31": "3.14000"}, "EPS - Earnings Per Share": {"2019-12-31": "7.03000", "2018-12-31": "6.63000", "2017-12-31": "5.11000", "2016-12-31": "3.53000", "2015-12-31": "4.21000", "2014-12-31": "4.22000", "2013-12-31": "4.59000", "2012-12-31": "5.13000", "2011-12-31": "4.17000", "2010-12-31": "3.61000", "2009-12-31": "2.96000", "2008-12-31": "2.27000", "2007-12-31": "3.22000", "2006-12-31": "3.16000", "2005-12-31": "3.01000"}}, "income statement, quarterly": {"Revenue": {"2020-09-30": "528.81800", "2020-06-30": "539.07700", "2020-03-31": "529.25600", "2019-12-31": "548.44210", "2019-09-30": "581.65700", "2019-06-30": "562.88500", "2019-03-31": "533.34400", "2018-12-31": "502.04700", "2018-09-30": "471.18800", "2018-06-30": "450.57900", "2018-03-31": "421.39600", "2017-12-31": "422.60290", "2017-09-30": "431.12300", "2017-06-30": "417.43300", "2017-03-31": "396.68600", "2016-12-31": "359.49100", "2016-09-30": "396.62700", "2016-06-30": "387.80900", "2016-03-31": "359.21000", "2015-12-31": "349.52400", "2015-09-30": "357.10000", "2015-06-30": "368.09800", "2015-03-31": "350.58600", "2014-12-31": "338.52300", "2014-09-30": "348.83900", "2014-06-30": "348.77300", "2014-03-31": "318.06200", "2013-12-31": "335.93490", "2013-09-30": "328.86000", "2013-06-30": "350.11700", "2013-03-31": "350.73100", "2012-12-31": "347.72990", "2012-09-30": "376.01500", "2012-06-30": "389.31500", "2012-03-31": "335.48900", "2011-12-31": "293.97510", "2011-09-30": "379.36500", "2011-06-30": "348.67700", "2011-03-31": "319.66700", "2010-12-31": "306.21090", "2010-09-30": "354.64000", "2010-06-30": "375.03600", "2010-03-31": "333.25300", "2009-12-31": "332.57390", "2009-09-30": "358.01600", "2009-06-30": "358.65000", "2009-03-31": "358.31900", "2008-12-31": "383.60710", "2008-09-30": "395.64400", "2008-06-30": "314.48300", "2008-03-31": "396.63500", "2007-12-31": "407.74410", "2007-09-30": "409.75200", "2007-06-30": "378.85600", "2007-03-31": "366.36500", "2006-12-31": "360.64700", "2006-09-30": "353.06300", "2006-06-30": "331.32000", "2006-03-31": "313.02200", "2005-12-31": "301.58400", "2005-09-30": "285.91100", "2005-06-30": "280.92500", "2005-03-31": "248.46000"}, "Cost Of Goods Sold": {"2020-09-30": "22.90900", "2020-06-30": "28.28000", "2020-03-31": "87.57700", "2019-12-31": "99.60800", "2019-09-30": "116.11100", "2019-06-30": "105.38800", "2019-03-31": "97.97200", "2018-12-31": "79.90600", "2018-09-30": "62.36400", "2018-06-30": "55.61800", "2018-03-31": "45.67100", "2017-12-31": "38.90400", "2017-09-30": "36.96100", "2017-06-30": "29.97700", "2017-03-31": "25.20800", "2016-12-31": "21.53900", "2016-09-30": "21.47100", "2016-06-30": "19.65500", "2016-03-31": "19.22400", "2015-12-31": "15.52100", "2015-09-30": "15.02800", "2015-06-30": "16.08200", "2015-03-31": "16.84300", "2014-12-31": "16.95600", "2014-09-30": "17.07700", "2014-06-30": "16.53400", "2014-03-31": "16.47800", "2013-12-31": "16.87600", "2013-09-30": "17.53900", "2013-06-30": "17.88500", "2013-03-31": "18.59400", "2012-12-31": "20.94500", "2012-09-30": "20.04400", "2012-06-30": "21.69400", "2012-03-31": "24.63900", "2011-12-31": "26.57000", "2011-09-30": "30.36500", "2011-06-30": "31.71600", "2011-03-31": "31.45000", "2010-12-31": "33.49800", "2010-09-30": "36.25200", "2010-06-30": "35.48400", "2010-03-31": "36.79600", "2009-12-31": "39.93300", "2009-09-30": "45.78500", "2009-06-30": "55.10500", "2009-03-31": "63.38200", "2008-12-31": "85.71300", "2008-09-30": "99.01000", "2008-06-30": "101.14700", "2008-03-31": "128.91300", "2007-12-31": "155.80700", "2007-09-30": "160.93500", "2007-06-30": "153.77200", "2007-03-31": "145.73800", "2006-12-31": "142.64600", "2006-09-30": "131.50200", "2006-06-30": "119.33400", "2006-03-31": "106.25900", "2005-12-31": "97.85400", "2005-09-30": "86.22800", "2005-06-30": "73.80100", "2005-03-31": "62.71000"}, "Gross Profit": {"2020-09-30": "505.90900", "2020-06-30": "510.79700", "2020-03-31": "441.67900", "2019-12-31": "448.83410", "2019-09-30": "465.54600", "2019-06-30": "457.49700", "2019-03-31": "435.37200", "2018-12-31": "422.14100", "2018-09-30": "408.82400", "2018-06-30": "394.96100", "2018-03-31": "375.72500", "2017-12-31": "383.69890", "2017-09-30": "394.16200", "2017-06-30": "387.45600", "2017-03-31": "371.47800", "2016-12-31": "337.95200", "2016-09-30": "375.15600", "2016-06-30": "368.15400", "2016-03-31": "339.98600", "2015-12-31": "334.00300", "2015-09-30": "342.07200", "2015-06-30": "352.01600", "2015-03-31": "333.74300", "2014-12-31": "321.56700", "2014-09-30": "331.76200", "2014-06-30": "332.23900", "2014-03-31": "301.58400", "2013-12-31": "319.05890", "2013-09-30": "311.32100", "2013-06-30": "332.23200", "2013-03-31": "332.13700", "2012-12-31": "326.78490", "2012-09-30": "355.97100", "2012-06-30": "367.62100", "2012-03-31": "310.85000", "2011-12-31": "267.40510", "2011-09-30": "349.00000", "2011-06-30": "316.96100", "2011-03-31": "288.21700", "2010-12-31": "272.71290", "2010-09-30": "318.38800", "2010-06-30": "339.55200", "2010-03-31": "296.45700", "2009-12-31": "292.64090", "2009-09-30": "312.23100", "2009-06-30": "303.54500", "2009-03-31": "294.93700", "2008-12-31": "297.89410", "2008-09-30": "296.63400", "2008-06-30": "213.33600", "2008-03-31": "267.72200", "2007-12-31": "251.93710", "2007-09-30": "248.81700", "2007-06-30": "225.08400", "2007-03-31": "220.62700", "2006-12-31": "218.00100", "2006-09-30": "221.56100", "2006-06-30": "211.98600", "2006-03-31": "206.76300", "2005-12-31": "203.73000", "2005-09-30": "199.68300", "2005-06-30": "207.12400", "2005-03-31": "185.75000"}, "Research And Development Expenses": {"2020-09-30": "", "2020-06-30": "", "2020-03-31": "", "2019-12-31": "", "2019-09-30": "", "2019-06-30": "", "2019-03-31": "", "2018-12-31": "", "2018-09-30": "", "2018-06-30": "", "2018-03-31": "", "2017-12-31": "", "2017-09-30": "", "2017-06-30": "", "2017-03-31": "", "2016-12-31": "", "2016-09-30": "", "2016-06-30": "", "2016-03-31": "", "2015-12-31": "", "2015-09-30": "", "2015-06-30": "", "2015-03-31": "", "2014-12-31": "", "2014-09-30": "", "2014-06-30": "", "2014-03-31": "", "2013-12-31": "", "2013-09-30": "", "2013-06-30": "", "2013-03-31": "", "2012-12-31": "", "2012-09-30": "", "2012-06-30": "", "2012-03-31": "", "2011-12-31": "", "2011-09-30": "", "2011-06-30": "", "2011-03-31": "", "2010-12-31": "", "2010-09-30": "", "2010-06-30": "", "2010-03-31": "", "2009-12-31": "", "2009-09-30": "", "2009-06-30": "", "2009-03-31": "", "2008-12-31": "", "2008-09-30": "", "2008-06-30": "", "2008-03-31": "", "2007-12-31": "", "2007-09-30": "", "2007-06-30": "", "2007-03-31": "", "2006-12-31": "", "2006-09-30": "", "2006-06-30": "", "2006-03-31": "", "2005-12-31": "", "2005-09-30": "", "2005-06-30": "", "2005-03-31": ""}, "SG&A Expenses": {"2020-09-30": "296.19400", "2020-06-30": "425.51800", "2020-03-31": "357.30100", "2019-12-31": "302.57000", "2019-09-30": "286.22800", "2019-06-30": "276.99900", "2019-03-31": "289.96600", "2018-12-31": "288.31200", "2018-09-30": "255.01400", "2018-06-30": "245.09000", "2018-03-31": "238.13000", "2017-12-31": "262.55700", "2017-09-30": "264.19000", "2017-06-30": "249.08200", "2017-03-31": "242.90900", "2016-12-31": "263.98900", "2016-09-30": "266.56700", "2016-06-30": "268.76100", "2016-03-31": "276.41100", "2015-12-31": "245.59500", "2015-09-30": "231.03900", "2015-06-30": "230.02300", "2015-03-31": "219.17500", "2014-12-31": "224.77700", "2014-09-30": "220.73400", "2014-06-30": "213.75800", "2014-03-31": "184.28800", "2013-12-31": "203.17700", "2013-09-30": "200.96300", "2013-06-30": "210.04600", "2013-03-31": "195.10600", "2012-12-31": "197.81000", "2012-09-30": "221.59800", "2012-06-30": "214.46600", "2012-03-31": "181.56200", "2011-12-31": "161.21000", "2011-09-30": "219.63900", "2011-06-30": "205.01300", "2011-03-31": "183.80300", "2010-12-31": "181.14500", "2010-09-30": "223.84100", "2010-06-30": "240.62900", "2010-03-31": "204.50800", "2009-12-31": "223.14500", "2009-09-30": "232.16600", "2009-06-30": "221.20400", "2009-03-31": "209.14800", "2008-12-31": "256.47600", "2008-09-30": "215.11700", "2008-06-30": "216.69300", "2008-03-31": "169.05000", "2007-12-31": "168.54500", "2007-09-30": "155.82200", "2007-06-30": "140.50800", "2007-03-31": "137.47500", "2006-12-31": "134.37500", "2006-09-30": "142.76500", "2006-06-30": "124.56300", "2006-03-31": "119.40900", "2005-12-31": "127.26400", "2005-09-30": "123.88000", "2005-06-30": "119.12900", "2005-03-31": "108.24600"}, "Other Operating Income Or Expenses": {"2020-09-30": "", "2020-06-30": "", "2020-03-31": "", "2019-12-31": "", "2019-09-30": "", "2019-06-30": "", "2019-03-31": "", "2018-12-31": "", "2018-09-30": "", "2018-06-30": "", "2018-03-31": "", "2017-12-31": "", "2017-09-30": "", "2017-06-30": "", "2017-03-31": "", "2016-12-31": "", "2016-09-30": "", "2016-06-30": "", "2016-03-31": "", "2015-12-31": "", "2015-09-30": "", "2015-06-30": "", "2015-03-31": "", "2014-12-31": "", "2014-09-30": "", "2014-06-30": "", "2014-03-31": "", "2013-12-31": "", "2013-09-30": "", "2013-06-30": "", "2013-03-31": "", "2012-12-31": "", "2012-09-30": "", "2012-06-30": "", "2012-03-31": "", "2011-12-31": "", "2011-09-30": "", "2011-06-30": "", "2011-03-31": "", "2010-12-31": "", "2010-09-30": "", "2010-06-30": "", "2010-03-31": "", "2009-12-31": "", "2009-09-30": "", "2009-06-30": "", "2009-03-31": "", "2008-12-31": "", "2008-09-30": "", "2008-06-30": "", "2008-03-31": "", "2007-12-31": "", "2007-09-30": "", "2007-06-30": "", "2007-03-31": "", "2006-12-31": "", "2006-09-30": "", "2006-06-30": "", "2006-03-31": "", "2005-12-31": "", "2005-09-30": "", "2005-06-30": "", "2005-03-31": ""}, "Operating Expenses": {"2020-09-30": "324.17400", "2020-06-30": "458.98800", "2020-03-31": "449.97200", "2019-12-31": "407.40300", "2019-09-30": "407.40300", "2019-06-30": "387.52500", "2019-03-31": "393.12900", "2018-12-31": "373.54900", "2018-09-30": "318.98100", "2018-06-30": "302.09400", "2018-03-31": "285.10100", "2017-12-31": "302.89100", "2017-09-30": "302.89500", "2017-06-30": "280.86200", "2017-03-31": "269.91900", "2016-12-31": "287.08600", "2016-09-30": "289.55900", "2016-06-30": "291.04000", "2016-03-31": "296.79400", "2015-12-31": "262.20600", "2015-09-30": "247.15600", "2015-06-30": "247.19500", "2015-03-31": "237.10800", "2014-12-31": "242.83300", "2014-09-30": "238.91100", "2014-06-30": "231.24100", "2014-03-31": "201.58200", "2013-12-31": "220.89500", "2013-09-30": "219.33700", "2013-06-30": "228.80600", "2013-03-31": "214.57600", "2012-12-31": "219.82000", "2012-09-30": "242.38400", "2012-06-30": "236.70500", "2012-03-31": "206.77600", "2011-12-31": "188.67500", "2011-09-30": "250.90000", "2011-06-30": "237.62500", "2011-03-31": "216.14900", "2010-12-31": "216.00800", "2010-09-30": "261.41700", "2010-06-30": "277.43600", "2010-03-31": "242.62800", "2009-12-31": "264.99000", "2009-09-30": "279.63700", "2009-06-30": "277.99500", "2009-03-31": "274.21600", "2008-12-31": "344.15600", "2008-09-30": "316.01100", "2008-06-30": "319.72500", "2008-03-31": "299.88800", "2007-12-31": "326.73400", "2007-09-30": "319.15400", "2007-06-30": "295.72300", "2007-03-31": "284.34900", "2006-12-31": "278.32000", "2006-09-30": "275.56600", "2006-06-30": "245.25600", "2006-03-31": "227.03800", "2005-12-31": "226.91500", "2005-09-30": "211.90900", "2005-06-30": "194.73800", "2005-03-31": "172.49300"}, "Operating Income": {"2020-09-30": "204.64400", "2020-06-30": "80.08900", "2020-03-31": "79.28390", "2019-12-31": "141.03910", "2019-09-30": "174.25400", "2019-06-30": "175.36000", "2019-03-31": "140.21500", "2018-12-31": "128.49800", "2018-09-30": "152.20700", "2018-06-30": "148.48500", "2018-03-31": "136.29500", "2017-12-31": "119.71190", "2017-09-30": "128.22800", "2017-06-30": "136.57100", "2017-03-31": "126.76700", "2016-12-31": "72.40500", "2016-09-30": "107.06800", "2016-06-30": "96.76900", "2016-03-31": "62.41600", "2015-12-31": "87.31800", "2015-09-30": "109.94400", "2015-06-30": "120.90300", "2015-03-31": "113.47800", "2014-12-31": "95.69000", "2014-09-30": "109.92800", "2014-06-30": "117.53200", "2014-03-31": "116.48000", "2013-12-31": "115.03990", "2013-09-30": "109.52300", "2013-06-30": "121.31100", "2013-03-31": "136.15500", "2012-12-31": "127.90990", "2012-09-30": "133.63100", "2012-06-30": "152.61000", "2012-03-31": "128.71300", "2011-12-31": "105.30010", "2011-09-30": "128.46500", "2011-06-30": "111.05200", "2011-03-31": "103.51800", "2010-12-31": "90.20290", "2010-09-30": "93.22300", "2010-06-30": "97.60000", "2010-03-31": "90.62500", "2009-12-31": "67.58390", "2009-09-30": "78.37900", "2009-06-30": "80.65500", "2009-03-31": "84.10300", "2008-12-31": "39.45110", "2008-09-30": "79.63300", "2008-06-30": "-5.24200", "2008-03-31": "96.74700", "2007-12-31": "81.01010", "2007-09-30": "90.59800", "2007-06-30": "83.13300", "2007-03-31": "82.01600", "2006-12-31": "82.32700", "2006-09-30": "77.49700", "2006-06-30": "86.06400", "2006-03-31": "85.98400", "2005-12-31": "74.66900", "2005-09-30": "74.00200", "2005-06-30": "86.18700", "2005-03-31": "75.96700"}, "Total Non-Operating Income/Expense": {"2020-09-30": "", "2020-06-30": "", "2020-03-31": "", "2019-12-31": "", "2019-09-30": "", "2019-06-30": "", "2019-03-31": "", "2018-12-31": "", "2018-09-30": "", "2018-06-30": "", "2018-03-31": "", "2017-12-31": "", "2017-09-30": "", "2017-06-30": "", "2017-03-31": "", "2016-12-31": "", "2016-09-30": "", "2016-06-30": "", "2016-03-31": "", "2015-12-31": "", "2015-09-30": "", "2015-06-30": "", "2015-03-31": "", "2014-12-31": "", "2014-09-30": "", "2014-06-30": "", "2014-03-31": "", "2013-12-31": "", "2013-09-30": "", "2013-06-30": "", "2013-03-31": "", "2012-12-31": "", "2012-09-30": "", "2012-06-30": "", "2012-03-31": "", "2011-12-31": "", "2011-09-30": "", "2011-06-30": "", "2011-03-31": "", "2010-12-31": "", "2010-09-30": "", "2010-06-30": "", "2010-03-31": "", "2009-12-31": "", "2009-09-30": "", "2009-06-30": "", "2009-03-31": "", "2008-12-31": "", "2008-09-30": "", "2008-06-30": "", "2008-03-31": "", "2007-12-31": "", "2007-09-30": "", "2007-06-30": "", "2007-03-31": "", "2006-12-31": "", "2006-09-30": "", "2006-06-30": "", "2006-03-31": "", "2005-12-31": "0.70800", "2005-09-30": "4.67100", "2005-06-30": "-7.08800", "2005-03-31": "5.62400"}, "Pre-Tax Income": {"2020-09-30": "204.64400", "2020-06-30": "80.08900", "2020-03-31": "79.28400", "2019-12-31": "141.03900", "2019-09-30": "174.25400", "2019-06-30": "175.36000", "2019-03-31": "140.21500", "2018-12-31": "128.49800", "2018-09-30": "152.20700", "2018-06-30": "148.48500", "2018-03-31": "136.29500", "2017-12-31": "126.71200", "2017-09-30": "128.22800", "2017-06-30": "136.57100", "2017-03-31": "126.76700", "2016-12-31": "72.40500", "2016-09-30": "107.06800", "2016-06-30": "96.76900", "2016-03-31": "62.41600", "2015-12-31": "87.31800", "2015-09-30": "109.94400", "2015-06-30": "120.90300", "2015-03-31": "113.47800", "2014-12-31": "95.69000", "2014-09-30": "109.92800", "2014-06-30": "117.53200", "2014-03-31": "116.48000", "2013-12-31": "115.04000", "2013-09-30": "109.52300", "2013-06-30": "121.31100", "2013-03-31": "136.15500", "2012-12-31": "127.91000", "2012-09-30": "133.63100", "2012-06-30": "152.61000", "2012-03-31": "128.71300", "2011-12-31": "105.30000", "2011-09-30": "128.46500", "2011-06-30": "111.05200", "2011-03-31": "103.51800", "2010-12-31": "90.20300", "2010-09-30": "93.22300", "2010-06-30": "97.60000", "2010-03-31": "90.62500", "2009-12-31": "67.58400", "2009-09-30": "78.37900", "2009-06-30": "80.65500", "2009-03-31": "84.10300", "2008-12-31": "39.45100", "2008-09-30": "79.63300", "2008-06-30": "-5.24200", "2008-03-31": "96.74700", "2007-12-31": "81.01000", "2007-09-30": "90.59800", "2007-06-30": "83.13300", "2007-03-31": "82.01600", "2006-12-31": "78.05700", "2006-09-30": "77.49700", "2006-06-30": "86.06400", "2006-03-31": "85.98400", "2005-12-31": "75.37700", "2005-09-30": "78.67300", "2005-06-30": "79.09900", "2005-03-31": "81.59100"}, "Income Taxes": {"2020-09-30": "50.55200", "2020-06-30": "15.80300", "2020-03-31": "17.30000", "2019-12-31": "30.25700", "2019-09-30": "32.39600", "2019-06-30": "37.58000", "2019-03-31": "29.95000", "2018-12-31": "20.12100", "2018-09-30": "34.66200", "2018-06-30": "33.33000", "2018-03-31": "30.94800", "2017-12-31": "54.34700", "2017-09-30": "42.43800", "2017-06-30": "47.70500", "2017-03-31": "38.10300", "2016-12-31": "22.49600", "2016-09-30": "31.95600", "2016-06-30": "30.49700", "2016-03-31": "21.42800", "2015-12-31": "26.24200", "2015-09-30": "34.12800", "2015-06-30": "40.63000", "2015-03-31": "38.38400", "2014-12-31": "30.10900", "2014-09-30": "33.80200", "2014-06-30": "40.80300", "2014-03-31": "39.43700", "2013-12-31": "41.11800", "2013-09-30": "33.46100", "2013-06-30": "41.42300", "2013-03-31": "47.09600", "2012-12-31": "44.29300", "2012-09-30": "45.77800", "2012-06-30": "53.14900", "2012-03-31": "45.52000", "2011-12-31": "37.39600", "2011-09-30": "43.00600", "2011-06-30": "39.35700", "2011-03-31": "38.75200", "2010-12-31": "31.09700", "2010-09-30": "29.93500", "2010-06-30": "32.04200", "2010-03-31": "30.28300", "2009-12-31": "24.78000", "2009-09-30": "24.77200", "2009-06-30": "28.31500", "2009-03-31": "28.83800", "2008-12-31": "10.36300", "2008-09-30": "22.95800", "2008-06-30": "-2.86200", "2008-03-31": "34.45000", "2007-12-31": "26.51800", "2007-09-30": "30.75000", "2007-06-30": "29.27000", "2007-03-31": "29.22300", "2006-12-31": "27.47200", "2006-09-30": "24.83700", "2006-06-30": "31.08000", "2006-03-31": "31.23600", "2005-12-31": "27.21900", "2005-09-30": "27.84600", "2005-06-30": "28.63400", "2005-03-31": "29.53600"}, "Income After Taxes": {"2020-09-30": "154.09200", "2020-06-30": "64.28600", "2020-03-31": "61.98400", "2019-12-31": "110.78200", "2019-09-30": "141.85800", "2019-06-30": "137.78000", "2019-03-31": "110.26500", "2018-12-31": "108.37700", "2018-09-30": "117.54500", "2018-06-30": "115.15500", "2018-03-31": "105.34700", "2017-12-31": "72.36500", "2017-09-30": "85.79000", "2017-06-30": "88.86600", "2017-03-31": "88.66400", "2016-12-31": "49.90900", "2016-09-30": "75.11200", "2016-06-30": "66.27200", "2016-03-31": "40.98800", "2015-12-31": "61.07600", "2015-09-30": "75.81600", "2015-06-30": "80.27300", "2015-03-31": "75.09400", "2014-12-31": "65.58100", "2014-09-30": "76.12600", "2014-06-30": "76.72900", "2014-03-31": "77.04300", "2013-12-31": "73.92200", "2013-09-30": "76.06200", "2013-06-30": "79.88800", "2013-03-31": "89.05900", "2012-12-31": "83.61700", "2012-09-30": "87.85300", "2012-06-30": "99.46100", "2012-03-31": "83.19300", "2011-12-31": "67.90400", "2011-09-30": "85.45900", "2011-06-30": "71.69500", "2011-03-31": "64.76600", "2010-12-31": "59.10600", "2010-09-30": "63.28800", "2010-06-30": "65.55800", "2010-03-31": "60.34200", "2009-12-31": "42.80400", "2009-09-30": "53.60700", "2009-06-30": "52.34000", "2009-03-31": "55.26500", "2008-12-31": "29.08800", "2008-09-30": "56.67500", "2008-06-30": "-2.38000", "2008-03-31": "62.29700", "2007-12-31": "54.49200", "2007-09-30": "59.84800", "2007-06-30": "53.86300", "2007-03-31": "52.79300", "2006-12-31": "50.58500", "2006-09-30": "52.66000", "2006-06-30": "54.98400", "2006-03-31": "54.74800", "2005-12-31": "48.15800", "2005-09-30": "50.82700", "2005-06-30": "50.46500", "2005-03-31": "52.05500"}, "Other Income": {"2020-09-30": "", "2020-06-30": "", "2020-03-31": "", "2019-12-31": "", "2019-09-30": "", "2019-06-30": "", "2019-03-31": "", "2018-12-31": "", "2018-09-30": "", "2018-06-30": "", "2018-03-31": "", "2017-12-31": "", "2017-09-30": "", "2017-06-30": "", "2017-03-31": "", "2016-12-31": "", "2016-09-30": "", "2016-06-30": "", "2016-03-31": "", "2015-12-31": "", "2015-09-30": "", "2015-06-30": "", "2015-03-31": "", "2014-12-31": "", "2014-09-30": "", "2014-06-30": "", "2014-03-31": "", "2013-12-31": "", "2013-09-30": "", "2013-06-30": "", "2013-03-31": "", "2012-12-31": "", "2012-09-30": "", "2012-06-30": "", "2012-03-31": "", "2011-12-31": "", "2011-09-30": "", "2011-06-30": "", "2011-03-31": "", "2010-12-31": "", "2010-09-30": "", "2010-06-30": "", "2010-03-31": "", "2009-12-31": "", "2009-09-30": "", "2009-06-30": "", "2009-03-31": "", "2008-12-31": "", "2008-09-30": "", "2008-06-30": "", "2008-03-31": "", "2007-12-31": "", "2007-09-30": "", "2007-06-30": "", "2007-03-31": "", "2006-12-31": "", "2006-09-30": "", "2006-06-30": "", "2006-03-31": "", "2005-12-31": "", "2005-09-30": "", "2005-06-30": "", "2005-03-31": ""}, "Income From Continuous Operations": {"2020-09-30": "154.09200", "2020-06-30": "64.28600", "2020-03-31": "61.98400", "2019-12-31": "110.78200", "2019-09-30": "141.85800", "2019-06-30": "137.78000", "2019-03-31": "110.26500", "2018-12-31": "108.37700", "2018-09-30": "117.54500", "2018-06-30": "115.15500", "2018-03-31": "105.34700", "2017-12-31": "72.36500", "2017-09-30": "85.79000", "2017-06-30": "88.86600", "2017-03-31": "88.66400", "2016-12-31": "49.90900", "2016-09-30": "75.11200", "2016-06-30": "66.27200", "2016-03-31": "40.98800", "2015-12-31": "61.07600", "2015-09-30": "75.81600", "2015-06-30": "80.27300", "2015-03-31": "75.09400", "2014-12-31": "65.58100", "2014-09-30": "76.12600", "2014-06-30": "76.72900", "2014-03-31": "77.04300", "2013-12-31": "73.92200", "2013-09-30": "76.06200", "2013-06-30": "79.88800", "2013-03-31": "89.05900", "2012-12-31": "83.61700", "2012-09-30": "87.85300", "2012-06-30": "99.46100", "2012-03-31": "83.19300", "2011-12-31": "67.90400", "2011-09-30": "85.45900", "2011-06-30": "71.69500", "2011-03-31": "64.76600", "2010-12-31": "59.10600", "2010-09-30": "63.28800", "2010-06-30": "65.55800", "2010-03-31": "60.34200", "2009-12-31": "42.80400", "2009-09-30": "53.60700", "2009-06-30": "52.34000", "2009-03-31": "55.26500", "2008-12-31": "29.08800", "2008-09-30": "56.67500", "2008-06-30": "-2.38000", "2008-03-31": "62.29700", "2007-12-31": "54.49200", "2007-09-30": "59.84800", "2007-06-30": "53.86300", "2007-03-31": "52.79300", "2006-12-31": "50.58500", "2006-09-30": "52.66000", "2006-06-30": "54.98400", "2006-03-31": "54.74800", "2005-12-31": "48.15800", "2005-09-30": "50.82700", "2005-06-30": "50.46500", "2005-03-31": "52.05500"}, "Income From Discontinued Operations": {"2020-09-30": "", "2020-06-30": "", "2020-03-31": "", "2019-12-31": "", "2019-09-30": "", "2019-06-30": "", "2019-03-31": "", "2018-12-31": "", "2018-09-30": "", "2018-06-30": "", "2018-03-31": "", "2017-12-31": "", "2017-09-30": "", "2017-06-30": "", "2017-03-31": "", "2016-12-31": "", "2016-09-30": "", "2016-06-30": "", "2016-03-31": "", "2015-12-31": "", "2015-09-30": "", "2015-06-30": "", "2015-03-31": "", "2014-12-31": "", "2014-09-30": "", "2014-06-30": "", "2014-03-31": "", "2013-12-31": "", "2013-09-30": "", "2013-06-30": "", "2013-03-31": "", "2012-12-31": "", "2012-09-30": "", "2012-06-30": "", "2012-03-31": "", "2011-12-31": "", "2011-09-30": "", "2011-06-30": "", "2011-03-31": "", "2010-12-31": "", "2010-09-30": "", "2010-06-30": "", "2010-03-31": "", "2009-12-31": "", "2009-09-30": "", "2009-06-30": "", "2009-03-31": "", "2008-12-31": "", "2008-09-30": "", "2008-06-30": "", "2008-03-31": "", "2007-12-31": "", "2007-09-30": "", "2007-06-30": "", "2007-03-31": "", "2006-12-31": "", "2006-09-30": "", "2006-06-30": "", "2006-03-31": "", "2005-12-31": "", "2005-09-30": "", "2005-06-30": "", "2005-03-31": ""}, "Net Income": {"2020-09-30": "153.09600", "2020-06-30": "64.69300", "2020-03-31": "61.73600", "2019-12-31": "112.05500", "2019-09-30": "141.35600", "2019-06-30": "137.56300", "2019-03-31": "109.78400", "2018-12-31": "109.41800", "2018-09-30": "116.29400", "2018-06-30": "114.37200", "2018-03-31": "105.56200", "2017-12-31": "72.49200", "2017-09-30": "85.64900", "2017-06-30": "88.14700", "2017-03-31": "88.35600", "2016-12-31": "51.38500", "2016-09-30": "74.27700", "2016-06-30": "64.98000", "2016-03-31": "42.02600", "2015-12-31": "58.87000", "2015-09-30": "73.99700", "2015-06-30": "78.28600", "2015-03-31": "74.02900", "2014-12-31": "62.86100", "2014-09-30": "74.73400", "2014-06-30": "75.01100", "2014-03-31": "76.59000", "2013-12-31": "75.60000", "2013-09-30": "74.93900", "2013-06-30": "79.07700", "2013-03-31": "86.99300", "2012-12-31": "84.56100", "2012-09-30": "87.10400", "2012-06-30": "96.65100", "2012-03-31": "82.87500", "2011-12-31": "68.23200", "2011-09-30": "84.42100", "2011-06-30": "68.44800", "2011-03-31": "64.77400", "2010-12-31": "58.83200", "2010-09-30": "64.26700", "2010-06-30": "63.52200", "2010-03-31": "60.13300", "2009-12-31": "41.95300", "2009-09-30": "50.66000", "2009-06-30": "52.11500", "2009-03-31": "55.03200", "2008-12-31": "35.44300", "2008-09-30": "56.68500", "2008-06-30": "-1.16100", "2008-03-31": "62.26500", "2007-12-31": "51.16000", "2007-09-30": "59.84800", "2007-06-30": "53.86300", "2007-03-31": "52.79300", "2006-12-31": "50.58500", "2006-09-30": "52.66000", "2006-06-30": "54.98400", "2006-03-31": "54.74800", "2005-12-31": "47.78300", "2005-09-30": "50.82700", "2005-06-30": "50.46500", "2005-03-31": "52.05500"}, "EBITDA": {"2020-09-30": "", "2020-06-30": "", "2020-03-31": "", "2019-12-31": "", "2019-09-30": "", "2019-06-30": "", "2019-03-31": "", "2018-12-31": "", "2018-09-30": "", "2018-06-30": "", "2018-03-31": "", "2017-12-31": "", "2017-09-30": "", "2017-06-30": "", "2017-03-31": "", "2016-12-31": "", "2016-09-30": "", "2016-06-30": "", "2016-03-31": "", "2015-12-31": "", "2015-09-30": "", "2015-06-30": "", "2015-03-31": "", "2014-12-31": "", "2014-09-30": "", "2014-06-30": "", "2014-03-31": "", "2013-12-31": "", "2013-09-30": "", "2013-06-30": "", "2013-03-31": "", "2012-12-31": "", "2012-09-30": "", "2012-06-30": "", "2012-03-31": "", "2011-12-31": "", "2011-09-30": "", "2011-06-30": "", "2011-03-31": "", "2010-12-31": "", "2010-09-30": "", "2010-06-30": "", "2010-03-31": "", "2009-12-31": "", "2009-09-30": "", "2009-06-30": "", "2009-03-31": "", "2008-12-31": "", "2008-09-30": "", "2008-06-30": "", "2008-03-31": "", "2007-12-31": "", "2007-09-30": "", "2007-06-30": "", "2007-03-31": "", "2006-12-31": "", "2006-09-30": "", "2006-06-30": "", "2006-03-31": "", "2005-12-31": "", "2005-09-30": "", "2005-06-30": "", "2005-03-31": ""}, "EBIT": {"2020-09-30": "", "2020-06-30": "", "2020-03-31": "", "2019-12-31": "", "2019-09-30": "", "2019-06-30": "", "2019-03-31": "", "2018-12-31": "", "2018-09-30": "", "2018-06-30": "", "2018-03-31": "", "2017-12-31": "", "2017-09-30": "", "2017-06-30": "", "2017-03-31": "", "2016-12-31": "", "2016-09-30": "", "2016-06-30": "", "2016-03-31": "", "2015-12-31": "", "2015-09-30": "", "2015-06-30": "", "2015-03-31": "", "2014-12-31": "", "2014-09-30": "", "2014-06-30": "", "2014-03-31": "", "2013-12-31": "", "2013-09-30": "", "2013-06-30": "", "2013-03-31": "", "2012-12-31": "", "2012-09-30": "", "2012-06-30": "", "2012-03-31": "", "2011-12-31": "", "2011-09-30": "", "2011-06-30": "", "2011-03-31": "", "2010-12-31": "", "2010-09-30": "", "2010-06-30": "", "2010-03-31": "", "2009-12-31": "", "2009-09-30": "", "2009-06-30": "", "2009-03-31": "", "2008-12-31": "", "2008-09-30": "", "2008-06-30": "", "2008-03-31": "", "2007-12-31": "", "2007-09-30": "", "2007-06-30": "", "2007-03-31": "", "2006-12-31": "", "2006-09-30": "", "2006-06-30": "", "2006-03-31": "", "2005-12-31": "", "2005-09-30": "", "2005-06-30": "", "2005-03-31": ""}, "Basic Shares Outstanding": {"2020-09-30": "69.87790", "2020-06-30": "69.87610", "2020-03-31": "70.12370", "2019-12-31": "70.78800", "2019-09-30": "70.59630", "2019-06-30": "70.88710", "2019-03-31": "71.38710", "2018-12-31": "66.62900", "2018-09-30": "64.90110", "2018-06-30": "64.90200", "2018-03-31": "64.84730", "2017-12-31": "64.74500", "2017-09-30": "64.74300", "2017-06-30": "64.73000", "2017-03-31": "64.71600", "2016-12-31": "65.08560", "2016-09-30": "65.08600", "2016-06-30": "65.24600", "2016-03-31": "65.29700", "2015-12-31": "67.59470", "2015-09-30": "67.66810", "2015-06-30": "68.09600", "2015-03-31": "68.25500", "2014-12-31": "68.39400", "2014-09-30": "68.45600", "2014-06-30": "68.36000", "2014-03-31": "68.27400", "2013-12-31": "67.98900", "2013-09-30": "68.04900", "2013-06-30": "67.99400", "2013-03-31": "67.81500", "2012-12-31": "67.68400", "2012-09-30": "67.96670", "2012-06-30": "67.47300", "2012-03-31": "67.66500", "2011-12-31": "67.78770", "2011-09-30": "67.82800", "2011-06-30": "67.89850", "2011-03-31": "67.90170", "2010-12-31": "67.62770", "2010-09-30": "67.62540", "2010-06-30": "67.60580", "2010-03-31": "67.59230", "2009-12-31": "67.37540", "2009-09-30": "67.39210", "2009-06-30": "67.34460", "2009-03-31": "67.31600", "2008-12-31": "67.30300", "2008-09-30": "67.26330", "2008-06-30": "67.45220", "2008-03-31": "67.20210", "2007-12-31": "67.08320", "2007-09-30": "67.07840", "2007-06-30": "67.11690", "2007-03-31": "67.08530", "2006-12-31": "66.75940", "2006-09-30": "66.75650", "2006-06-30": "66.77510", "2006-03-31": "66.71540", "2005-12-31": "64.06800", "2005-09-30": "66.42740", "2005-06-30": "63.77930", "2005-03-31": "59.43280"}, "Shares Outstanding": {"2020-09-30": "69.87930", "2020-06-30": "69.87750", "2020-03-31": "70.13020", "2019-12-31": "70.80300", "2019-09-30": "70.60990", "2019-06-30": "70.90200", "2019-03-31": "71.40440", "2018-12-31": "66.66200", "2018-09-30": "64.93440", "2018-06-30": "64.93720", "2018-03-31": "64.88800", "2017-12-31": "64.80600", "2017-09-30": "64.80500", "2017-06-30": "64.79300", "2017-03-31": "64.78400", "2016-12-31": "65.14390", "2016-09-30": "65.15800", "2016-06-30": "65.30300", "2016-03-31": "65.33100", "2015-12-31": "67.69170", "2015-09-30": "67.76250", "2015-06-30": "68.21000", "2015-03-31": "68.34500", "2014-12-31": "68.54500", "2014-09-30": "68.61000", "2014-06-30": "68.51100", "2014-03-31": "68.43600", "2013-12-31": "68.20600", "2013-09-30": "68.27300", "2013-06-30": "68.21200", "2013-03-31": "68.04000", "2012-12-31": "67.96490", "2012-09-30": "68.33490", "2012-06-30": "67.74500", "2012-03-31": "67.94200", "2011-12-31": "68.03880", "2011-09-30": "68.03700", "2011-06-30": "68.16950", "2011-03-31": "68.17650", "2010-12-31": "67.83170", "2010-09-30": "67.76530", "2010-06-30": "67.88060", "2010-03-31": "67.79010", "2009-12-31": "67.48800", "2009-09-30": "67.51370", "2009-06-30": "67.44800", "2009-03-31": "67.38710", "2008-12-31": "67.46140", "2008-09-30": "67.43240", "2008-06-30": "67.45220", "2008-03-31": "67.50430", "2007-12-31": "67.51970", "2007-09-30": "67.53760", "2007-06-30": "67.60630", "2007-03-31": "67.57470", "2006-12-31": "67.31000", "2006-09-30": "67.32540", "2006-06-30": "67.31770", "2006-03-31": "67.26070", "2005-12-31": "67.04700", "2005-09-30": "67.10550", "2005-06-30": "66.98640", "2005-03-31": "66.94680"}, "Basic EPS": {"2020-09-30": "2.19000", "2020-06-30": "0.92000", "2020-03-31": "0.88000", "2019-12-31": "1.56000", "2019-09-30": "2.00000", "2019-06-30": "1.93000", "2019-03-31": "1.54000", "2018-12-31": "1.48000", "2018-09-30": "1.79000", "2018-06-30": "1.75000", "2018-03-31": "1.61000", "2017-12-31": "1.10000", "2017-09-30": "1.31000", "2017-06-30": "1.35000", "2017-03-31": "1.35000", "2016-12-31": "0.76000", "2016-09-30": "1.13000", "2016-06-30": "1.00000", "2016-03-31": "0.64000", "2015-12-31": "0.90000", "2015-09-30": "1.09000", "2015-06-30": "1.15000", "2015-03-31": "1.08000", "2014-12-31": "0.93000", "2014-09-30": "1.09000", "2014-06-30": "1.10000", "2014-03-31": "1.11000", "2013-12-31": "1.07000", "2013-09-30": "1.10000", "2013-06-30": "1.16000", "2013-03-31": "1.28000", "2012-12-31": "1.22000", "2012-09-30": "1.28000", "2012-06-30": "1.43000", "2012-03-31": "1.22000", "2011-12-31": "0.98000", "2011-09-30": "1.24000", "2011-06-30": "1.01000", "2011-03-31": "0.95000", "2010-12-31": "0.88000", "2010-09-30": "0.94000", "2010-06-30": "0.93000", "2010-03-31": "0.88000", "2009-12-31": "0.63000", "2009-09-30": "0.75000", "2009-06-30": "0.77000", "2009-03-31": "0.81000", "2008-12-31": "0.53000", "2008-09-30": "0.84000", "2008-06-30": "-0.02000", "2008-03-31": "0.92000", "2007-12-31": "0.76000", "2007-09-30": "0.89000", "2007-06-30": "0.80000", "2007-03-31": "0.79000", "2006-12-31": "0.76000", "2006-09-30": "0.79000", "2006-06-30": "0.82000", "2006-03-31": "0.82000", "2005-12-31": "0.71000", "2005-09-30": "0.77000", "2005-06-30": "0.79000", "2005-03-31": "0.87000"}, "EPS - Earnings Per Share": {"2020-09-30": "2.19000", "2020-06-30": "0.92000", "2020-03-31": "0.88000", "2019-12-31": "1.56000", "2019-09-30": "2.00000", "2019-06-30": "1.93000", "2019-03-31": "1.54000", "2018-12-31": "1.48000", "2018-09-30": "1.79000", "2018-06-30": "1.75000", "2018-03-31": "1.61000", "2017-12-31": "1.10000", "2017-09-30": "1.31000", "2017-06-30": "1.35000", "2017-03-31": "1.35000", "2016-12-31": "0.76000", "2016-09-30": "1.13000", "2016-06-30": "1.00000", "2016-03-31": "0.64000", "2015-12-31": "0.89000", "2015-09-30": "1.09000", "2015-06-30": "1.15000", "2015-03-31": "1.08000", "2014-12-31": "0.92000", "2014-09-30": "1.09000", "2014-06-30": "1.10000", "2014-03-31": "1.11000", "2013-12-31": "1.05000", "2013-09-30": "1.10000", "2013-06-30": "1.16000", "2013-03-31": "1.28000", "2012-12-31": "1.21000", "2012-09-30": "1.27000", "2012-06-30": "1.43000", "2012-03-31": "1.22000", "2011-12-31": "0.99000", "2011-09-30": "1.24000", "2011-06-30": "1.00000", "2011-03-31": "0.94000", "2010-12-31": "0.86000", "2010-09-30": "0.94000", "2010-06-30": "0.93000", "2010-03-31": "0.88000", "2009-12-31": "0.63000", "2009-09-30": "0.75000", "2009-06-30": "0.77000", "2009-03-31": "0.81000", "2008-12-31": "0.53000", "2008-09-30": "0.84000", "2008-06-30": "-0.02000", "2008-03-31": "0.92000", "2007-12-31": "0.75000", "2007-09-30": "0.89000", "2007-06-30": "0.80000", "2007-03-31": "0.78000", "2006-12-31": "0.75000", "2006-09-30": "0.78000", "2006-06-30": "0.82000", "2006-03-31": "0.81000", "2005-12-31": "0.72000", "2005-09-30": "0.76000", "2005-06-30": "0.75000", "2005-03-31": "0.78000"}}, "balance sheet": {"Cash On Hand": {"2019-12-31": "2882.74200", "2018-12-31": "3100.34700", "2017-12-31": "2779.73000", "2016-12-31": "2875.12500", "2015-12-31": "2766.00300", "2014-12-31": "2664.54200", "2013-12-31": "1178.82900", "2012-12-31": "1500.34100", "2011-12-31": "1063.16500", "2010-12-31": "1324.87100", "2009-12-31": "1272.52000", "2008-12-31": "1193.75400", "2007-12-31": "1090.83800", "2006-12-31": "997.23900", "2005-12-31": "717.95500"}, "Receivables": {"2019-12-31": "", "2018-12-31": "", "2017-12-31": "", "2016-12-31": "", "2015-12-31": "", "2014-12-31": "", "2013-12-31": "", "2012-12-31": "", "2011-12-31": "", "2010-12-31": "", "2009-12-31": "", "2008-12-31": "", "2007-12-31": "", "2006-12-31": "", "2005-12-31": ""}, "Inventory": {"2019-12-31": "", "2018-12-31": "", "2017-12-31": "", "2016-12-31": "", "2015-12-31": "", "2014-12-31": "", "2013-12-31": "", "2012-12-31": "", "2011-12-31": "", "2010-12-31": "", "2009-12-31": "", "2008-12-31": "", "2007-12-31": "", "2006-12-31": "", "2005-12-31": ""}, "Pre-Paid Expenses": {"2019-12-31": "", "2018-12-31": "", "2017-12-31": "", "2016-12-31": "", "2015-12-31": "", "2014-12-31": "", "2013-12-31": "", "2012-12-31": "", "2011-12-31": "", "2010-12-31": "", "2009-12-31": "", "2008-12-31": "", "2007-12-31": "", "2006-12-31": "", "2005-12-31": ""}, "Other Current Assets": {"2019-12-31": "", "2018-12-31": "", "2017-12-31": "", "2016-12-31": "", "2015-12-31": "", "2014-12-31": "", "2013-12-31": "", "2012-12-31": "", "2011-12-31": "", "2010-12-31": "", "2009-12-31": "", "2008-12-31": "", "2007-12-31": "", "2006-12-31": "", "2005-12-31": ""}, "Total Current Assets": {"2019-12-31": "25857.46000", "2018-12-31": "25240.20000", "2017-12-31": "20442.73000", "2016-12-31": "20700.66000", "2015-12-31": "18993.75000", "2014-12-31": "17194.37000", "2013-12-31": "14120.54000", "2012-12-31": "14215.29000", "2011-12-31": "12467.84000", "2010-12-31": "12223.57000", "2009-12-31": "12590.64000", "2008-12-31": "14314.83000", "2007-12-31": "13131.50000", "2006-12-31": "11765.39000", "2005-12-31": "9886.93200"}, "Property, Plant, And Equipment": {"2019-12-31": "535.51900", "2018-12-31": "330.03300", "2017-12-31": "317.33500", "2016-12-31": "325.84900", "2015-12-31": "306.49000", "2014-12-31": "273.83300", "2013-12-31": "277.84900", "2012-12-31": "265.92000", "2011-12-31": "262.73500", "2010-12-31": "265.46500", "2009-12-31": "280.26000", "2008-12-31": "277.45800", "2007-12-31": "258.78600", "2006-12-31": "188.04100", "2005-12-31": "179.62700"}, "Long-Term Investments": {"2019-12-31": "13445.56000", "2018-12-31": "10160.92000", "2017-12-31": "10079.12000", "2016-12-31": "10297.13000", "2015-12-31": "10944.74000", "2014-12-31": "10446.27000", "2013-12-31": "11342.42000", "2012-12-31": "12473.96000", "2011-12-31": "11563.69000", "2010-12-31": "10273.64000", "2009-12-31": "9456.21000", "2008-12-31": "7086.39900", "2007-12-31": "6400.93500", "2006-12-31": "5187.98900", "2005-12-31": "5519.57800"}, "Goodwill And Intangible Assets": {"2019-12-31": "1375.24800", "2018-12-31": "1443.36600", "2017-12-31": "728.95500", "2016-12-31": "742.90300", "2015-12-31": "647.97500", "2014-12-31": "584.13200", "2013-12-31": "537.65600", "2012-12-31": "490.98300", "2011-12-31": "432.60300", "2010-12-31": "465.12700", "2009-12-31": "428.06300", "2008-12-31": "403.96100", "2007-12-31": "438.36200", "2006-12-31": "324.00600", "2005-12-31": "317.11900"}, "Other Long-Term Assets": {"2019-12-31": "958.23300", "2018-12-31": "845.98600", "2017-12-31": "704.02700", "2016-12-31": "705.73400", "2015-12-31": "583.17800", "2014-12-31": "591.09100", "2013-12-31": "736.96700", "2012-12-31": "702.47500", "2011-12-31": "767.08100", "2010-12-31": "713.80100", "2009-12-31": "761.65800", "2008-12-31": "652.00000", "2007-12-31": "438.11600", "2006-12-31": "594.19400", "2005-12-31": "423.81300"}, "Total Long-Term Assets": {"2019-12-31": "16314.56000", "2018-12-31": "12780.30000", "2017-12-31": "11829.43000", "2016-12-31": "12071.62000", "2015-12-31": "12482.38000", "2014-12-31": "11895.33000", "2013-12-31": "12894.89000", "2012-12-31": "13933.34000", "2011-12-31": "13026.11000", "2010-12-31": "11718.03000", "2009-12-31": "10926.19000", "2008-12-31": "8419.81800", "2007-12-31": "7536.19900", "2006-12-31": "6294.23000", "2005-12-31": "6440.13700"}, "Total Assets": {"2019-12-31": "42172.02000", "2018-12-31": "38020.50000", "2017-12-31": "32272.16000", "2016-12-31": "32772.28000", "2015-12-31": "31476.13000", "2014-12-31": "29089.70000", "2013-12-31": "27015.43000", "2012-12-31": "28148.63000", "2011-12-31": "25493.95000", "2010-12-31": "23941.60000", "2009-12-31": "23516.83000", "2008-12-31": "22734.65000", "2007-12-31": "20667.70000", "2006-12-31": "18059.62000", "2005-12-31": "16327.07000"}, "Total Current Liabilities": {"2019-12-31": "31699.22000", "2018-12-31": "26475.00000", "2017-12-31": "22801.16000", "2016-12-31": "23621.39000", "2015-12-31": "22421.38000", "2014-12-31": "22505.59000", "2013-12-31": "22145.73000", "2012-12-31": "23410.18000", "2011-12-31": "21210.35000", "2010-12-31": "19598.17000", "2009-12-31": "18105.72000", "2008-12-31": "18154.14000", "2007-12-31": "16810.23000", "2006-12-31": "14883.59000", "2005-12-31": "12838.45000"}, "Long Term Debt": {"2019-12-31": "4802.97800", "2018-12-31": "6400.30300", "2017-12-31": "5279.57400", "2016-12-31": "4990.71200", "2015-12-31": "5064.22900", "2014-12-31": "2481.75700", "2013-12-31": "1388.15500", "2012-12-31": "999.40800", "2011-12-31": "473.36600", "2010-12-31": "1232.27900", "2009-12-31": "2531.89600", "2008-12-31": "1920.46100", "2007-12-31": "1425.83700", "2006-12-31": "891.53100", "2005-12-31": "1350.26200"}, "Other Non-Current Liabilities": {"2019-12-31": "372.23000", "2018-12-31": "183.48000", "2017-12-31": "162.38100", "2016-12-31": "182.78400", "2015-12-31": "124.28400", "2014-12-31": "121.05100", "2013-12-31": "133.64700", "2012-12-31": "164.31600", "2011-12-31": "133.68400", "2010-12-31": "191.43100", "2009-12-31": "133.14600", "2008-12-31": "132.90200", "2007-12-31": "154.57200", "2006-12-31": "157.38600", "2005-12-31": "124.10600"}, "Total Long Term Liabilities": {"2019-12-31": "5175.20800", "2018-12-31": "6583.78300", "2017-12-31": "5441.95500", "2016-12-31": "5173.49600", "2015-12-31": "5188.51300", "2014-12-31": "2602.80800", "2013-12-31": "1521.80200", "2012-12-31": "1163.72400", "2011-12-31": "607.05000", "2010-12-31": "1423.71000", "2009-12-31": "2665.04200", "2008-12-31": "2053.36300", "2007-12-31": "1580.40900", "2006-12-31": "1048.91700", "2005-12-31": "1474.36800"}, "Total Liabilities": {"2019-12-31": "37308.10000", "2018-12-31": "33577.46000", "2017-12-31": "28753.83000", "2016-12-31": "29465.92000", "2015-12-31": "28208.49000", "2014-12-31": "25753.49000", "2013-12-31": "23960.46000", "2012-12-31": "25154.95000", "2011-12-31": "22707.29000", "2010-12-31": "21397.72000", "2009-12-31": "21291.46000", "2008-12-31": "20874.54000", "2007-12-31": "18732.32000", "2006-12-31": "16338.60000", "2005-12-31": "14787.92000"}, "Common Stock Net": {"2019-12-31": "0.00500", "2018-12-31": "0.00500", "2017-12-31": "0.00400", "2016-12-31": "0.00400", "2015-12-31": "0.00400", "2014-12-31": "0.00400", "2013-12-31": "0.00400", "2012-12-31": "0.00400", "2011-12-31": "0.00400", "2010-12-31": "0.00400", "2009-12-31": "0.00400", "2008-12-31": "0.00400", "2007-12-31": "0.00400", "2006-12-31": "0.00400", "2005-12-31": "0.00400"}, "Retained Earnings (Accumulated Deficit)": {"2019-12-31": "3729.77800", "2018-12-31": "3369.65400", "2017-12-31": "3048.48700", "2016-12-31": "2823.33400", "2015-12-31": "2704.12100", "2014-12-31": "2530.83700", "2013-12-31": "2349.42800", "2012-12-31": "2137.54100", "2011-12-31": "1953.33200", "2010-12-31": "1743.88000", "2009-12-31": "1563.68300", "2008-12-31": "1427.05700", "2007-12-31": "1332.95400", "2006-12-31": "1166.99400", "2005-12-31": "990.42200"}, "Comprehensive Income": {"2019-12-31": "104.92300", "2018-12-31": "-72.58500", "2017-12-31": "-36.17400", "2016-12-31": "-10.96700", "2015-12-31": "21.58700", "2014-12-31": "56.67300", "2013-12-31": "-25.62300", "2012-12-31": "149.92000", "2011-12-31": "128.97900", "2010-12-31": "107.83900", "2009-12-31": "-10.74000", "2008-12-31": "-222.88600", "2007-12-31": "-31.23400", "2006-12-31": "-73.44400", "2005-12-31": "-67.81100"}, "Other Share Holders Equity": {"2019-12-31": "", "2018-12-31": "", "2017-12-31": "", "2016-12-31": "", "2015-12-31": "", "2014-12-31": "", "2013-12-31": "", "2012-12-31": "", "2011-12-31": "", "2010-12-31": "", "2009-12-31": "", "2008-12-31": "", "2007-12-31": "", "2006-12-31": "", "2005-12-31": ""}, "Share Holder Equity": {"2019-12-31": "4863.91900", "2018-12-31": "4443.04500", "2017-12-31": "3518.33400", "2016-12-31": "3306.35700", "2015-12-31": "3267.63900", "2014-12-31": "3336.20600", "2013-12-31": "3054.97300", "2012-12-31": "2993.68100", "2011-12-31": "2786.65200", "2010-12-31": "2543.87800", "2009-12-31": "2225.37400", "2008-12-31": "1860.11200", "2007-12-31": "1935.38400", "2006-12-31": "1721.02200", "2005-12-31": "1539.15400"}, "Total Liabilities And Share Holders Equity": {"2019-12-31": "42172.02000", "2018-12-31": "38020.50000", "2017-12-31": "32272.16000", "2016-12-31": "32772.28000", "2015-12-31": "31476.13000", "2014-12-31": "29089.70000", "2013-12-31": "27015.43000", "2012-12-31": "28148.63000", "2011-12-31": "25493.95000", "2010-12-31": "23941.60000", "2009-12-31": "23516.83000", "2008-12-31": "22734.65000", "2007-12-31": "20667.70000", "2006-12-31": "18059.62000", "2005-12-31": "16327.07000"}}, "balance sheet, quarterly": {"Cash On Hand": {"2020-09-30": "3251.85100", "2020-06-30": "2443.87700", "2020-03-31": "3083.66200", "2019-12-31": "2882.74200", "2019-09-30": "2901.80000", "2019-06-30": "3235.88600", "2019-03-31": "3423.02700", "2018-12-31": "3100.34700", "2018-09-30": "2859.64700", "2018-06-30": "3368.41500", "2018-03-31": "3891.86500", "2017-12-31": "2779.73000", "2017-09-30": "3088.09900", "2017-06-30": "3081.83200", "2017-03-31": "3444.37100", "2016-12-31": "2875.12500", "2016-09-30": "3163.50900", "2016-06-30": "2618.17300", "2016-03-31": "2592.21100", "2015-12-31": "2766.00300", "2015-09-30": "2500.50400", "2015-06-30": "2720.85800", "2015-03-31": "2728.71400", "2014-12-31": "2664.54200", "2014-09-30": "2735.27100", "2014-06-30": "1448.97100", "2014-03-31": "1440.57700", "2013-12-31": "1178.82900", "2013-09-30": "1311.87100", "2013-06-30": "1268.97800", "2013-03-31": "1152.21500", "2012-12-31": "1500.34100", "2012-09-30": "819.73600", "2012-06-30": "788.58000", "2012-03-31": "834.68200", "2011-12-31": "1063.16500", "2011-09-30": "1082.54000", "2011-06-30": "1210.60700", "2011-03-31": "889.10890", "2010-12-31": "1324.87100", "2010-09-30": "1753.36400", "2010-06-30": "1449.32600", "2010-03-31": "1474.82200", "2009-12-31": "1272.52000", "2009-09-30": "1844.57800", "2009-06-30": "890.09300", "2009-03-31": "1296.84500", "2008-12-31": "1193.75400", "2008-09-30": "1066.29700", "2008-06-30": "925.13000", "2008-03-31": "941.12900", "2007-12-31": "1090.83800", "2007-09-30": "836.73700", "2007-06-30": "812.40600", "2007-03-31": "750.85490", "2006-12-31": "997.23900", "2006-09-30": "760.52100", "2006-06-30": "752.21800", "2006-03-31": "727.04200", "2005-12-31": "717.95500", "2005-09-30": "652.49400", "2005-06-30": "690.81100", "2005-03-31": "533.65400"}, "Receivables": {"2020-09-30": "", "2020-06-30": "", "2020-03-31": "", "2019-12-31": "", "2019-09-30": "", "2019-06-30": "", "2019-03-31": "", "2018-12-31": "", "2018-09-30": "", "2018-06-30": "", "2018-03-31": "", "2017-12-31": "", "2017-09-30": "", "2017-06-30": "", "2017-03-31": "", "2016-12-31": "", "2016-09-30": "", "2016-06-30": "", "2016-03-31": "", "2015-12-31": "", "2015-09-30": "", "2015-06-30": "", "2015-03-31": "", "2014-12-31": "", "2014-09-30": "", "2014-06-30": "", "2014-03-31": "", "2013-12-31": "", "2013-09-30": "", "2013-06-30": "", "2013-03-31": "", "2012-12-31": "", "2012-09-30": "", "2012-06-30": "", "2012-03-31": "", "2011-12-31": "", "2011-09-30": "", "2011-06-30": "", "2011-03-31": "", "2010-12-31": "", "2010-09-30": "", "2010-06-30": "", "2010-03-31": "", "2009-12-31": "", "2009-09-30": "", "2009-06-30": "", "2009-03-31": "", "2008-12-31": "", "2008-09-30": "", "2008-06-30": "", "2008-03-31": "", "2007-12-31": "", "2007-09-30": "", "2007-06-30": "", "2007-03-31": "", "2006-12-31": "", "2006-09-30": "", "2006-06-30": "", "2006-03-31": "", "2005-12-31": "", "2005-09-30": "", "2005-06-30": "", "2005-03-31": ""}, "Inventory": {"2020-09-30": "", "2020-06-30": "", "2020-03-31": "", "2019-12-31": "", "2019-09-30": "", "2019-06-30": "", "2019-03-31": "", "2018-12-31": "", "2018-09-30": "", "2018-06-30": "", "2018-03-31": "", "2017-12-31": "", "2017-09-30": "", "2017-06-30": "", "2017-03-31": "", "2016-12-31": "", "2016-09-30": "", "2016-06-30": "", "2016-03-31": "", "2015-12-31": "", "2015-09-30": "", "2015-06-30": "", "2015-03-31": "", "2014-12-31": "", "2014-09-30": "", "2014-06-30": "", "2014-03-31": "", "2013-12-31": "", "2013-09-30": "", "2013-06-30": "", "2013-03-31": "", "2012-12-31": "", "2012-09-30": "", "2012-06-30": "", "2012-03-31": "", "2011-12-31": "", "2011-09-30": "", "2011-06-30": "", "2011-03-31": "", "2010-12-31": "", "2010-09-30": "", "2010-06-30": "", "2010-03-31": "", "2009-12-31": "", "2009-09-30": "", "2009-06-30": "", "2009-03-31": "", "2008-12-31": "", "2008-09-30": "", "2008-06-30": "", "2008-03-31": "", "2007-12-31": "", "2007-09-30": "", "2007-06-30": "", "2007-03-31": "", "2006-12-31": "", "2006-09-30": "", "2006-06-30": "", "2006-03-31": "", "2005-12-31": "", "2005-09-30": "", "2005-06-30": "", "2005-03-31": ""}, "Pre-Paid Expenses": {"2020-09-30": "", "2020-06-30": "", "2020-03-31": "", "2019-12-31": "", "2019-09-30": "", "2019-06-30": "", "2019-03-31": "", "2018-12-31": "", "2018-09-30": "", "2018-06-30": "", "2018-03-31": "", "2017-12-31": "", "2017-09-30": "", "2017-06-30": "", "2017-03-31": "", "2016-12-31": "", "2016-09-30": "", "2016-06-30": "", "2016-03-31": "", "2015-12-31": "", "2015-09-30": "", "2015-06-30": "", "2015-03-31": "", "2014-12-31": "", "2014-09-30": "", "2014-06-30": "", "2014-03-31": "", "2013-12-31": "", "2013-09-30": "", "2013-06-30": "", "2013-03-31": "", "2012-12-31": "", "2012-09-30": "", "2012-06-30": "", "2012-03-31": "", "2011-12-31": "", "2011-09-30": "", "2011-06-30": "", "2011-03-31": "", "2010-12-31": "", "2010-09-30": "", "2010-06-30": "", "2010-03-31": "", "2009-12-31": "", "2009-09-30": "", "2009-06-30": "", "2009-03-31": "", "2008-12-31": "", "2008-09-30": "", "2008-06-30": "", "2008-03-31": "", "2007-12-31": "", "2007-09-30": "", "2007-06-30": "", "2007-03-31": "", "2006-12-31": "", "2006-09-30": "", "2006-06-30": "", "2006-03-31": "", "2005-12-31": "", "2005-09-30": "", "2005-06-30": "", "2005-03-31": ""}, "Other Current Assets": {"2020-09-30": "", "2020-06-30": "", "2020-03-31": "", "2019-12-31": "", "2019-09-30": "", "2019-06-30": "", "2019-03-31": "", "2018-12-31": "", "2018-09-30": "", "2018-06-30": "", "2018-03-31": "", "2017-12-31": "", "2017-09-30": "", "2017-06-30": "", "2017-03-31": "", "2016-12-31": "", "2016-09-30": "", "2016-06-30": "", "2016-03-31": "", "2015-12-31": "", "2015-09-30": "", "2015-06-30": "", "2015-03-31": "", "2014-12-31": "", "2014-09-30": "", "2014-06-30": "", "2014-03-31": "", "2013-12-31": "", "2013-09-30": "", "2013-06-30": "", "2013-03-31": "", "2012-12-31": "", "2012-09-30": "", "2012-06-30": "", "2012-03-31": "", "2011-12-31": "", "2011-09-30": "", "2011-06-30": "", "2011-03-31": "", "2010-12-31": "", "2010-09-30": "", "2010-06-30": "", "2010-03-31": "", "2009-12-31": "", "2009-09-30": "", "2009-06-30": "", "2009-03-31": "", "2008-12-31": "", "2008-09-30": "", "2008-06-30": "", "2008-03-31": "", "2007-12-31": "", "2007-09-30": "", "2007-06-30": "", "2007-03-31": "", "2006-12-31": "", "2006-09-30": "", "2006-06-30": "", "2006-03-31": "", "2005-12-31": "", "2005-09-30": "", "2005-06-30": "", "2005-03-31": ""}, "Total Current Assets": {"2020-09-30": "29110.67000", "2020-06-30": "28574.18000", "2020-03-31": "27816.26000", "2019-12-31": "25857.46000", "2019-09-30": "26389.27000", "2019-06-30": "26279.60000", "2019-03-31": "26328.17000", "2018-12-31": "25240.20000", "2018-09-30": "21873.45000", "2018-06-30": "22197.71000", "2018-03-31": "21712.60000", "2017-12-31": "20442.73000", "2017-09-30": "20867.35000", "2017-06-30": "20630.89000", "2017-03-31": "20840.59000", "2016-12-31": "20700.66000", "2016-09-30": "20500.79000", "2016-06-30": "19528.85000", "2016-03-31": "18886.51000", "2015-12-31": "18993.75000", "2015-09-30": "18202.70000", "2015-06-30": "18304.80000", "2015-03-31": "17921.41000", "2014-12-31": "17194.37000", "2014-09-30": "16810.27000", "2014-06-30": "15141.03000", "2014-03-31": "14689.26000", "2013-12-31": "14120.54000", "2013-09-30": "13899.61000", "2013-06-30": "14126.45000", "2013-03-31": "13632.74000", "2012-12-31": "14215.29000", "2012-09-30": "12893.78000", "2012-06-30": "12550.21000", "2012-03-31": "13068.06000", "2011-12-31": "12467.84000", "2011-09-30": "12476.33000", "2011-06-30": "12133.35000", "2011-03-31": "11674.29000", "2010-12-31": "12223.57000", "2010-09-30": "12839.81000", "2010-06-30": "12389.16000", "2010-03-31": "12434.94000", "2009-12-31": "12590.64000", "2009-09-30": "13426.04000", "2009-06-30": "13387.25000", "2009-03-31": "14045.07000", "2008-12-31": "14314.83000", "2008-09-30": "13984.40000", "2008-06-30": "13623.24000", "2008-03-31": "13333.02000", "2007-12-31": "13131.50000", "2007-09-30": "12623.64000", "2007-06-30": "12584.33000", "2007-03-31": "11940.53000", "2006-12-31": "11765.39000", "2006-09-30": "10778.60000", "2006-06-30": "10572.73000", "2006-03-31": "9962.93300", "2005-12-31": "9886.93200", "2005-09-30": "9555.33100", "2005-06-30": "9220.42400", "2005-03-31": "8662.86700"}, "Property, Plant, And Equipment": {"2020-09-30": "542.62500", "2020-06-30": "550.23000", "2020-03-31": "546.09300", "2019-12-31": "535.51900", "2019-09-30": "516.59700", "2019-06-30": "468.36800", "2019-03-31": "468.29300", "2018-12-31": "330.03300", "2018-09-30": "327.12900", "2018-06-30": "320.81000", "2018-03-31": "314.34700", "2017-12-31": "317.33500", "2017-09-30": "320.06000", "2017-06-30": "321.03800", "2017-03-31": "325.54600", "2016-12-31": "325.84900", "2016-09-30": "318.19600", "2016-06-30": "315.19900", "2016-03-31": "311.16100", "2015-12-31": "306.49000", "2015-09-30": "294.66900", "2015-06-30": "284.23800", "2015-03-31": "279.07500", "2014-12-31": "273.83300", "2014-09-30": "275.71800", "2014-06-30": "280.28600", "2014-03-31": "279.25700", "2013-12-31": "277.84900", "2013-09-30": "275.34700", "2013-06-30": "271.19100", "2013-03-31": "270.13000", "2012-12-31": "265.92000", "2012-09-30": "259.19500", "2012-06-30": "261.50800", "2012-03-31": "263.57900", "2011-12-31": "262.73500", "2011-09-30": "264.32500", "2011-06-30": "265.05700", "2011-03-31": "265.53200", "2010-12-31": "265.46500", "2010-09-30": "267.18900", "2010-06-30": "277.22500", "2010-03-31": "279.15200", "2009-12-31": "280.26000", "2009-09-30": "286.70200", "2009-06-30": "286.29500", "2009-03-31": "281.30000", "2008-12-31": "277.45800", "2008-09-30": "267.74900", "2008-06-30": "266.43500", "2008-03-31": "261.81400", "2007-12-31": "258.78600", "2007-09-30": "254.95300", "2007-06-30": "241.57900", "2007-03-31": "193.24400", "2006-12-31": "188.04100", "2006-09-30": "178.94000", "2006-06-30": "177.14200", "2006-03-31": "177.95900", "2005-12-31": "179.62700", "2005-09-30": "177.08400", "2005-06-30": "174.52600", "2005-03-31": "172.11800"}, "Long-Term Investments": {"2020-09-30": "13913.25000", "2020-06-30": "14243.80000", "2020-03-31": "15982.85000", "2019-12-31": "13445.56000", "2019-09-30": "13976.21000", "2019-06-30": "12857.15000", "2019-03-31": "10800.31000", "2018-12-31": "10160.92000", "2018-09-30": "9558.87300", "2018-06-30": "9758.20000", "2018-03-31": "9805.01000", "2017-12-31": "10079.12000", "2017-09-30": "10369.39000", "2017-06-30": "9867.95800", "2017-03-31": "9987.07000", "2016-12-31": "10297.13000", "2016-09-30": "10619.62000", "2016-06-30": "10857.98000", "2016-03-31": "10985.71000", "2015-12-31": "10944.74000", "2015-09-30": "10830.98000", "2015-06-30": "10924.06000", "2015-03-31": "10901.91000", "2014-12-31": "10446.27000", "2014-09-30": "10688.13000", "2014-06-30": "10983.65000", "2014-03-31": "11067.73000", "2013-12-31": "11342.42000", "2013-09-30": "11687.85000", "2013-06-30": "12223.67000", "2013-03-31": "12299.07000", "2012-12-31": "12473.96000", "2012-09-30": "12706.09000", "2012-06-30": "11499.28000", "2012-03-31": "11346.80000", "2011-12-31": "11563.69000", "2011-09-30": "11115.09000", "2011-06-30": "10699.71000", "2011-03-31": "10581.05000", "2010-12-31": "10273.64000", "2010-09-30": "10060.12000", "2010-06-30": "9793.68200", "2010-03-31": "9539.66900", "2009-12-31": "9456.21000", "2009-09-30": "8993.77200", "2009-06-30": "7957.48800", "2009-03-31": "7794.96700", "2008-12-31": "7086.39900", "2008-09-30": "7095.53800", "2008-06-30": "7553.23200", "2008-03-31": "6624.64800", "2007-12-31": "6400.93500", "2007-09-30": "6096.41800", "2007-06-30": "5569.31800", "2007-03-31": "5247.87200", "2006-12-31": "5187.98900", "2006-09-30": "5223.40300", "2006-06-30": "5366.21200", "2006-03-31": "5410.06900", "2005-12-31": "5519.57800", "2005-09-30": "5710.96200", "2005-06-30": "5380.05900", "2005-03-31": "5145.67400"}, "Goodwill And Intangible Assets": {"2020-09-30": "1264.25900", "2020-06-30": "1269.65700", "2020-03-31": "1280.72600", "2019-12-31": "1375.24800", "2019-09-30": "1366.07200", "2019-06-30": "1380.87200", "2019-03-31": "1415.76600", "2018-12-31": "1443.36600", "2018-09-30": "765.47300", "2018-06-30": "760.08500", "2018-03-31": "752.06600", "2017-12-31": "728.95500", "2017-09-30": "731.56800", "2017-06-30": "732.69100", "2017-03-31": "737.69700", "2016-12-31": "742.90300", "2016-09-30": "628.33700", "2016-06-30": "616.85800", "2016-03-31": "624.78800", "2015-12-31": "647.97500", "2015-09-30": "630.50900", "2015-06-30": "630.20900", "2015-03-31": "586.11700", "2014-12-31": "584.13200", "2014-09-30": "586.54200", "2014-06-30": "570.09600", "2014-03-31": "549.90500", "2013-12-31": "537.65600", "2013-09-30": "526.02900", "2013-06-30": "518.89000", "2013-03-31": "496.71600", "2012-12-31": "490.98300", "2012-09-30": "481.81100", "2012-06-30": "436.48200", "2012-03-31": "443.38400", "2011-12-31": "432.60300", "2011-09-30": "434.66400", "2011-06-30": "456.80300", "2011-03-31": "468.85200", "2010-12-31": "465.12700", "2010-09-30": "437.10200", "2010-06-30": "450.53400", "2010-03-31": "471.98200", "2009-12-31": "428.06300", "2009-09-30": "422.84100", "2009-06-30": "425.25100", "2009-03-31": "409.76900", "2008-12-31": "403.96100", "2008-09-30": "431.85700", "2008-06-30": "437.16300", "2008-03-31": "435.84500", "2007-12-31": "438.36200", "2007-09-30": "447.04000", "2007-06-30": "452.02400", "2007-03-31": "325.47000", "2006-12-31": "324.00600", "2006-09-30": "324.78200", "2006-06-30": "333.39600", "2006-03-31": "330.26000", "2005-12-31": "317.11900", "2005-09-30": "311.35000", "2005-06-30": "306.47900", "2005-03-31": "291.16200"}, "Other Long-Term Assets": {"2020-09-30": "1236.41700", "2020-06-30": "1182.00700", "2020-03-31": "1493.23100", "2019-12-31": "958.23300", "2019-09-30": "879.05400", "2019-06-30": "907.08200", "2019-03-31": "870.42700", "2018-12-31": "845.98600", "2018-09-30": "764.93500", "2018-06-30": "796.29700", "2018-03-31": "777.46500", "2017-12-31": "704.02700", "2017-09-30": "717.14500", "2017-06-30": "710.95100", "2017-03-31": "738.03000", "2016-12-31": "705.73400", "2016-09-30": "712.28600", "2016-06-30": "651.56700", "2016-03-31": "605.78000", "2015-12-31": "583.17800", "2015-09-30": "608.04500", "2015-06-30": "582.25600", "2015-03-31": "611.47100", "2014-12-31": "591.09100", "2014-09-30": "744.35210", "2014-06-30": "868.70800", "2014-03-31": "778.55800", "2013-12-31": "736.96700", "2013-09-30": "777.52600", "2013-06-30": "668.00100", "2013-03-31": "748.50200", "2012-12-31": "702.47500", "2012-09-30": "776.77000", "2012-06-30": "828.57200", "2012-03-31": "762.34400", "2011-12-31": "767.08100", "2011-09-30": "775.85700", "2011-06-30": "683.25900", "2011-03-31": "711.30300", "2010-12-31": "713.80100", "2010-09-30": "781.73300", "2010-06-30": "826.12600", "2010-03-31": "776.23700", "2009-12-31": "761.65800", "2009-09-30": "747.48500", "2009-06-30": "712.03200", "2009-03-31": "802.33500", "2008-12-31": "652.00000", "2008-09-30": "598.26300", "2008-06-30": "555.86400", "2008-03-31": "470.62500", "2007-12-31": "438.11600", "2007-09-30": "425.15000", "2007-06-30": "433.98900", "2007-03-31": "374.32700", "2006-12-31": "594.19400", "2006-09-30": "610.19000", "2006-06-30": "474.60600", "2006-03-31": "419.54900", "2005-12-31": "423.81300", "2005-09-30": "584.87500", "2005-06-30": "372.66500", "2005-03-31": "339.26700"}, "Total Long-Term Assets": {"2020-09-30": "16956.55000", "2020-06-30": "17245.69000", "2020-03-31": "19302.90000", "2019-12-31": "16314.56000", "2019-09-30": "16737.93000", "2019-06-30": "15613.47000", "2019-03-31": "13554.79000", "2018-12-31": "12780.30000", "2018-09-30": "11416.41000", "2018-06-30": "11635.39000", "2018-03-31": "11648.89000", "2017-12-31": "11829.43000", "2017-09-30": "12138.17000", "2017-06-30": "11632.64000", "2017-03-31": "11788.34000", "2016-12-31": "12071.62000", "2016-09-30": "12278.44000", "2016-06-30": "12441.60000", "2016-03-31": "12527.43000", "2015-12-31": "12482.38000", "2015-09-30": "12364.20000", "2015-06-30": "12420.76000", "2015-03-31": "12378.57000", "2014-12-31": "11895.33000", "2014-09-30": "12294.74000", "2014-06-30": "12702.74000", "2014-03-31": "12675.45000", "2013-12-31": "12894.89000", "2013-09-30": "13266.76000", "2013-06-30": "13681.75000", "2013-03-31": "13814.42000", "2012-12-31": "13933.34000", "2012-09-30": "14223.86000", "2012-06-30": "13025.84000", "2012-03-31": "12816.11000", "2011-12-31": "13026.11000", "2011-09-30": "12589.94000", "2011-06-30": "12104.83000", "2011-03-31": "12026.74000", "2010-12-31": "11718.03000", "2010-09-30": "11546.15000", "2010-06-30": "11347.57000", "2010-03-31": "11067.04000", "2009-12-31": "10926.19000", "2009-09-30": "10450.80000", "2009-06-30": "9381.06600", "2009-03-31": "9288.37100", "2008-12-31": "8419.81800", "2008-09-30": "8393.40700", "2008-06-30": "8812.69400", "2008-03-31": "7792.93200", "2007-12-31": "7536.19900", "2007-09-30": "7223.56100", "2007-06-30": "6696.91000", "2007-03-31": "6140.91400", "2006-12-31": "6294.23000", "2006-09-30": "6337.31500", "2006-06-30": "6351.35600", "2006-03-31": "6337.83700", "2005-12-31": "6440.13700", "2005-09-30": "6784.27100", "2005-06-30": "6233.72900", "2005-03-31": "5948.22100"}, "Total Assets": {"2020-09-30": "46067.22000", "2020-06-30": "45819.88000", "2020-03-31": "47119.16000", "2019-12-31": "42172.02000", "2019-09-30": "43127.20000", "2019-06-30": "41893.07000", "2019-03-31": "39882.96000", "2018-12-31": "38020.50000", "2018-09-30": "33289.86000", "2018-06-30": "33833.11000", "2018-03-31": "33361.49000", "2017-12-31": "32272.16000", "2017-09-30": "33005.52000", "2017-06-30": "32263.53000", "2017-03-31": "32628.93000", "2016-12-31": "32772.28000", "2016-09-30": "32779.23000", "2016-06-30": "31970.45000", "2016-03-31": "31413.95000", "2015-12-31": "31476.13000", "2015-09-30": "30566.90000", "2015-06-30": "30725.56000", "2015-03-31": "30299.98000", "2014-12-31": "29089.70000", "2014-09-30": "29105.02000", "2014-06-30": "27843.77000", "2014-03-31": "27364.71000", "2013-12-31": "27015.43000", "2013-09-30": "27166.37000", "2013-06-30": "27808.20000", "2013-03-31": "27447.16000", "2012-12-31": "28148.63000", "2012-09-30": "27117.64000", "2012-06-30": "25576.05000", "2012-03-31": "25884.17000", "2011-12-31": "25493.95000", "2011-09-30": "25066.27000", "2011-06-30": "24238.18000", "2011-03-31": "23701.02000", "2010-12-31": "23941.60000", "2010-09-30": "24385.95000", "2010-06-30": "23736.73000", "2010-03-31": "23501.98000", "2009-12-31": "23516.83000", "2009-09-30": "23876.84000", "2009-06-30": "22768.32000", "2009-03-31": "23333.44000", "2008-12-31": "22734.65000", "2008-09-30": "22377.80000", "2008-06-30": "22435.94000", "2008-03-31": "21125.95000", "2007-12-31": "20667.70000", "2007-09-30": "19847.21000", "2007-06-30": "19281.24000", "2007-03-31": "18081.44000", "2006-12-31": "18059.62000", "2006-09-30": "17115.91000", "2006-06-30": "16924.09000", "2006-03-31": "16300.77000", "2005-12-31": "16327.07000", "2005-09-30": "16339.60000", "2005-06-30": "15454.15000", "2005-03-31": "14611.09000"}, "Total Current Liabilities": {"2020-09-30": "36282.57000", "2020-06-30": "35615.55000", "2020-03-31": "34137.16000", "2019-12-31": "31699.22000", "2019-09-30": "29798.90000", "2019-06-30": "27818.48000", "2019-03-31": "26944.91000", "2018-12-31": "26475.00000", "2018-09-30": "22654.62000", "2018-06-30": "23209.86000", "2018-03-31": "22907.67000", "2017-12-31": "22801.16000", "2017-09-30": "22390.65000", "2017-06-30": "22913.99000", "2017-03-31": "23271.57000", "2016-12-31": "23621.39000", "2016-09-30": "21900.38000", "2016-06-30": "21487.01000", "2016-03-31": "21259.89000", "2015-12-31": "22421.38000", "2015-09-30": "21395.47000", "2015-06-30": "21961.01000", "2015-03-31": "22264.51000", "2014-12-31": "22505.59000", "2014-09-30": "21500.87000", "2014-06-30": "22450.04000", "2014-03-31": "22493.35000", "2013-12-31": "22145.73000", "2013-09-30": "21448.49000", "2013-06-30": "21264.18000", "2013-03-31": "21713.02000", "2012-12-31": "23410.18000", "2012-09-30": "22117.21000", "2012-06-30": "21096.20000", "2012-03-31": "21655.11000", "2011-12-31": "21210.35000", "2011-09-30": "21119.88000", "2011-06-30": "20505.09000", "2011-03-31": "19483.10000", "2010-12-31": "19598.17000", "2010-09-30": "19005.15000", "2010-06-30": "18444.33000", "2010-03-31": "18285.90000", "2009-12-31": "18105.72000", "2009-09-30": "17427.54000", "2009-06-30": "17580.93000", "2009-03-31": "17642.93000", "2008-12-31": "18154.14000", "2008-09-30": "18397.62000", "2008-06-30": "17324.68000", "2008-03-31": "16386.23000", "2007-12-31": "16810.23000", "2007-09-30": "16297.51000", "2007-06-30": "15616.03000", "2007-03-31": "14831.41000", "2006-12-31": "14883.59000", "2006-09-30": "14087.26000", "2006-06-30": "13754.13000", "2006-03-31": "13058.24000", "2005-12-31": "12838.45000", "2005-09-30": "12683.83000", "2005-06-30": "12131.37000", "2005-03-31": "11716.52000"}, "Long Term Debt": {"2020-09-30": "3047.41500", "2020-06-30": "3449.53600", "2020-03-31": "5805.49600", "2019-12-31": "4802.97800", "2019-09-30": "7098.24300", "2019-06-30": "8099.70100", "2019-03-31": "7616.97300", "2018-12-31": "6400.30300", "2018-09-30": "6170.19000", "2018-06-30": "6074.14200", "2018-03-31": "5871.71200", "2017-12-31": "5279.57400", "2017-09-30": "6385.94300", "2017-06-30": "5377.00100", "2017-03-31": "5383.59600", "2016-12-31": "4990.71200", "2016-09-30": "6678.07400", "2016-06-30": "6202.54800", "2016-03-31": "5860.24700", "2015-12-31": "5064.22900", "2015-09-30": "4861.46400", "2015-06-30": "4558.44000", "2015-03-31": "4075.08000", "2014-12-31": "2481.75700", "2014-09-30": "3832.42300", "2014-06-30": "1579.55200", "2014-03-31": "1379.53900", "2013-12-31": "1388.15500", "2013-09-30": "2184.93900", "2013-06-30": "2829.36000", "2013-03-31": "2080.72100", "2012-12-31": "999.40800", "2012-09-30": "986.84600", "2012-06-30": "411.43400", "2012-03-31": "603.99000", "2011-12-31": "473.36600", "2011-09-30": "479.11000", "2011-06-30": "548.49100", "2011-03-31": "435.60800", "2010-12-31": "1232.27900", "2010-09-30": "1702.24900", "2010-06-30": "2106.91200", "2010-03-31": "2308.51200", "2009-12-31": "2531.89600", "2009-09-30": "3588.45000", "2009-06-30": "2550.64200", "2009-03-31": "2674.87300", "2008-12-31": "1920.46100", "2008-09-30": "1475.82200", "2008-06-30": "2552.19300", "2008-03-31": "2200.69400", "2007-12-31": "1425.83700", "2007-09-30": "1306.95100", "2007-06-30": "1436.25800", "2007-03-31": "1150.93700", "2006-12-31": "891.53100", "2006-09-30": "892.87600", "2006-06-30": "1018.24800", "2006-03-31": "1127.24400", "2005-12-31": "1350.26200", "2005-09-30": "1347.62900", "2005-06-30": "1357.57600", "2005-03-31": "1022.33400"}, "Other Non-Current Liabilities": {"2020-09-30": "422.98900", "2020-06-30": "440.83500", "2020-03-31": "391.19600", "2019-12-31": "372.23000", "2019-09-30": "352.15600", "2019-06-30": "309.69400", "2019-03-31": "303.27200", "2018-12-31": "183.48000", "2018-09-30": "172.62200", "2018-06-30": "167.17100", "2018-03-31": "737.14200", "2017-12-31": "162.38100", "2017-09-30": "201.65500", "2017-06-30": "205.95800", "2017-03-31": "189.37600", "2016-12-31": "182.78400", "2016-09-30": "193.69800", "2016-06-30": "147.24200", "2016-03-31": "212.46000", "2015-12-31": "124.28400", "2015-09-30": "159.34800", "2015-06-30": "135.43500", "2015-03-31": "124.84600", "2014-12-31": "121.05100", "2014-09-30": "137.60800", "2014-06-30": "144.14500", "2014-03-31": "122.08600", "2013-12-31": "133.64700", "2013-09-30": "159.15700", "2013-06-30": "150.42000", "2013-03-31": "194.70700", "2012-12-31": "164.31600", "2012-09-30": "189.69600", "2012-06-30": "171.83600", "2012-03-31": "144.22000", "2011-12-31": "133.68400", "2011-09-30": "139.80400", "2011-06-30": "151.90600", "2011-03-31": "184.68900", "2010-12-31": "191.43100", "2010-09-30": "179.74000", "2010-06-30": "169.13700", "2010-03-31": "159.97300", "2009-12-31": "133.14600", "2009-09-30": "127.68900", "2009-06-30": "125.12600", "2009-03-31": "118.18100", "2008-12-31": "132.90200", "2008-09-30": "166.59700", "2008-06-30": "140.75800", "2008-03-31": "132.01500", "2007-12-31": "154.57200", "2007-09-30": "137.30100", "2007-06-30": "144.06600", "2007-03-31": "153.00600", "2006-12-31": "157.38600", "2006-09-30": "126.57400", "2006-06-30": "128.17600", "2006-03-31": "127.93100", "2005-12-31": "124.10600", "2005-09-30": "122.14700", "2005-06-30": "103.25300", "2005-03-31": "100.45500"}, "Total Long Term Liabilities": {"2020-09-30": "3470.40400", "2020-06-30": "3890.37100", "2020-03-31": "6196.69200", "2019-12-31": "5175.20800", "2019-09-30": "7450.39900", "2019-06-30": "8409.39600", "2019-03-31": "7920.24500", "2018-12-31": "6583.78300", "2018-09-30": "6342.81200", "2018-06-30": "6241.31300", "2018-03-31": "6608.85400", "2017-12-31": "5441.95500", "2017-09-30": "6587.59800", "2017-06-30": "5582.95900", "2017-03-31": "5572.97200", "2016-12-31": "5173.49600", "2016-09-30": "6871.77100", "2016-06-30": "6349.79000", "2016-03-31": "6072.70700", "2015-12-31": "5188.51300", "2015-09-30": "5020.81200", "2015-06-30": "4693.87500", "2015-03-31": "4199.92600", "2014-12-31": "2602.80800", "2014-09-30": "3970.03100", "2014-06-30": "1723.69700", "2014-03-31": "1501.62500", "2013-12-31": "1521.80200", "2013-09-30": "2344.09600", "2013-06-30": "2979.78000", "2013-03-31": "2275.42800", "2012-12-31": "1163.72400", "2012-09-30": "1176.54200", "2012-06-30": "583.27000", "2012-03-31": "748.21000", "2011-12-31": "607.05000", "2011-09-30": "618.91400", "2011-06-30": "700.39700", "2011-03-31": "620.29700", "2010-12-31": "1423.71000", "2010-09-30": "1881.98900", "2010-06-30": "2276.04900", "2010-03-31": "2468.48500", "2009-12-31": "2665.04200", "2009-09-30": "3716.13900", "2009-06-30": "2675.76800", "2009-03-31": "2793.05400", "2008-12-31": "2053.36300", "2008-09-30": "1642.41900", "2008-06-30": "2692.95100", "2008-03-31": "2332.70900", "2007-12-31": "1580.40900", "2007-09-30": "1444.25200", "2007-06-30": "1580.32400", "2007-03-31": "1303.94300", "2006-12-31": "1048.91700", "2006-09-30": "1019.45000", "2006-06-30": "1146.42400", "2006-03-31": "1255.17500", "2005-12-31": "1474.36800", "2005-09-30": "1469.77600", "2005-06-30": "1460.82900", "2005-03-31": "1122.78900"}, "Total Liabilities": {"2020-09-30": "40841.11000", "2020-06-30": "40715.45000", "2020-03-31": "42085.00000", "2019-12-31": "37308.10000", "2019-09-30": "38289.54000", "2019-06-30": "37174.60000", "2019-03-31": "35351.25000", "2018-12-31": "33577.46000", "2018-09-30": "29664.10000", "2018-06-30": "30257.06000", "2018-03-31": "29844.15000", "2017-12-31": "28753.83000", "2017-09-30": "29491.08000", "2017-06-30": "28813.99000", "2017-03-31": "29258.04000", "2016-12-31": "29465.92000", "2016-09-30": "29346.82000", "2016-06-30": "28567.71000", "2016-03-31": "28057.68000", "2015-12-31": "28208.49000", "2015-09-30": "27150.74000", "2015-06-30": "27312.73000", "2015-03-31": "26909.73000", "2014-12-31": "25753.49000", "2014-09-30": "25827.71000", "2014-06-30": "24596.12000", "2014-03-31": "24220.12000", "2013-12-31": "23960.46000", "2013-09-30": "24139.39000", "2013-06-30": "24815.32000", "2013-03-31": "24399.27000", "2012-12-31": "25154.95000", "2012-09-30": "24105.17000", "2012-06-30": "22653.32000", "2012-03-31": "23013.77000", "2011-12-31": "22707.29000", "2011-09-30": "22298.71000", "2011-06-30": "21546.01000", "2011-03-31": "21103.34000", "2010-12-31": "21397.72000", "2010-09-30": "21861.96000", "2010-06-30": "21286.70000", "2010-03-31": "21169.26000", "2009-12-31": "21291.46000", "2009-09-30": "21672.85000", "2009-06-30": "20702.16000", "2009-03-31": "21387.39000", "2008-12-31": "20874.54000", "2008-09-30": "20418.01000", "2008-06-30": "20474.01000", "2008-03-31": "19114.00000", "2007-12-31": "18732.32000", "2007-09-30": "17978.64000", "2007-06-30": "17485.33000", "2007-03-31": "16295.49000", "2006-12-31": "16338.60000", "2006-09-30": "15445.99000", "2006-06-30": "15341.08000", "2006-03-31": "14735.33000", "2005-12-31": "14787.92000", "2005-09-30": "14826.06000", "2005-06-30": "13973.18000", "2005-03-31": "13195.88000"}, "Common Stock Net": {"2020-09-30": "0.00500", "2020-06-30": "0.00500", "2020-03-31": "0.00500", "2019-12-31": "0.00500", "2019-09-30": "0.00500", "2019-06-30": "0.00500", "2019-03-31": "0.00500", "2018-12-31": "0.00500", "2018-09-30": "0.00400", "2018-06-30": "0.00400", "2018-03-31": "0.00400", "2017-12-31": "0.00400", "2017-09-30": "0.00400", "2017-06-30": "0.00400", "2017-03-31": "0.00400", "2016-12-31": "0.00400", "2016-09-30": "0.00400", "2016-06-30": "0.00400", "2016-03-31": "0.00400", "2015-12-31": "0.00400", "2015-09-30": "0.00400", "2015-06-30": "0.00400", "2015-03-31": "0.00400", "2014-12-31": "0.00400", "2014-09-30": "0.00400", "2014-06-30": "0.00400", "2014-03-31": "0.00400", "2013-12-31": "0.00400", "2013-09-30": "0.00400", "2013-06-30": "0.00400", "2013-03-31": "0.00400", "2012-12-31": "0.00400", "2012-09-30": "0.00400", "2012-06-30": "0.00400", "2012-03-31": "0.00400", "2011-12-31": "0.00400", "2011-09-30": "0.00400", "2011-06-30": "0.00400", "2011-03-31": "0.00400", "2010-12-31": "0.00400", "2010-09-30": "0.00400", "2010-06-30": "0.00400", "2010-03-31": "0.00400", "2009-12-31": "0.00400", "2009-09-30": "0.00400", "2009-06-30": "0.00400", "2009-03-31": "0.00400", "2008-12-31": "0.00400", "2008-09-30": "0.00400", "2008-06-30": "0.00400", "2008-03-31": "0.00400", "2007-12-31": "0.00400", "2007-09-30": "0.00400", "2007-06-30": "0.00400", "2007-03-31": "0.00400", "2006-12-31": "0.00400", "2006-09-30": "0.00400", "2006-06-30": "0.00400", "2006-03-31": "0.00400", "2005-12-31": "0.00400", "2005-09-30": "0.00400", "2005-06-30": "0.00400", "2005-03-31": "0.00400"}, "Retained Earnings (Accumulated Deficit)": {"2020-09-30": "3856.04600", "2020-06-30": "3737.86200", "2020-03-31": "3709.01900", "2019-12-31": "3729.77800", "2019-09-30": "3655.59000", "2019-06-30": "3548.90700", "2019-03-31": "3447.07600", "2018-12-31": "3369.65400", "2018-09-30": "3297.08300", "2018-06-30": "3212.65300", "2018-03-31": "3127.57500", "2017-12-31": "3048.48700", "2017-09-30": "2999.00500", "2017-06-30": "2942.44700", "2017-03-31": "2883.04200", "2016-12-31": "2823.33400", "2016-09-30": "2801.93100", "2016-06-30": "2755.76600", "2016-03-31": "2718.30100", "2015-12-31": "2704.12100", "2015-09-30": "2673.29200", "2015-06-30": "2627.25000", "2015-03-31": "2576.95300", "2014-12-31": "2530.83700", "2014-09-30": "2495.33800", "2014-06-30": "2447.11800", "2014-03-31": "2398.63600", "2013-12-31": "2349.42800", "2013-09-30": "2303.68800", "2013-06-30": "2253.81000", "2013-03-31": "2199.72200", "2012-12-31": "2137.54100", "2012-09-30": "2148.29200", "2012-06-30": "2086.56500", "2012-03-31": "2014.59900", "2011-12-31": "1953.33200", "2011-09-30": "1908.57400", "2011-06-30": "1842.02200", "2011-03-31": "1791.69800", "2010-12-31": "1743.88000", "2010-09-30": "1701.90900", "2010-06-30": "1654.51600", "2010-03-31": "1607.82800", "2009-12-31": "1563.68300", "2009-09-30": "1537.37300", "2009-06-30": "1502.99300", "2009-03-31": "1467.06200", "2008-12-31": "1427.05700", "2008-09-30": "1406.97100", "2008-06-30": "1365.45600", "2008-03-31": "1381.79700", "2007-12-31": "1332.95400", "2007-09-30": "1295.23300", "2007-06-30": "1248.82900", "2007-03-31": "1208.41800", "2006-12-31": "1166.99400", "2006-09-30": "1126.44500", "2006-06-30": "1083.81900", "2006-03-31": "1038.85900", "2005-12-31": "990.42200", "2005-09-30": "948.92800", "2005-06-30": "904.75700", "2005-03-31": "860.94100"}, "Comprehensive Income": {"2020-09-30": "365.17000", "2020-06-30": "370.31600", "2020-03-31": "331.29200", "2019-12-31": "104.92300", "2019-09-30": "133.75300", "2019-06-30": "98.56900", "2019-03-31": "-3.53100", "2018-12-31": "-72.58500", "2018-09-30": "-162.36200", "2018-06-30": "-135.30500", "2018-03-31": "-111.19100", "2017-12-31": "-36.17400", "2017-09-30": "6.75700", "2017-06-30": "7.96400", "2017-03-31": "-5.22100", "2016-12-31": "-10.96700", "2016-09-30": "95.72700", "2016-06-30": "117.63200", "2016-03-31": "93.10900", "2015-12-31": "21.58700", "2015-09-30": "85.77600", "2015-06-30": "51.79200", "2015-03-31": "90.30300", "2014-12-31": "56.67300", "2014-09-30": "23.29500", "2014-06-30": "49.41600", "2014-03-31": "6.79500", "2013-12-31": "-25.62300", "2013-09-30": "-2.62600", "2013-06-30": "19.01400", "2013-03-31": "133.38300", "2012-12-31": "149.92000", "2012-09-30": "162.39300", "2012-06-30": "139.19000", "2012-03-31": "161.41800", "2011-12-31": "128.97900", "2011-09-30": "163.57100", "2011-06-30": "146.25500", "2011-03-31": "108.31300", "2010-12-31": "107.83900", "2010-09-30": "139.04100", "2010-06-30": "113.77100", "2010-03-31": "47.65700", "2009-12-31": "-10.74000", "2009-09-30": "-0.76300", "2009-06-30": "-98.44800", "2009-03-31": "-180.52300", "2008-12-31": "-222.88600", "2008-09-30": "-106.24900", "2008-06-30": "-64.37800", "2008-03-31": "-25.67600", "2007-12-31": "-31.23400", "2007-09-30": "-51.98200", "2007-06-30": "-89.52700", "2007-03-31": "-56.32300", "2006-12-31": "-73.44400", "2006-09-30": "-75.48300", "2006-06-30": "-119.69500", "2006-03-31": "-94.31300", "2005-12-31": "-67.81100", "2005-09-30": "-45.56600", "2005-06-30": "-31.03700", "2005-03-31": "-50.98900"}, "Other Share Holders Equity": {"2020-09-30": "", "2020-06-30": "", "2020-03-31": "", "2019-12-31": "", "2019-09-30": "", "2019-06-30": "", "2019-03-31": "", "2018-12-31": "", "2018-09-30": "", "2018-06-30": "", "2018-03-31": "", "2017-12-31": "", "2017-09-30": "", "2017-06-30": "", "2017-03-31": "", "2016-12-31": "", "2016-09-30": "", "2016-06-30": "", "2016-03-31": "", "2015-12-31": "", "2015-09-30": "", "2015-06-30": "", "2015-03-31": "", "2014-12-31": "", "2014-09-30": "", "2014-06-30": "", "2014-03-31": "", "2013-12-31": "", "2013-09-30": "", "2013-06-30": "", "2013-03-31": "", "2012-12-31": "", "2012-09-30": "", "2012-06-30": "", "2012-03-31": "", "2011-12-31": "", "2011-09-30": "", "2011-06-30": "", "2011-03-31": "", "2010-12-31": "", "2010-09-30": "", "2010-06-30": "", "2010-03-31": "", "2009-12-31": "", "2009-09-30": "", "2009-06-30": "", "2009-03-31": "", "2008-12-31": "", "2008-09-30": "", "2008-06-30": "", "2008-03-31": "", "2007-12-31": "", "2007-09-30": "", "2007-06-30": "", "2007-03-31": "", "2006-12-31": "", "2006-09-30": "", "2006-06-30": "", "2006-03-31": "", "2005-12-31": "", "2005-09-30": "", "2005-06-30": "", "2005-03-31": ""}, "Share Holder Equity": {"2020-09-30": "5226.10900", "2020-06-30": "5104.42300", "2020-03-31": "5034.16000", "2019-12-31": "4863.91900", "2019-09-30": "4837.66500", "2019-06-30": "4718.47500", "2019-03-31": "4531.70900", "2018-12-31": "4443.04500", "2018-09-30": "3625.76000", "2018-06-30": "3576.04500", "2018-03-31": "3517.34200", "2017-12-31": "3518.33400", "2017-09-30": "3514.43900", "2017-06-30": "3449.54500", "2017-03-31": "3370.89400", "2016-12-31": "3306.35700", "2016-09-30": "3432.41100", "2016-06-30": "3402.73800", "2016-03-31": "3356.26500", "2015-12-31": "3267.63900", "2015-09-30": "3416.16200", "2015-06-30": "3412.83300", "2015-03-31": "3390.25200", "2014-12-31": "3336.20600", "2014-09-30": "3277.31200", "2014-06-30": "3247.64600", "2014-03-31": "3144.59900", "2013-12-31": "3054.97300", "2013-09-30": "3026.97400", "2013-06-30": "2992.88200", "2013-03-31": "3047.89200", "2012-12-31": "2993.68100", "2012-09-30": "3012.47500", "2012-06-30": "2922.72100", "2012-03-31": "2870.40100", "2011-12-31": "2786.65200", "2011-09-30": "2767.55000", "2011-06-30": "2692.17400", "2011-03-31": "2597.68800", "2010-12-31": "2543.87800", "2010-09-30": "2523.98800", "2010-06-30": "2450.02700", "2010-03-31": "2332.71700", "2009-12-31": "2225.37400", "2009-09-30": "2203.99400", "2009-06-30": "2066.16200", "2009-03-31": "1946.05100", "2008-12-31": "1860.11200", "2008-09-30": "1959.78900", "2008-06-30": "1961.92800", "2008-03-31": "2011.94900", "2007-12-31": "1935.38400", "2007-09-30": "1868.56300", "2007-06-30": "1795.90800", "2007-03-31": "1785.94800", "2006-12-31": "1721.02200", "2006-09-30": "1669.91800", "2006-06-30": "1583.01000", "2006-03-31": "1565.43500", "2005-12-31": "1539.15400", "2005-09-30": "1513.54200", "2005-06-30": "1480.97500", "2005-03-31": "1415.20400"}, "Total Liabilities And Share Holders Equity": {"2020-09-30": "46067.22000", "2020-06-30": "45819.88000", "2020-03-31": "47119.16000", "2019-12-31": "42172.02000", "2019-09-30": "43127.20000", "2019-06-30": "41893.07000", "2019-03-31": "39882.96000", "2018-12-31": "38020.50000", "2018-09-30": "33289.86000", "2018-06-30": "33833.11000", "2018-03-31": "33361.49000", "2017-12-31": "32272.16000", "2017-09-30": "33005.52000", "2017-06-30": "32263.53000", "2017-03-31": "32628.93000", "2016-12-31": "32772.28000", "2016-09-30": "32779.23000", "2016-06-30": "31970.45000", "2016-03-31": "31413.95000", "2015-12-31": "31476.13000", "2015-09-30": "30566.90000", "2015-06-30": "30725.56000", "2015-03-31": "30299.98000", "2014-12-31": "29089.70000", "2014-09-30": "29105.02000", "2014-06-30": "27843.77000", "2014-03-31": "27364.71000", "2013-12-31": "27015.43000", "2013-09-30": "27166.37000", "2013-06-30": "27808.20000", "2013-03-31": "27447.16000", "2012-12-31": "28148.63000", "2012-09-30": "27117.64000", "2012-06-30": "25576.05000", "2012-03-31": "25884.17000", "2011-12-31": "25493.95000", "2011-09-30": "25066.27000", "2011-06-30": "24238.18000", "2011-03-31": "23701.02000", "2010-12-31": "23941.60000", "2010-09-30": "24385.95000", "2010-06-30": "23736.73000", "2010-03-31": "23501.98000", "2009-12-31": "23516.83000", "2009-09-30": "23876.84000", "2009-06-30": "22768.32000", "2009-03-31": "23333.44000", "2008-12-31": "22734.65000", "2008-09-30": "22377.80000", "2008-06-30": "22435.94000", "2008-03-31": "21125.95000", "2007-12-31": "20667.70000", "2007-09-30": "19847.21000", "2007-06-30": "19281.24000", "2007-03-31": "18081.44000", "2006-12-31": "18059.62000", "2006-09-30": "17115.91000", "2006-06-30": "16924.09000", "2006-03-31": "16300.77000", "2005-12-31": "16327.07000", "2005-09-30": "16339.60000", "2005-06-30": "15454.15000", "2005-03-31": "14611.09000"}}, "cash flow statement": {"Net Income/Loss": {"2019-12-31": "500.68500", "2018-12-31": "446.42400", "2017-12-31": "335.68500", "2016-12-31": "232.28100", "2015-12-31": "292.25900", "2014-12-31": "295.47900", "2013-12-31": "318.93100", "2012-12-31": "354.12400", "2011-12-31": "289.82400", "2010-12-31": "248.29400", "2009-12-31": "204.01600", "2008-12-31": "145.68000", "2007-12-31": "220.99600", "2006-12-31": "212.97700", "2005-12-31": "201.50500"}, "Total Depreciation And Amortization - Cash Flow": {"2019-12-31": "78.43200", "2018-12-31": "91.78800", "2017-12-31": "83.15900", "2016-12-31": "88.65900", "2015-12-31": "93.06300", "2014-12-31": "93.90900", "2013-12-31": "115.53500", "2012-12-31": "142.70400", "2011-12-31": "162.19400", "2010-12-31": "164.66700", "2009-12-31": "95.98300", "2008-12-31": "33.17600", "2007-12-31": "41.12000", "2006-12-31": "40.62900", "2005-12-31": "43.70100"}, "Other Non-Cash Items": {"2019-12-31": "125.52100", "2018-12-31": "55.36000", "2017-12-31": "50.83300", "2016-12-31": "116.63100", "2015-12-31": "64.75200", "2014-12-31": "29.33500", "2013-12-31": "-42.09100", "2012-12-31": "-20.96100", "2011-12-31": "87.31200", "2010-12-31": "91.75100", "2009-12-31": "166.59600", "2008-12-31": "245.43800", "2007-12-31": "39.13800", "2006-12-31": "9.90100", "2005-12-31": "6.60700"}, "Total Non-Cash Items": {"2019-12-31": "203.95300", "2018-12-31": "147.14800", "2017-12-31": "133.99200", "2016-12-31": "205.29000", "2015-12-31": "157.81500", "2014-12-31": "123.24400", "2013-12-31": "73.44400", "2012-12-31": "121.74300", "2011-12-31": "249.50600", "2010-12-31": "256.41800", "2009-12-31": "262.57900", "2008-12-31": "278.61400", "2007-12-31": "80.25800", "2006-12-31": "50.53000", "2005-12-31": "50.30800"}, "Change In Accounts Receivable": {"2019-12-31": "-771.59990", "2018-12-31": "29.79590", "2017-12-31": "393.73800", "2016-12-31": "-591.32700", "2015-12-31": "-9.02010", "2014-12-31": "-111.73100", "2013-12-31": "85.23610", "2012-12-31": "-87.87510", "2011-12-31": "43.27700", "2010-12-31": "-50.83310", "2009-12-31": "-69.61790", "2008-12-31": "10.67900", "2007-12-31": "-44.72000", "2006-12-31": "-11.89300", "2005-12-31": "-33.61300"}, "Change In Inventories": {"2019-12-31": "-483.00700", "2018-12-31": "-1023.09700", "2017-12-31": "-804.20400", "2016-12-31": "", "2015-12-31": "-69.29800", "2014-12-31": "-243.26500", "2013-12-31": "237.58100", "2012-12-31": "226.14400", "2011-12-31": "-247.38600", "2010-12-31": "-139.31900", "2009-12-31": "102.12100", "2008-12-31": "-297.29200", "2007-12-31": "0.89600", "2006-12-31": "-131.20900", "2005-12-31": "-8.94100"}, "Change In Accounts Payable": {"2019-12-31": "34.89400", "2018-12-31": "-5.19100", "2017-12-31": "18.19100", "2016-12-31": "44.26900", "2015-12-31": "17.51700", "2014-12-31": "-115.77200", "2013-12-31": "18.19200", "2012-12-31": "23.42400", "2011-12-31": "63.82700", "2010-12-31": "22.22700", "2009-12-31": "-21.34000", "2008-12-31": "28.41100", "2007-12-31": "36.98500", "2006-12-31": "12.53300", "2005-12-31": "-53.00500"}, "Change In Assets/Liabilities": {"2019-12-31": "41.39600", "2018-12-31": "-147.08600", "2017-12-31": "137.52900", "2016-12-31": "17.53800", "2015-12-31": "-93.33800", "2014-12-31": "15.41500", "2013-12-31": "2.93600", "2012-12-31": "-46.01000", "2011-12-31": "-71.26000", "2010-12-31": "28.39100", "2009-12-31": "-224.16600", "2008-12-31": "-84.02700", "2007-12-31": "-56.63800", "2006-12-31": "12.73200", "2005-12-31": "50.69400"}, "Total Change In Assets/Liabilities": {"2019-12-31": "-1178.31700", "2018-12-31": "-1145.57800", "2017-12-31": "-254.74600", "2016-12-31": "-529.52000", "2015-12-31": "-154.13910", "2014-12-31": "-455.35310", "2013-12-31": "343.94510", "2012-12-31": "115.68290", "2011-12-31": "-211.54210", "2010-12-31": "-139.53410", "2009-12-31": "-213.00290", "2008-12-31": "-342.22900", "2007-12-31": "-63.47700", "2006-12-31": "-117.83700", "2005-12-31": "-44.86500"}, "Cash Flow From Operating Activities": {"2019-12-31": "-473.67900", "2018-12-31": "-552.00600", "2017-12-31": "214.93100", "2016-12-31": "-91.94900", "2015-12-31": "295.93500", "2014-12-31": "-36.63000", "2013-12-31": "736.32000", "2012-12-31": "591.55000", "2011-12-31": "327.78800", "2010-12-31": "365.17800", "2009-12-31": "253.59200", "2008-12-31": "82.06500", "2007-12-31": "237.77700", "2006-12-31": "145.67000", "2005-12-31": "206.94800"}, "Net Change In Property, Plant, And Equipment": {"2019-12-31": "-205.95800", "2018-12-31": "-36.32000", "2017-12-31": "23.24600", "2016-12-31": "-0.88000", "2015-12-31": "-69.64600", "2014-12-31": "-34.04700", "2013-12-31": "17.11300", "2012-12-31": "76.15100", "2011-12-31": "66.11900", "2010-12-31": "-26.27600", "2009-12-31": "26.64000", "2008-12-31": "39.52200", "2007-12-31": "48.34100", "2006-12-31": "81.73100", "2005-12-31": "88.52700"}, "Net Change In Intangible Assets": {"2019-12-31": "", "2018-12-31": "", "2017-12-31": "", "2016-12-31": "", "2015-12-31": "", "2014-12-31": "", "2013-12-31": "", "2012-12-31": "", "2011-12-31": "", "2010-12-31": "", "2009-12-31": "0.00000", "2008-12-31": "", "2007-12-31": "", "2006-12-31": "", "2005-12-31": ""}, "Net Acquisitions/Divestitures": {"2019-12-31": "", "2018-12-31": "-175.75500", "2017-12-31": "", "2016-12-31": "56.01700", "2015-12-31": "-18.09800", "2014-12-31": "-21.89800", "2013-12-31": "-7.50000", "2012-12-31": "-23.61500", "2011-12-31": "", "2010-12-31": "", "2009-12-31": "", "2008-12-31": "", "2007-12-31": "-47.47600", "2006-12-31": "0.13500", "2005-12-31": "-29.09300"}, "Net Change In Short-term Investments": {"2019-12-31": "", "2018-12-31": "", "2017-12-31": "", "2016-12-31": "", "2015-12-31": "", "2014-12-31": "", "2013-12-31": "", "2012-12-31": "", "2011-12-31": "", "2010-12-31": "", "2009-12-31": "", "2008-12-31": "", "2007-12-31": "", "2006-12-31": "", "2005-12-31": ""}, "Net Change In Long-Term Investments": {"2019-12-31": "-2132.34100", "2018-12-31": "33.54700", "2017-12-31": "383.92500", "2016-12-31": "351.12380", "2015-12-31": "-110.17190", "2014-12-31": "1273.73100", "2013-12-31": "615.62210", "2012-12-31": "-1194.63400", "2011-12-31": "-1096.66600", "2010-12-31": "-466.51610", "2009-12-31": "-2122.02500", "2008-12-31": "-981.39450", "2007-12-31": "-915.82910", "2006-12-31": "120.67900", "2005-12-31": "-316.35500"}, "Net Change In Investments - Total": {"2019-12-31": "-2132.34100", "2018-12-31": "33.54700", "2017-12-31": "383.92500", "2016-12-31": "351.12380", "2015-12-31": "-110.17190", "2014-12-31": "1273.73100", "2013-12-31": "615.62210", "2012-12-31": "-1194.63400", "2011-12-31": "-1096.66600", "2010-12-31": "-466.51610", "2009-12-31": "-2122.02500", "2008-12-31": "-981.39450", "2007-12-31": "-915.82910", "2006-12-31": "120.67900", "2005-12-31": "-316.35500"}, "Investing Activities - Other": {"2019-12-31": "14.56200", "2018-12-31": "-1629.10300", "2017-12-31": "332.38500", "2016-12-31": "-692.26800", "2015-12-31": "-1803.38800", "2014-12-31": "-1651.80600", "2013-12-31": "-188.20600", "2012-12-31": "-1226.24900", "2011-12-31": "-533.59700", "2010-12-31": "535.45300", "2009-12-31": "1772.04700", "2008-12-31": "-1065.83500", "2007-12-31": "-1124.59600", "2006-12-31": "-2003.77600", "2005-12-31": "-1332.06700"}, "Cash Flow From Investing Activities": {"2019-12-31": "-2323.73700", "2018-12-31": "-1807.63100", "2017-12-31": "739.55600", "2016-12-31": "-286.00700", "2015-12-31": "-2001.30400", "2014-12-31": "-434.02000", "2013-12-31": "437.02900", "2012-12-31": "-2368.34700", "2011-12-31": "-1564.14400", "2010-12-31": "42.66100", "2009-12-31": "-323.33800", "2008-12-31": "-2007.70800", "2007-12-31": "-2039.56000", "2006-12-31": "-1801.23100", "2005-12-31": "-1588.98800"}, "Net Long-Term Debt": {"2019-12-31": "1110.97000", "2018-12-31": "1295.48400", "2017-12-31": "-10.90900", "2016-12-31": "-688.41100", "2015-12-31": "2425.87800", "2014-12-31": "511.77600", "2013-12-31": "-111.90500", "2012-12-31": "156.90200", "2011-12-31": "-949.05100", "2010-12-31": "-1487.74200", "2009-12-31": "57.64700", "2008-12-31": "294.75800", "2007-12-31": "1399.71100", "2006-12-31": "550.03800", "2005-12-31": "-30.44400"}, "Net Current Debt": {"2019-12-31": "-248.77300", "2018-12-31": "44.14700", "2017-12-31": "126.96400", "2016-12-31": "-39.19500", "2015-12-31": "-316.86900", "2014-12-31": "244.80000", "2013-12-31": "-251.71300", "2012-12-31": "-316.68100", "2011-12-31": "390.68400", "2010-12-31": "-51.91000", "2009-12-31": "289.67100", "2008-12-31": "24.90300", "2007-12-31": "-175.94200", "2006-12-31": "202.17900", "2005-12-31": "-101.83500"}, "Debt Issuance/Retirement Net - Total": {"2019-12-31": "862.19700", "2018-12-31": "1339.63100", "2017-12-31": "116.05500", "2016-12-31": "-727.60600", "2015-12-31": "2109.00900", "2014-12-31": "756.57600", "2013-12-31": "-363.61800", "2012-12-31": "-159.77900", "2011-12-31": "-558.36700", "2010-12-31": "-1539.65200", "2009-12-31": "347.31800", "2008-12-31": "319.66100", "2007-12-31": "1223.76900", "2006-12-31": "752.21700", "2005-12-31": "-132.27900"}, "Net Common Equity Issued/Repurchased": {"2019-12-31": "-129.49000", "2018-12-31": "-53.55300", "2017-12-31": "-3.03500", "2016-12-31": "-54.33700", "2015-12-31": "-222.82900", "2014-12-31": "-7.86500", "2013-12-31": "16.56600", "2012-12-31": "-20.55800", "2011-12-31": "-11.90500", "2010-12-31": "8.55200", "2009-12-31": "5.19800", "2008-12-31": "-0.24900", "2007-12-31": "-3.60600", "2006-12-31": "0.54400", "2005-12-31": "4.59300"}, "Net Total Equity Issued/Repurchased": {"2019-12-31": "-129.49000", "2018-12-31": "-53.55300", "2017-12-31": "-3.03500", "2016-12-31": "-54.33700", "2015-12-31": "-222.82900", "2014-12-31": "-7.86500", "2013-12-31": "16.56600", "2012-12-31": "-5.90800", "2011-12-31": "-11.90500", "2010-12-31": "8.55200", "2009-12-31": "5.19800", "2008-12-31": "-0.24900", "2007-12-31": "-3.60600", "2006-12-31": "0.54400", "2005-12-31": "4.59300"}, "Total Common And Preferred Stock Dividends Paid": {"2019-12-31": "-143.49600", "2018-12-31": "-127.18800", "2017-12-31": "-116.04100", "2016-12-31": "-113.45500", "2015-12-31": "-115.28100", "2014-12-31": "-111.02600", "2013-12-31": "-104.72200", "2012-12-31": "-166.98200", "2011-12-31": "-76.42300", "2010-12-31": "-66.55700", "2009-12-31": "-63.95200", "2008-12-31": "-59.19100", "2007-12-31": "-50.41600", "2006-12-31": "-36.78800", "2005-12-31": "-20.34400"}, "Financial Activities - Other": {"2019-12-31": "2323.60200", "2018-12-31": "27.11700", "2017-12-31": "-1171.90900", "2016-12-31": "1167.25200", "2015-12-31": "102.22700", "2014-12-31": "1221.59400", "2013-12-31": "-920.60100", "2012-12-31": "2409.34000", "2011-12-31": "1600.01200", "2010-12-31": "1538.00600", "2009-12-31": "7.45600", "2008-12-31": "1469.95100", "2007-12-31": "725.12300", "2006-12-31": "1037.59200", "2005-12-31": "1698.30100"}, "Cash Flow From Financial Activities": {"2019-12-31": "2912.81300", "2018-12-31": "1186.00700", "2017-12-31": "-1174.93000", "2016-12-31": "271.85400", "2015-12-31": "1873.12600", "2014-12-31": "1859.27900", "2013-12-31": "-1372.37500", "2012-12-31": "2076.67100", "2011-12-31": "953.31700", "2010-12-31": "-59.65100", "2009-12-31": "296.02000", "2008-12-31": "1730.17200", "2007-12-31": "1894.87000", "2006-12-31": "1753.56500", "2005-12-31": "1550.27100"}, "Net Cash Flow": {"2019-12-31": "115.39700", "2018-12-31": "-1173.63000", "2017-12-31": "-220.44300", "2016-12-31": "-106.10200", "2015-12-31": "167.75700", "2014-12-31": "1388.62900", "2013-12-31": "-199.02600", "2012-12-31": "299.87400", "2011-12-31": "-283.03900", "2010-12-31": "348.18800", "2009-12-31": "226.27400", "2008-12-31": "-195.47100", "2007-12-31": "93.08700", "2006-12-31": "98.00400", "2005-12-31": "168.23100"}, "Stock-Based Compensation": {"2019-12-31": "15.54400", "2018-12-31": "4.22900", "2017-12-31": "23.60200", "2016-12-31": "10.47100", "2015-12-31": "12.08300", "2014-12-31": "9.68000", "2013-12-31": "7.06900", "2012-12-31": "8.03000", "2011-12-31": "9.39600", "2010-12-31": "8.16000", "2009-12-31": "5.86200", "2008-12-31": "4.79800", "2007-12-31": "8.48300", "2006-12-31": "10.68200", "2005-12-31": "8.43100"}, "Common Stock Dividends Paid": {"2019-12-31": "-143.49600", "2018-12-31": "-127.18800", "2017-12-31": "-116.04100", "2016-12-31": "-113.45500", "2015-12-31": "-115.28100", "2014-12-31": "-111.02600", "2013-12-31": "-104.72200", "2012-12-31": "-166.98200", "2011-12-31": "-76.42300", "2010-12-31": "-66.55700", "2009-12-31": "-63.95200", "2008-12-31": "-59.19100", "2007-12-31": "-50.41600", "2006-12-31": "-36.78800", "2005-12-31": "-20.34400"}}, "cash flow statement, quarterly": {"Net Income/Loss": {"2020-09-30": 154.092, "2020-06-30": 64.286, "2020-03-31": "61.98400", "2019-12-31": 110.782, "2019-09-30": 141.858, "2019-06-30": 137.78, "2019-03-31": "110.26500", "2018-12-31": 108.377, "2018-09-30": 117.545, "2018-06-30": 115.155, "2018-03-31": "105.34700", "2017-12-31": 72.365, "2017-09-30": 85.79, "2017-06-30": 88.866, "2017-03-31": "88.66400", "2016-12-31": 49.909, "2016-09-30": 75.112, "2016-06-30": 66.272, "2016-03-31": "40.98800", "2015-12-31": 61.076, "2015-09-30": 75.816, "2015-06-30": 80.273, "2015-03-31": "75.09400", "2014-12-31": 65.581, "2014-09-30": 76.126, "2014-06-30": 76.729, "2014-03-31": "77.04300", "2013-12-31": 73.922, "2013-09-30": 76.062, "2013-06-30": 79.888, "2013-03-31": "89.05900", "2012-12-31": 83.616, "2012-09-30": 87.854, "2012-06-30": 99.461, "2012-03-31": "83.19300", "2011-12-31": 67.904, "2011-09-30": 85.459, "2011-06-30": 71.695, "2011-03-31": "64.76600", "2010-12-31": 59.106, "2010-09-30": 63.288, "2010-06-30": 65.558, "2010-03-31": "60.34200", "2009-12-31": 42.804, "2009-09-30": 53.607, "2009-06-30": 52.573, "2009-03-31": "55.03200", "2008-12-31": 29.088, "2008-09-30": 56.675, "2008-06-30": -2.348, "2008-03-31": "62.26500", "2007-12-31": 54.492, "2007-09-30": 59.848, "2007-06-30": 53.863, "2007-03-31": "52.79300", "2006-12-31": 50.585, "2006-09-30": 52.66, "2006-06-30": 54.984, "2006-03-31": "54.74800", "2005-12-31": 48.158, "2005-09-30": 50.827, "2005-06-30": 50.465, "2005-03-31": "52.05500"}, "Total Depreciation And Amortization - Cash Flow": {"2020-09-30": 22.036, "2020-06-30": 29.004, "2020-03-31": "25.21100", "2019-12-31": 25.318, "2019-09-30": 18.101, "2019-06-30": 11.262, "2019-03-31": "23.75100", "2018-12-31": 30.788, "2018-09-30": 20.686, "2018-06-30": 20.198, "2018-03-31": "20.11600", "2017-12-31": 21.856, "2017-09-30": 20.062, "2017-06-30": 20.205, "2017-03-31": "21.03600", "2016-12-31": 22.128, "2016-09-30": 21.185, "2016-06-30": 23.37, "2016-03-31": "21.97600", "2015-12-31": 0.218, "2015-09-30": 29.751, "2015-06-30": 31.783, "2015-03-31": "31.31100", "2014-12-31": 9.998, "2014-09-30": 29.542, "2014-06-30": 27.447, "2014-03-31": "26.92200", "2013-12-31": 27.247, "2013-09-30": 27.787, "2013-06-30": 30.602, "2013-03-31": "29.89900", "2012-12-31": 36.673, "2012-09-30": 33.606, "2012-06-30": 36.249, "2012-03-31": "36.17600", "2011-12-31": 48.478, "2011-09-30": 40.436, "2011-06-30": 36.813, "2011-03-31": "36.46700", "2010-12-31": 49.459, "2010-09-30": 40.125, "2010-06-30": 36.164, "2010-03-31": "38.91900", "2009-12-31": 19.195, "2009-09-30": 41.908, "2009-06-30": 23.347, "2009-03-31": "11.53300", "2008-12-31": 6.627, "2008-09-30": 7.503, "2008-06-30": 8.102, "2008-03-31": "10.94400", "2007-12-31": 10.485, "2007-09-30": 11.713, "2007-06-30": 8.468, "2007-03-31": "10.45400", "2006-12-31": 9.574, "2006-09-30": 16.292, "2006-06-30": 5.171, "2006-03-31": "9.59200", "2005-12-31": 11.056, "2005-09-30": 11.326, "2005-06-30": 12.334, "2005-03-31": "8.98500"}, "Other Non-Cash Items": {"2020-09-30": 19.83, "2020-06-30": 63.747, "2020-03-31": "219.62600", "2019-12-31": 26.449, "2019-09-30": 28.569, "2019-06-30": 27.273, "2019-03-31": "43.23000", "2018-12-31": 44.613, "2018-09-30": 8.794, "2018-06-30": 9.276, "2018-03-31": "-7.32300", "2017-12-31": 8.656, "2017-09-30": 22.125, "2017-06-30": 13.558, "2017-03-31": "6.49400", "2016-12-31": -3.849, "2016-09-30": 22.783, "2016-06-30": 42.358, "2016-03-31": "55.33900", "2015-12-31": 46.6, "2015-09-30": 22.927, "2015-06-30": -9.632, "2015-03-31": "4.85700", "2014-12-31": 24.046, "2014-09-30": -1.601, "2014-06-30": 1.937, "2014-03-31": "4.95300", "2013-12-31": -28.553, "2013-09-30": 13.903, "2013-06-30": -20.267, "2013-03-31": "-7.17400", "2012-12-31": -11.385, "2012-09-30": 56.369, "2012-06-30": -38.063, "2012-03-31": "-27.88200", "2011-12-31": 47.429, "2011-09-30": 27.06, "2011-06-30": 9.66, "2011-03-31": "3.16300", "2010-12-31": -16.171, "2010-09-30": 33.911, "2010-06-30": 41.902, "2010-03-31": "32.10900", "2009-12-31": 41.919, "2009-09-30": 57.898, "2009-06-30": 29.79, "2009-03-31": "36.98900", "2008-12-31": 41.746, "2008-09-30": 80.83, "2008-06-30": 114.379, "2008-03-31": "8.48300", "2007-12-31": 38.238, "2007-09-30": -10.364, "2007-06-30": 10.006, "2007-03-31": "1.25800", "2006-12-31": -6.364, "2006-09-30": 13.257, "2006-06-30": 4.404, "2006-03-31": "-1.39600", "2005-12-31": -1.849, "2005-09-30": 6.857, "2005-06-30": 0.274, "2005-03-31": "1.32500"}, "Total Non-Cash Items": {"2020-09-30": 41.866, "2020-06-30": 92.751, "2020-03-31": "244.83700", "2019-12-31": 51.767, "2019-09-30": 46.67, "2019-06-30": 38.535, "2019-03-31": "66.98100", "2018-12-31": 75.401, "2018-09-30": 29.48, "2018-06-30": 29.474, "2018-03-31": "12.79300", "2017-12-31": 30.512, "2017-09-30": 42.187, "2017-06-30": 33.763, "2017-03-31": "27.53000", "2016-12-31": 18.279, "2016-09-30": 43.968, "2016-06-30": 65.728, "2016-03-31": "77.31500", "2015-12-31": 46.818, "2015-09-30": 52.678, "2015-06-30": 22.151, "2015-03-31": "36.16800", "2014-12-31": 34.044, "2014-09-30": 27.941, "2014-06-30": 29.384, "2014-03-31": "31.87500", "2013-12-31": -1.306, "2013-09-30": 41.69, "2013-06-30": 10.335, "2013-03-31": "22.72500", "2012-12-31": 25.288, "2012-09-30": 89.975, "2012-06-30": -1.814, "2012-03-31": "8.29400", "2011-12-31": 95.907, "2011-09-30": 67.496, "2011-06-30": 46.473, "2011-03-31": "39.63000", "2010-12-31": 33.288, "2010-09-30": 74.036, "2010-06-30": 78.066, "2010-03-31": "71.02800", "2009-12-31": 61.114, "2009-09-30": 99.806, "2009-06-30": 53.137, "2009-03-31": "48.52200", "2008-12-31": 48.373, "2008-09-30": 88.333, "2008-06-30": 122.481, "2008-03-31": "19.42700", "2007-12-31": 48.723, "2007-09-30": 1.349, "2007-06-30": 18.474, "2007-03-31": "11.71200", "2006-12-31": 3.21, "2006-09-30": 29.549, "2006-06-30": 9.575, "2006-03-31": "8.19600", "2005-12-31": 9.207, "2005-09-30": 18.183, "2005-06-30": 12.608, "2005-03-31": "10.31000"}, "Change In Accounts Receivable": {"2020-09-30": -184.072, "2020-06-30": 275.618, "2020-03-31": "-1121.28700", "2019-12-31": -32.2098, "2019-09-30": -469.0701, "2019-06-30": 421.345, "2019-03-31": "-691.66500", "2018-12-31": 233.256, "2018-09-30": 133.7789, "2018-06-30": -301.699, "2018-03-31": "-35.54000", "2017-12-31": -86.93, "2017-09-30": -10.898, "2017-06-30": 62.98, "2017-03-31": "428.58600", "2016-12-31": 26.0439, "2016-09-30": -489.636, "2016-06-30": -109.0679, "2016-03-31": "-18.66700", "2015-12-31": 27.9621, "2015-09-30": 139.8359, "2015-06-30": 42.8659, "2015-03-31": "-219.68400", "2014-12-31": 46.7341, "2014-09-30": -37.1901, "2014-06-30": -98.039, "2014-03-31": "-23.23600", "2013-12-31": 24.9901, "2013-09-30": 83.163, "2013-06-30": -27.589, "2013-03-31": "4.67200", "2012-12-31": 33.908, "2012-09-30": -93.8371, "2012-06-30": 26.374, "2012-03-31": "-54.32000", "2011-12-31": -8.576, "2011-09-30": -77.885, "2011-06-30": -49.964, "2011-03-31": "179.70200", "2010-12-31": 53.565, "2010-09-30": -86.7491, "2010-06-30": -62.859, "2010-03-31": "45.21000", "2009-12-31": -80.839, "2009-09-30": 209.229, "2009-06-30": -84.8529, "2009-03-31": "-113.15500", "2008-12-31": 22.883, "2008-09-30": 54.112, "2008-06-30": -66.836, "2008-03-31": "0.52000", "2007-12-31": 28.766, "2007-09-30": -5.333, "2007-06-30": -49.783, "2007-03-31": "-18.37000", "2006-12-31": -86.365, "2006-09-30": 61.391, "2006-06-30": 2.724, "2006-03-31": "10.35700", "2005-12-31": -9.484, "2005-09-30": 28.491, "2005-06-30": -52.463, "2005-03-31": "-0.15700"}, "Change In Inventories": {"2020-09-30": -462.223, "2020-06-30": 1893.464, "2020-03-31": "-1092.24900", "2019-12-31": 768.752, "2019-09-30": -452.518, "2019-06-30": -191.009, "2019-03-31": "-608.23200", "2018-12-31": -174.688, "2018-09-30": 326.117, "2018-06-30": -585.938, "2018-03-31": "-588.58800", "2017-12-31": 215.702, "2017-09-30": -547.224, "2017-06-30": 232.178, "2017-03-31": "-704.86000", "2016-12-31": 204.03, "2016-09-30": -294.514, "2016-06-30": 222.92, "2016-03-31": "-132.43600", "2015-12-31": 41.559, "2015-09-30": -15.1, "2015-06-30": -43.278, "2015-03-31": "-52.47900", "2014-12-31": -155.26, "2014-09-30": -59.138, "2014-06-30": -39.757, "2014-03-31": "10.89000", "2013-12-31": 59.628, "2013-09-30": 77.064, "2013-06-30": 19.867, "2013-03-31": "81.02200", "2012-12-31": 36.962, "2012-09-30": -62.5, "2012-06-30": 1.12, "2012-03-31": "250.56200", "2011-12-31": 50.948, "2011-09-30": -128.753, "2011-06-30": -245.726, "2011-03-31": "76.14500", "2010-12-31": 73.974, "2010-09-30": 36.975, "2010-06-30": -55.904, "2010-03-31": "-194.36400", "2009-12-31": 58.716, "2009-09-30": -114.404, "2009-06-30": 241.377, "2009-03-31": "-83.56800", "2008-12-31": -207.807, "2008-09-30": -129.754, "2008-06-30": 115.122, "2008-03-31": "-74.85300", "2007-12-31": -47.886, "2007-09-30": 13.099, "2007-06-30": 13.017, "2007-03-31": "22.66600", "2006-12-31": -66.184, "2006-09-30": 10.035, "2006-06-30": -67.638, "2006-03-31": "-7.42200", "2005-12-31": 19.399, "2005-09-30": -27.444, "2005-06-30": 2.793, "2005-03-31": "-3.68900"}, "Change In Accounts Payable": {"2020-09-30": -28.095, "2020-06-30": 44.078, "2020-03-31": "-7.30500", "2019-12-31": 50.494, "2019-09-30": 26.266, "2019-06-30": -23.646, "2019-03-31": "-18.22000", "2018-12-31": -71.888, "2018-09-30": 71.024, "2018-06-30": 4.422, "2018-03-31": "-8.74900", "2017-12-31": 18.29, "2017-09-30": 19.604, "2017-06-30": -13.234, "2017-03-31": "-6.46900", "2016-12-31": 16.489, "2016-09-30": 7.481, "2016-06-30": 33.431, "2016-03-31": "-13.13200", "2015-12-31": 3.07, "2015-09-30": 11.803, "2015-06-30": -2.877, "2015-03-31": "5.52100", "2014-12-31": -8.187, "2014-09-30": 16.994, "2014-06-30": -83.465, "2014-03-31": "-41.11400", "2013-12-31": 12.794, "2013-09-30": 6.399, "2013-06-30": -16.681, "2013-03-31": "15.68000", "2012-12-31": -5.796, "2012-09-30": 38.294, "2012-06-30": -40.406, "2012-03-31": "31.33200", "2011-12-31": -5.68, "2011-09-30": 99.121, "2011-06-30": -30.993, "2011-03-31": "1.37900", "2010-12-31": 1.112, "2010-09-30": 41.093, "2010-06-30": -25.707, "2010-03-31": "5.72900", "2009-12-31": -11.529, "2009-09-30": 4.406, "2009-06-30": -27.108, "2009-03-31": "12.89100", "2008-12-31": 32.16, "2008-09-30": 38.89, "2008-06-30": -52.549, "2008-03-31": "9.91000", "2007-12-31": 23.462, "2007-09-30": 14.051, "2007-06-30": -4.3, "2007-03-31": "3.77200", "2006-12-31": 21.341, "2006-09-30": 8.831, "2006-06-30": -19.055, "2006-03-31": "1.41600", "2005-12-31": -52.61, "2005-09-30": 4.641, "2005-06-30": -10.878, "2005-03-31": "5.84200"}, "Change In Assets/Liabilities": {"2020-09-30": 52.499, "2020-06-30": 159.065, "2020-03-31": "171.21800", "2019-12-31": -366.746, "2019-09-30": 327.315, "2019-06-30": 45.942, "2019-03-31": "34.88500", "2018-12-31": -333.056, "2018-09-30": -130.812, "2018-06-30": -49.618, "2018-03-31": "366.40000", "2017-12-31": 142.192, "2017-09-30": 4.979, "2017-06-30": -7.46, "2017-03-31": "-2.18200", "2016-12-31": 84.552, "2016-09-30": -19.065, "2016-06-30": -100.935, "2016-03-31": "52.98600", "2015-12-31": -56.265, "2015-09-30": -4.289, "2015-06-30": -13.316, "2015-03-31": "-19.46800", "2014-12-31": 1.209, "2014-09-30": -29.156, "2014-06-30": 38.446, "2014-03-31": "4.91600", "2013-12-31": -2.672, "2013-09-30": 11.761, "2013-06-30": -32.413, "2013-03-31": "26.26000", "2012-12-31": -31.073, "2012-09-30": -2.307, "2012-06-30": -10.454, "2012-03-31": "-2.17600", "2011-12-31": -25.2, "2011-09-30": -11.506, "2011-06-30": -31.275, "2011-03-31": "-3.27900", "2010-12-31": 13.393, "2010-09-30": -13.549, "2010-06-30": 43.005, "2010-03-31": "-14.45800", "2009-12-31": -71.116, "2009-09-30": 4.281, "2009-06-30": -16.311, "2009-03-31": "-141.02000", "2008-12-31": -45.322, "2008-09-30": 24.426, "2008-06-30": -72.788, "2008-03-31": "9.65700", "2007-12-31": -44.105, "2007-09-30": 20.683, "2007-06-30": -57.574, "2007-03-31": "24.35800", "2006-12-31": 96.093, "2006-09-30": -66.937, "2006-06-30": -14.205, "2006-03-31": "-2.21900", "2005-12-31": 89.787, "2005-09-30": -14.423, "2005-06-30": -32.39, "2005-03-31": "7.72000"}, "Total Change In Assets/Liabilities": {"2020-09-30": -621.891, "2020-06-30": 2372.225, "2020-03-31": "-2049.62300", "2019-12-31": 420.29, "2019-09-30": -568.007, "2019-06-30": 252.632, "2019-03-31": "-1283.23200", "2018-12-31": -346.3759, "2018-09-30": 400.1079, "2018-06-30": -932.833, "2018-03-31": "-266.47700", "2017-12-31": 289.254, "2017-09-30": -533.539, "2017-06-30": 274.464, "2017-03-31": "-284.92500", "2016-12-31": 331.1148, "2016-09-30": -795.7339, "2016-06-30": 46.3481, "2016-03-31": "-111.24900", "2015-12-31": 16.3261, "2015-09-30": 132.2499, "2015-06-30": -16.6051, "2015-03-31": "-286.11000", "2014-12-31": -115.504, "2014-09-30": -108.4901, "2014-06-30": -182.815, "2014-03-31": "-48.54400", "2013-12-31": 94.7401, "2013-09-30": 178.387, "2013-06-30": -56.816, "2013-03-31": "127.63400", "2012-12-31": 34.001, "2012-09-30": -120.3501, "2012-06-30": -23.366, "2012-03-31": "225.39800", "2011-12-31": 11.4919, "2011-09-30": -119.023, "2011-06-30": -357.958, "2011-03-31": "253.94700", "2010-12-31": 142.044, "2010-09-30": -22.2301, "2010-06-30": -101.465, "2010-03-31": "-157.88300", "2009-12-31": -104.768, "2009-09-30": 103.512, "2009-06-30": 113.1051, "2009-03-31": "-324.85200", "2008-12-31": -198.086, "2008-09-30": -12.326, "2008-06-30": -77.051, "2008-03-31": "-54.76600", "2007-12-31": -39.763, "2007-09-30": 42.5, "2007-06-30": -98.64, "2007-03-31": "32.42600", "2006-12-31": -35.115, "2006-09-30": 13.32, "2006-06-30": -98.174, "2006-03-31": "2.13200", "2005-12-31": 47.092, "2005-09-30": -8.735, "2005-06-30": -92.938, "2005-03-31": "9.71600"}, "Cash Flow From Operating Activities": {"2020-09-30": -425.933, "2020-06-30": 2529.262, "2020-03-31": "-1742.80200", "2019-12-31": 582.839, "2019-09-30": -379.479, "2019-06-30": 428.947, "2019-03-31": "-1105.98600", "2018-12-31": -162.598, "2018-09-30": 547.133, "2018-06-30": -788.204, "2018-03-31": "-148.33700", "2017-12-31": 392.131, "2017-09-30": -405.562, "2017-06-30": 397.093, "2017-03-31": "-168.73100", "2016-12-31": 399.303, "2016-09-30": -676.654, "2016-06-30": 178.348, "2016-03-31": "7.05400", "2015-12-31": 124.22, "2015-09-30": 260.744, "2015-06-30": 85.819, "2015-03-31": "-174.84800", "2014-12-31": -15.879, "2014-09-30": -4.423, "2014-06-30": -76.702, "2014-03-31": "60.37400", "2013-12-31": 167.356, "2013-09-30": 296.139, "2013-06-30": 33.407, "2013-03-31": "239.41800", "2012-12-31": 142.905, "2012-09-30": 57.479, "2012-06-30": 74.281, "2012-03-31": "316.88500", "2011-12-31": 175.303, "2011-09-30": 33.932, "2011-06-30": -239.79, "2011-03-31": "358.34300", "2010-12-31": 234.438, "2010-09-30": 115.094, "2010-06-30": 42.159, "2010-03-31": "-26.51300", "2009-12-31": -0.85, "2009-09-30": 256.925, "2009-06-30": 218.815, "2009-03-31": "-221.29800", "2008-12-31": -120.625, "2008-09-30": 132.682, "2008-06-30": 43.082, "2008-03-31": "26.92600", "2007-12-31": 63.452, "2007-09-30": 103.697, "2007-06-30": -26.303, "2007-03-31": "96.93100", "2006-12-31": 18.68, "2006-09-30": 95.529, "2006-06-30": -33.615, "2006-03-31": "65.07600", "2005-12-31": 104.457, "2005-09-30": 60.275, "2005-06-30": -29.865, "2005-03-31": "72.08100"}, "Net Change In Property, Plant, And Equipment": {"2020-09-30": 1.3189, "2020-06-30": 247.957, "2020-03-31": "45.49700", "2019-12-31": -24.804, "2019-09-30": -46.406, "2019-06-30": -88.435, "2019-03-31": "-46.31300", "2018-12-31": -51.659, "2018-09-30": 40.201, "2018-06-30": -9.694, "2018-03-31": "-15.16800", "2017-12-31": 31.39, "2017-09-30": -29.481, "2017-06-30": -19.285, "2017-03-31": "40.62200", "2016-12-31": 26.622, "2016-09-30": -106.131, "2016-06-30": 115.619, "2016-03-31": "-36.99000", "2015-12-31": 2.076, "2015-09-30": -174.458, "2015-06-30": 145.204, "2015-03-31": "-42.46800", "2014-12-31": 63.939, "2014-09-30": -94.079, "2014-06-30": -3.033, "2014-03-31": "-0.87400", "2013-12-31": 56.974, "2013-09-30": 22.198, "2013-06-30": -15.317, "2013-03-31": "-46.74200", "2012-12-31": 17.423, "2012-09-30": -1.831, "2012-06-30": 53.597, "2012-03-31": "6.96200", "2011-12-31": 27.566, "2011-09-30": -3.523, "2011-06-30": 34.286, "2011-03-31": "7.79000", "2010-12-31": -31.948, "2010-09-30": 17.484, "2010-06-30": -19.915, "2010-03-31": "8.10300", "2009-12-31": 61.662, "2009-09-30": -19.526, "2009-06-30": -5.912, "2009-03-31": "-9.58400", "2008-12-31": 2.348, "2008-09-30": 33.473, "2008-06-30": 27.928, "2008-03-31": "-24.22700", "2007-12-31": 65.509, "2007-09-30": -25.258, "2007-06-30": -18.075, "2007-03-31": "26.16500", "2006-12-31": 40.024, "2006-09-30": -10.914, "2006-06-30": -9.747, "2006-03-31": "62.36800", "2005-12-31": 38.822, "2005-09-30": -12.649, "2005-06-30": -8.124, "2005-03-31": "70.47800"}, "Net Change In Intangible Assets": {"2020-09-30": 0, "2020-06-30": 0, "2020-03-31": "", "2019-12-31": 0, "2019-09-30": 0, "2019-06-30": 0, "2019-03-31": "", "2018-12-31": 0, "2018-09-30": 0, "2018-06-30": 0, "2018-03-31": "", "2017-12-31": 0, "2017-09-30": 0, "2017-06-30": 0, "2017-03-31": "", "2016-12-31": 0, "2016-09-30": 0, "2016-06-30": 0, "2016-03-31": "", "2015-12-31": 0, "2015-09-30": 0, "2015-06-30": 0, "2015-03-31": "", "2014-12-31": 0, "2014-09-30": 0, "2014-06-30": 0, "2014-03-31": "", "2013-12-31": 0, "2013-09-30": 0, "2013-06-30": 0, "2013-03-31": "", "2012-12-31": 0, "2012-09-30": 0, "2012-06-30": 0, "2012-03-31": "", "2011-12-31": 0, "2011-09-30": 0, "2011-06-30": 0, "2011-03-31": "", "2010-12-31": -151.911, "2010-09-30": 178.569, "2010-06-30": -17.977, "2010-03-31": "-8.68100", "2009-12-31": 0, "2009-09-30": 0, "2009-06-30": 0, "2009-03-31": "", "2008-12-31": 0, "2008-09-30": 0, "2008-06-30": 0, "2008-03-31": "", "2007-12-31": 0, "2007-09-30": 0, "2007-06-30": 0, "2007-03-31": "", "2006-12-31": 0, "2006-09-30": 0, "2006-06-30": 0, "2006-03-31": "", "2005-12-31": 0, "2005-09-30": 0, "2005-06-30": 0, "2005-03-31": ""}, "Net Acquisitions/Divestitures": {"2020-09-30": 0, "2020-06-30": 0, "2020-03-31": "", "2019-12-31": 0, "2019-09-30": 0, "2019-06-30": 0, "2019-03-31": "", "2018-12-31": -161.885, "2018-09-30": 0, "2018-06-30": -13.87, "2018-03-31": "", "2017-12-31": 0, "2017-09-30": 0, "2017-06-30": 0, "2017-03-31": "", "2016-12-31": 63.717, "2016-09-30": 0, "2016-06-30": 0, "2016-03-31": "-7.70000", "2015-12-31": 0, "2015-09-30": -0.034, "2015-06-30": -18.064, "2015-03-31": "", "2014-12-31": 0, "2014-09-30": 0, "2014-06-30": -9.274, "2014-03-31": "-12.62400", "2013-12-31": -7.5, "2013-09-30": 0, "2013-06-30": 0, "2013-03-31": "", "2012-12-31": 5.056, "2012-09-30": -28.671, "2012-06-30": 0, "2012-03-31": "", "2011-12-31": 0, "2011-09-30": 0, "2011-06-30": 0, "2011-03-31": "", "2010-12-31": 0, "2010-09-30": 0, "2010-06-30": 0, "2010-03-31": "", "2009-12-31": 0, "2009-09-30": 0, "2009-06-30": 0, "2009-03-31": "", "2008-12-31": 0, "2008-09-30": 0, "2008-06-30": 0, "2008-03-31": "", "2007-12-31": -0.218, "2007-09-30": 0, "2007-06-30": -46.833, "2007-03-31": "-0.42500", "2006-12-31": 0.135, "2006-09-30": 0, "2006-06-30": 0, "2006-03-31": "", "2005-12-31": 0, "2005-09-30": 0, "2005-06-30": -29.093, "2005-03-31": ""}, "Net Change In Short-term Investments": {"2020-09-30": 0, "2020-06-30": 0, "2020-03-31": "", "2019-12-31": 0, "2019-09-30": 0, "2019-06-30": 0, "2019-03-31": "", "2018-12-31": 0, "2018-09-30": 0, "2018-06-30": 0, "2018-03-31": "", "2017-12-31": 0, "2017-09-30": 0, "2017-06-30": 0, "2017-03-31": "", "2016-12-31": 0, "2016-09-30": 0, "2016-06-30": 0, "2016-03-31": "", "2015-12-31": 0, "2015-09-30": 0, "2015-06-30": 0, "2015-03-31": "", "2014-12-31": 0, "2014-09-30": 0, "2014-06-30": 0, "2014-03-31": "", "2013-12-31": 0, "2013-09-30": 0, "2013-06-30": 0, "2013-03-31": "", "2012-12-31": 0, "2012-09-30": 0, "2012-06-30": 0, "2012-03-31": "", "2011-12-31": 0, "2011-09-30": 0, "2011-06-30": 0, "2011-03-31": "", "2010-12-31": 0, "2010-09-30": 0, "2010-06-30": 0, "2010-03-31": "", "2009-12-31": 0, "2009-09-30": 0, "2009-06-30": 0, "2009-03-31": "", "2008-12-31": 0, "2008-09-30": 0, "2008-06-30": 0, "2008-03-31": "", "2007-12-31": 0, "2007-09-30": 0, "2007-06-30": 0, "2007-03-31": "", "2006-12-31": 0, "2006-09-30": 0, "2006-06-30": 0, "2006-03-31": "", "2005-12-31": 0, "2005-09-30": 0, "2005-06-30": 0, "2005-03-31": ""}, "Net Change In Long-Term Investments": {"2020-09-30": -342.6041, "2020-06-30": 272.7871, "2020-03-31": "-1112.73600", "2019-12-31": -274.902, "2019-09-30": -445.58, "2019-06-30": -1354.974, "2019-03-31": "-56.88500", "2018-12-31": -88.2419, "2018-09-30": 66.924, "2018-06-30": 72.0139, "2018-03-31": "-17.14900", "2017-12-31": -1.975, "2017-09-30": -24.39, "2017-06-30": 140.445, "2017-03-31": "269.84500", "2016-12-31": 16.6096, "2016-09-30": -60.6608, "2016-06-30": 106.187, "2016-03-31": "288.98800", "2015-12-31": -345.158, "2015-09-30": 254.8501, "2015-06-30": 96.125, "2015-03-31": "-115.98900", "2014-12-31": 373.1199, "2014-09-30": 327.8051, "2014-06-30": 310.216, "2014-03-31": "262.59000", "2013-12-31": 133.6822, "2013-09-30": 246.4489, "2013-06-30": 135.0931, "2013-03-31": "100.39790", "2012-12-31": 105.147, "2012-09-30": -1101.751, "2012-06-30": -229.8779, "2012-03-31": "31.84790", "2011-12-31": -632.2993, "2011-09-30": -149.9438, "2011-06-30": 96.8891, "2011-03-31": "-411.31200", "2010-12-31": 147.0989, "2010-09-30": -324.0259, "2010-06-30": -256.1481, "2010-03-31": "-33.44100", "2009-12-31": -536.921, "2009-09-30": -964.8359, "2009-06-30": -82.0201, "2009-03-31": "-538.24800", "2008-12-31": -256.9084, "2008-09-30": -403.6222, "2008-06-30": -327.1228, "2008-03-31": "6.25890", "2007-12-31": -84.7181, "2007-09-30": -433.518, "2007-06-30": -308.3049, "2007-03-31": "-89.28810", "2006-12-31": 20.2939, "2006-09-30": 85.7881, "2006-06-30": 67.719, "2006-03-31": "-53.12200", "2005-12-31": -34.2179, "2005-09-30": 12.1219, "2005-06-30": -238.919, "2005-03-31": "-55.34000"}, "Net Change In Investments - Total": {"2020-09-30": -342.6041, "2020-06-30": 272.7871, "2020-03-31": "-1112.73600", "2019-12-31": -274.902, "2019-09-30": -445.58, "2019-06-30": -1354.974, "2019-03-31": "-56.88500", "2018-12-31": -88.2419, "2018-09-30": 66.924, "2018-06-30": 72.0139, "2018-03-31": "-17.14900", "2017-12-31": -1.975, "2017-09-30": -24.39, "2017-06-30": 140.445, "2017-03-31": "269.84500", "2016-12-31": 16.6096, "2016-09-30": -60.6608, "2016-06-30": 106.187, "2016-03-31": "288.98800", "2015-12-31": -345.158, "2015-09-30": 254.8501, "2015-06-30": 96.125, "2015-03-31": "-115.98900", "2014-12-31": 373.1199, "2014-09-30": 327.8051, "2014-06-30": 310.216, "2014-03-31": "262.59000", "2013-12-31": 133.6822, "2013-09-30": 246.4489, "2013-06-30": 135.0931, "2013-03-31": "100.39790", "2012-12-31": 105.147, "2012-09-30": -1101.751, "2012-06-30": -229.8779, "2012-03-31": "31.84790", "2011-12-31": -632.2993, "2011-09-30": -149.9438, "2011-06-30": 96.8891, "2011-03-31": "-411.31200", "2010-12-31": 147.0989, "2010-09-30": -324.0259, "2010-06-30": -256.1481, "2010-03-31": "-33.44100", "2009-12-31": -536.921, "2009-09-30": -964.8359, "2009-06-30": -82.0201, "2009-03-31": "-538.24800", "2008-12-31": -256.9084, "2008-09-30": -403.6222, "2008-06-30": -327.1228, "2008-03-31": "6.25890", "2007-12-31": -84.7181, "2007-09-30": -433.518, "2007-06-30": -308.3049, "2007-03-31": "-89.28810", "2006-12-31": 20.2939, "2006-09-30": 85.7881, "2006-06-30": 67.719, "2006-03-31": "-53.12200", "2005-12-31": -34.2179, "2005-09-30": 12.1219, "2005-06-30": -238.919, "2005-03-31": "-55.34000"}, "Investing Activities - Other": {"2020-09-30": 493.723, "2020-06-30": -1630.298, "2020-03-31": "-850.20900", "2019-12-31": 534.826, "2019-09-30": 88.229, "2019-06-30": -508.674, "2019-03-31": "-99.81900", "2018-12-31": -469.631, "2018-09-30": -279.209, "2018-06-30": -731.687, "2018-03-31": "-148.57600", "2017-12-31": 377.117, "2017-09-30": -279.815, "2017-06-30": -140.549, "2017-03-31": "375.63200", "2016-12-31": -81.956, "2016-09-30": 284.682, "2016-06-30": -681.636, "2016-03-31": "-213.35800", "2015-12-31": -434.589, "2015-09-30": -225.256, "2015-06-30": -666.732, "2015-03-31": "-476.81100", "2014-12-31": -626.365, "2014-09-30": -306.331, "2014-06-30": -487.091, "2014-03-31": "-232.01900", "2013-12-31": -211.105, "2013-09-30": 354.263, "2013-06-30": -590.615, "2013-03-31": "259.25100", "2012-12-31": -566.363, "2012-09-30": -255.317, "2012-06-30": 467.294, "2012-03-31": "-871.86300", "2011-12-31": 6.864, "2011-09-30": -473.256, "2011-06-30": 84.552, "2011-03-31": "-151.75700", "2010-12-31": 349.632, "2010-09-30": -230.671, "2010-06-30": 151.468, "2010-03-31": "265.02400", "2009-12-31": 274.147, "2009-09-30": 551.169, "2009-06-30": 792.229, "2009-03-31": "154.50200", "2008-12-31": -228.356, "2008-09-30": -125.17, "2008-06-30": -485.182, "2008-03-31": "-227.12700", "2007-12-31": -468.706, "2007-09-30": -58.941, "2007-06-30": -236.845, "2007-03-31": "-360.10400", "2006-12-31": -814.555, "2006-09-30": -425.912, "2006-06-30": -615.91, "2006-03-31": "-147.39900", "2005-12-31": -320.832, "2005-09-30": -401.106, "2005-06-30": -379.574, "2005-03-31": "-230.55500"}, "Cash Flow From Investing Activities": {"2020-09-30": 152.438, "2020-06-30": -1109.554, "2020-03-31": "-1917.44800", "2019-12-31": 235.12, "2019-09-30": -403.757, "2019-06-30": -1952.083, "2019-03-31": "-203.01700", "2018-12-31": -771.417, "2018-09-30": -172.084, "2018-06-30": -683.237, "2018-03-31": "-180.89300", "2017-12-31": 406.532, "2017-09-30": -333.686, "2017-06-30": -19.389, "2017-03-31": "686.09900", "2016-12-31": 24.993, "2016-09-30": 117.89, "2016-06-30": -459.83, "2016-03-31": "30.94000", "2015-12-31": -777.671, "2015-09-30": -144.898, "2015-06-30": -443.467, "2015-03-31": "-635.26800", "2014-12-31": -189.306, "2014-09-30": -72.605, "2014-06-30": -189.182, "2014-03-31": "17.07300", "2013-12-31": -27.949, "2013-09-30": 622.91, "2013-06-30": -470.839, "2013-03-31": "312.90700", "2012-12-31": -438.737, "2012-09-30": -1387.57, "2012-06-30": 291.013, "2012-03-31": "-833.05300", "2011-12-31": -597.869, "2011-09-30": -626.723, "2011-06-30": 215.727, "2011-03-31": "-555.27900", "2010-12-31": 312.872, "2010-09-30": -358.644, "2010-06-30": -142.572, "2010-03-31": "231.00500", "2009-12-31": -201.113, "2009-09-30": -433.192, "2009-06-30": 704.297, "2009-03-31": "-393.33000", "2008-12-31": -482.917, "2008-09-30": -495.319, "2008-06-30": -784.377, "2008-03-31": "-245.09500", "2007-12-31": -488.133, "2007-09-30": -517.717, "2007-06-30": -610.058, "2007-03-31": "-423.65200", "2006-12-31": -754.102, "2006-09-30": -351.038, "2006-06-30": -557.938, "2006-03-31": "-138.15300", "2005-12-31": -316.228, "2005-09-30": -401.633, "2005-06-30": -655.71, "2005-03-31": "-215.41700"}, "Net Long-Term Debt": {"2020-09-30": -867.984, "2020-06-30": -5719.18, "2020-03-31": "1747.64000", "2019-12-31": -1916.328, "2019-09-30": 58.601, "2019-06-30": 1353.702, "2019-03-31": "1614.99500", "2018-12-31": 259.935, "2018-09-30": -21.569, "2018-06-30": 512.961, "2018-03-31": "544.15700", "2017-12-31": -968.768, "2017-09-30": 893.026, "2017-06-30": -126.952, "2017-03-31": "191.78500", "2016-12-31": -1623.0141, "2016-09-30": 529.8541, "2016-06-30": 158.14, "2016-03-31": "246.60900", "2015-12-31": 761.25, "2015-09-30": 110.579, "2015-06-30": 270.719, "2015-03-31": "1283.33000", "2014-12-31": -1261.537, "2014-09-30": 1549.489, "2014-06-30": 2.174, "2014-03-31": "221.65000", "2013-12-31": -929.01, "2013-09-30": -494.651, "2013-06-30": 652.753, "2013-03-31": "659.00300", "2012-12-31": -763.5, "2012-09-30": 737.883, "2012-06-30": -580.146, "2012-03-31": "762.66500", "2011-12-31": -278.26, "2011-09-30": -456.495, "2011-06-30": 1393.398, "2011-03-31": "-1607.69400", "2010-12-31": -235.966, "2010-09-30": -617.446, "2010-06-30": -577.427, "2010-03-31": "-56.90300", "2009-12-31": -783.748, "2009-09-30": 438.397, "2009-06-30": 456.94, "2009-03-31": "-53.94200", "2008-12-31": -197.222, "2008-09-30": -510.603, "2008-06-30": 542.653, "2008-03-31": "459.93000", "2007-12-31": 168.182, "2007-09-30": 728.305, "2007-06-30": 82.143, "2007-03-31": "421.08100", "2006-12-31": 7.156, "2006-09-30": -134.974, "2006-06-30": 614.766, "2006-03-31": "63.09000", "2005-12-31": -832.813, "2005-09-30": 41.738, "2005-06-30": 576.362, "2005-03-31": "184.26900"}, "Net Current Debt": {"2020-09-30": -21.136, "2020-06-30": -84.667, "2020-03-31": "160.21100", "2019-12-31": -360.601, "2019-09-30": -201.908, "2019-06-30": 336.659, "2019-03-31": "-22.92300", "2018-12-31": 90.537, "2018-09-30": 173.085, "2018-06-30": -138.211, "2018-03-31": "-81.26400", "2017-12-31": -18.726, "2017-09-30": 92.235, "2017-06-30": -34.413, "2017-03-31": "87.86800", "2016-12-31": 106.166, "2016-09-30": 48.602, "2016-06-30": -120.698, "2016-03-31": "-73.26500", "2015-12-31": 23.439, "2015-09-30": -39.623, "2015-06-30": 65.21, "2015-03-31": "-365.89500", "2014-12-31": 328.138, "2014-09-30": 56.356, "2014-06-30": -133.595, "2014-03-31": "-6.09900", "2013-12-31": 36.707, "2013-09-30": -155.294, "2013-06-30": 5.343, "2013-03-31": "-138.46900", "2012-12-31": -118.625, "2012-09-30": -170.234, "2012-06-30": 336.013, "2012-03-31": "-363.83500", "2011-12-31": 434.717, "2011-09-30": -3.609, "2011-06-30": -723.903, "2011-03-31": "683.47900", "2010-12-31": -610.656, "2010-09-30": 531.5, "2010-06-30": 136.395, "2010-03-31": "-109.14900", "2009-12-31": 150.827, "2009-09-30": 309.672, "2009-06-30": -573.87, "2009-03-31": "403.04200", "2008-12-31": 260.003, "2008-09-30": 661.879, "2008-06-30": -733.657, "2008-03-31": "-163.32200", "2007-12-31": -106.918, "2007-09-30": -95.663, "2007-06-30": 135.172, "2007-03-31": "-108.53300", "2006-12-31": 177.351, "2006-09-30": 39.334, "2006-06-30": -33.558, "2006-03-31": "19.05200", "2005-12-31": 152.754, "2005-09-30": -258.509, "2005-06-30": 116.379, "2005-03-31": "-112.45900"}, "Debt Issuance/Retirement Net - Total": {"2020-09-30": -889.12, "2020-06-30": -5803.847, "2020-03-31": "1907.85100", "2019-12-31": -2276.929, "2019-09-30": -143.307, "2019-06-30": 1690.361, "2019-03-31": "1592.07200", "2018-12-31": 350.4721, "2018-09-30": 151.5158, "2018-06-30": 374.7501, "2018-03-31": "462.89300", "2017-12-31": -987.494, "2017-09-30": 985.261, "2017-06-30": -161.365, "2017-03-31": "279.65300", "2016-12-31": -1516.8481, "2016-09-30": 578.4561, "2016-06-30": 37.442, "2016-03-31": "173.34400", "2015-12-31": 784.689, "2015-09-30": 70.956, "2015-06-30": 335.9291, "2015-03-31": "917.43490", "2014-12-31": -933.399, "2014-09-30": 1605.845, "2014-06-30": -131.421, "2014-03-31": "215.55100", "2013-12-31": -892.3029, "2013-09-30": -649.9451, "2013-06-30": 658.096, "2013-03-31": "520.53400", "2012-12-31": -882.1251, "2012-09-30": 567.6491, "2012-06-30": -244.133, "2012-03-31": "398.83000", "2011-12-31": 156.457, "2011-09-30": -460.104, "2011-06-30": 669.495, "2011-03-31": "-924.21500", "2010-12-31": -846.622, "2010-09-30": -85.946, "2010-06-30": -441.032, "2010-03-31": "-166.05200", "2009-12-31": -632.921, "2009-09-30": 748.069, "2009-06-30": -116.93, "2009-03-31": "349.10000", "2008-12-31": 62.781, "2008-09-30": 151.276, "2008-06-30": -191.004, "2008-03-31": "296.60800", "2007-12-31": 61.264, "2007-09-30": 632.642, "2007-06-30": 217.315, "2007-03-31": "312.54800", "2006-12-31": 184.507, "2006-09-30": -95.64, "2006-06-30": 581.208, "2006-03-31": "82.14200", "2005-12-31": -680.059, "2005-09-30": -216.771, "2005-06-30": 692.741, "2005-03-31": "71.81000"}, "Net Common Equity Issued/Repurchased": {"2020-09-30": 0, "2020-06-30": 0, "2020-03-31": "-38.40200", "2019-12-31": -22.503, "2019-09-30": -25.76, "2019-06-30": -20.101, "2019-03-31": "-61.12600", "2018-12-31": -44.835, "2018-09-30": 0.134, "2018-06-30": -1.37, "2018-03-31": "-7.48200", "2017-12-31": -6.21, "2017-09-30": 2.587, "2017-06-30": 0.755, "2017-03-31": "-0.16700", "2016-12-31": -41.984, "2016-09-30": 3.141, "2016-06-30": -16.945, "2016-03-31": "1.45100", "2015-12-31": -117.866, "2015-09-30": -81.218, "2015-06-30": 3.099, "2015-03-31": "-26.84400", "2014-12-31": -1.018, "2014-09-30": 2.529, "2014-06-30": -13.031, "2014-03-31": "3.65500", "2013-12-31": 1.621, "2013-09-30": 2.066, "2013-06-30": 3.337, "2013-03-31": "9.54200", "2012-12-31": -11.526, "2012-09-30": 3.072, "2012-06-30": -0.773, "2012-03-31": "-11.33100", "2011-12-31": 5.28, "2011-09-30": -21.476, "2011-06-30": 1.336, "2011-03-31": "2.95500", "2010-12-31": 5.293, "2010-09-30": 0.372, "2010-06-30": 1.189, "2010-03-31": "1.69800", "2009-12-31": 2.606, "2009-09-30": 2.592, "2009-06-30": -1.338, "2009-03-31": "1.33800", "2008-12-31": 0.765, "2008-09-30": -2.994, "2008-06-30": 2.464, "2008-03-31": "-0.48400", "2007-12-31": 5.177, "2007-09-30": -12.662, "2007-06-30": 0.701, "2007-03-31": "3.17800", "2006-12-31": 5.578, "2006-09-30": -2.717, "2006-06-30": 0.442, "2006-03-31": "-2.75900", "2005-12-31": 7.032, "2005-09-30": 0, "2005-06-30": -1.25, "2005-03-31": "-1.18900"}, "Net Total Equity Issued/Repurchased": {"2020-09-30": 0, "2020-06-30": 0, "2020-03-31": "-38.40200", "2019-12-31": -22.503, "2019-09-30": -25.76, "2019-06-30": -20.101, "2019-03-31": "-61.12600", "2018-12-31": -44.835, "2018-09-30": 0.134, "2018-06-30": -1.37, "2018-03-31": "-7.48200", "2017-12-31": -6.21, "2017-09-30": 2.587, "2017-06-30": 0.755, "2017-03-31": "-0.16700", "2016-12-31": -41.984, "2016-09-30": 3.141, "2016-06-30": -16.945, "2016-03-31": "1.45100", "2015-12-31": -117.866, "2015-09-30": -81.218, "2015-06-30": 3.099, "2015-03-31": "-26.84400", "2014-12-31": -1.018, "2014-09-30": 2.529, "2014-06-30": -13.031, "2014-03-31": "3.65500", "2013-12-31": 1.621, "2013-09-30": 2.066, "2013-06-30": 3.337, "2013-03-31": "9.54200", "2012-12-31": 3.124, "2012-09-30": 3.072, "2012-06-30": -0.773, "2012-03-31": "-11.33100", "2011-12-31": 5.28, "2011-09-30": -21.476, "2011-06-30": 1.336, "2011-03-31": "2.95500", "2010-12-31": 5.293, "2010-09-30": 0.372, "2010-06-30": 1.189, "2010-03-31": "1.69800", "2009-12-31": 2.606, "2009-09-30": 0.816, "2009-06-30": 0.438, "2009-03-31": "1.33800", "2008-12-31": 0.765, "2008-09-30": -2.994, "2008-06-30": 2.464, "2008-03-31": "-0.48400", "2007-12-31": 5.177, "2007-09-30": -12.662, "2007-06-30": 0.701, "2007-03-31": "3.17800", "2006-12-31": 5.578, "2006-09-30": -2.717, "2006-06-30": -3.996, "2006-03-31": "1.67900", "2005-12-31": 3.227, "2005-09-30": 0.573, "2005-06-30": -0.03, "2005-03-31": "0.82300"}, "Total Common And Preferred Stock Dividends Paid": {"2020-09-30": -35.85, "2020-06-30": -35.85, "2020-03-31": "-36.14200", "2019-12-31": -36.164, "2019-09-30": -35.548, "2019-06-30": -35.732, "2019-03-31": "-36.05200", "2018-12-31": -35.885, "2018-09-30": -32.826, "2018-06-30": -29.294, "2018-03-31": "-29.18300", "2017-12-31": -29.56, "2017-09-30": -29.091, "2017-06-30": -28.742, "2017-03-31": "-28.64800", "2016-12-31": -28.623, "2016-09-30": -28.112, "2016-06-30": -28.336, "2016-03-31": "-28.38400", "2015-12-31": -28.772, "2015-09-30": -28.849, "2015-06-30": -28.933, "2015-03-31": "-28.72700", "2014-12-31": -28.819, "2014-09-30": -27.412, "2014-06-30": -27.413, "2014-03-31": "-27.38200", "2013-12-31": -27.236, "2013-09-30": -25.86, "2013-06-30": -25.843, "2013-03-31": "-25.78300", "2012-12-31": -93.316, "2012-09-30": -25.656, "2012-06-30": -25.662, "2012-03-31": "-22.34800", "2011-12-31": -22.235, "2011-09-30": -18.549, "2011-06-30": -18.683, "2011-03-31": "-16.95600", "2010-12-31": -16.861, "2010-09-30": -16.558, "2010-06-30": -16.834, "2010-03-31": "-16.30400", "2009-12-31": -16.461, "2009-09-30": -16.28, "2009-06-30": -16.184, "2009-03-31": "-15.02700", "2008-12-31": -15.357, "2008-09-30": -15.17, "2008-06-30": -15.18, "2008-03-31": "-13.48400", "2007-12-31": -13.439, "2007-09-30": -13.444, "2007-06-30": -13.452, "2007-03-31": "-10.08100", "2006-12-31": -10.036, "2006-09-30": -10.034, "2006-06-30": -10.024, "2006-03-31": "-6.69400", "2005-12-31": -6.664, "2005-09-30": -6.656, "2005-06-30": -6.649, "2005-03-31": "-0.37500"}, "Financial Activities - Other": {"2020-09-30": 957.064, "2020-06-30": 4694.684, "2020-03-31": "1541.19900", "2019-12-31": 1549.8699, "2019-09-30": 878.9481, "2019-06-30": -58.602, "2019-03-31": "-46.61400", "2018-12-31": 561.44, "2018-09-30": -706.426, "2018-06-30": -13.278, "2018-03-31": "185.38100", "2017-12-31": 67.673, "2017-09-30": -385.945, "2017-06-30": -315.149, "2017-03-31": "-538.48800", "2016-12-31": 1083.762, "2016-09-30": 215.622, "2016-06-30": 383.2, "2016-03-31": "-515.33200", "2015-12-31": 339.626, "2015-09-30": -320.011, "2015-06-30": -0.468, "2015-03-31": "83.08000", "2014-12-31": 1078.704, "2014-09-30": -286.249, "2014-06-30": 431.617, "2014-03-31": "-2.47800", "2013-12-31": 704.739, "2013-09-30": -162.712, "2013-06-30": -65.388, "2013-03-31": "-1397.24000", "2012-12-31": 1938.894, "2012-09-30": 761.257, "2012-06-30": -161.769, "2012-03-31": "-129.04200", "2011-12-31": 296.548, "2011-09-30": 955.04, "2011-06-30": -325.714, "2011-03-31": "674.13800", "2010-12-31": 384.382, "2010-09-30": 689.058, "2010-06-30": 477.631, "2010-03-31": "-13.06500", "2009-12-31": 347.2459, "2009-09-30": 283.6901, "2009-06-30": -921.928, "2009-03-31": "298.44800", "2008-12-31": 474.787, "2008-09-30": 240.704, "2008-06-30": 1043.829, "2008-03-31": "-289.36900", "2007-12-31": 577.577, "2007-09-30": -155.463, "2007-06-30": 506.007, "2007-03-31": "-202.99800", "2006-12-31": 725.368, "2006-09-30": 347.698, "2006-06-30": 31.615, "2006-03-31": "-67.08900", "2005-12-31": 980.127, "2005-09-30": 498.451, "2005-06-30": 159.463, "2005-03-31": "60.26000"}, "Cash Flow From Financial Activities": {"2020-09-30": 32.094, "2020-06-30": -1145.013, "2020-03-31": "3374.50600", "2019-12-31": -785.726, "2019-09-30": 674.333, "2019-06-30": 1575.926, "2019-03-31": "1448.28000", "2018-12-31": 831.192, "2018-09-30": -587.602, "2018-06-30": 330.808, "2018-03-31": "611.60900", "2017-12-31": -955.591, "2017-09-30": 572.812, "2017-06-30": -504.501, "2017-03-31": "-287.65000", "2016-12-31": -503.693, "2016-09-30": 769.107, "2016-06-30": 375.361, "2016-03-31": "-368.92100", "2015-12-31": 977.677, "2015-09-30": -359.122, "2015-06-30": 309.627, "2015-03-31": "944.94400", "2014-12-31": 115.468, "2014-09-30": 1294.713, "2014-06-30": 259.752, "2014-03-31": "189.34600", "2013-12-31": -213.179, "2013-09-30": -836.451, "2013-06-30": 570.202, "2013-03-31": "-892.94700", "2012-12-31": 966.577, "2012-09-30": 1306.322, "2012-06-30": -432.337, "2012-03-31": "236.10900", "2011-12-31": 436.05, "2011-09-30": 454.911, "2011-06-30": 326.434, "2011-03-31": "-264.07800", "2010-12-31": -473.808, "2010-09-30": 586.926, "2010-06-30": 20.954, "2010-03-31": "-193.72300", "2009-12-31": -299.53, "2009-09-30": 1016.295, "2009-06-30": -1054.604, "2009-03-31": "633.85900", "2008-12-31": 522.976, "2008-09-30": 373.816, "2008-06-30": 840.109, "2008-03-31": "-6.72900", "2007-12-31": 630.579, "2007-09-30": 451.073, "2007-06-30": 710.571, "2007-03-31": "102.64700", "2006-12-31": 905.417, "2006-09-30": 239.307, "2006-06-30": 598.803, "2006-03-31": "10.03800", "2005-12-31": 296.631, "2005-09-30": 275.597, "2005-06-30": 845.525, "2005-03-31": "132.51800"}, "Net Cash Flow": {"2020-09-30": -241.401, "2020-06-30": 274.695, "2020-03-31": "-285.74400", "2019-12-31": 32.233, "2019-09-30": -108.903, "2019-06-30": 52.79, "2019-03-31": "139.27700", "2018-12-31": -102.823, "2018-09-30": -212.553, "2018-06-30": -1140.633, "2018-03-31": "282.37900", "2017-12-31": -156.928, "2017-09-30": -166.436, "2017-06-30": -126.797, "2017-03-31": "229.71800", "2016-12-31": -79.397, "2016-09-30": 210.343, "2016-06-30": 93.879, "2016-03-31": "-330.92700", "2015-12-31": 324.226, "2015-09-30": -243.276, "2015-06-30": -48.021, "2015-03-31": "134.82800", "2014-12-31": -89.717, "2014-09-30": 1217.685, "2014-06-30": -6.132, "2014-03-31": "266.79300", "2013-12-31": -73.772, "2013-09-30": 82.598, "2013-06-30": 132.77, "2013-03-31": "-340.62200", "2012-12-31": 670.745, "2012-09-30": -23.769, "2012-06-30": -67.043, "2012-03-31": "-280.05900", "2011-12-31": 13.484, "2011-09-30": -137.88, "2011-06-30": 302.371, "2011-03-31": "-461.01400", "2010-12-31": 73.502, "2010-09-30": 343.376, "2010-06-30": -79.459, "2010-03-31": "10.76900", "2009-12-31": -501.493, "2009-09-30": 840.028, "2009-06-30": -131.492, "2009-03-31": "19.23100", "2008-12-31": -80.566, "2008-09-30": 11.179, "2008-06-30": 98.814, "2008-03-31": "-224.89800", "2007-12-31": 205.898, "2007-09-30": 37.053, "2007-06-30": 74.21, "2007-03-31": "-224.07400", "2006-12-31": 169.995, "2006-09-30": -16.202, "2006-06-30": 7.25, "2006-03-31": "-63.03900", "2005-12-31": 84.86, "2005-09-30": -65.761, "2005-06-30": 159.95, "2005-03-31": "-10.81800"}, "Stock-Based Compensation": {"2020-09-30": 8.754, "2020-06-30": 2.88, "2020-03-31": "3.24500", "2019-12-31": 3.924, "2019-09-30": 3.471, "2019-06-30": 2.735, "2019-03-31": "5.41400", "2018-12-31": -1.746, "2018-09-30": 4.094, "2018-06-30": -1.192, "2018-03-31": "3.07300", "2017-12-31": 6.212, "2017-09-30": 8.407, "2017-06-30": 7.38, "2017-03-31": "1.60300", "2016-12-31": 2.902, "2016-09-30": 1.839, "2016-06-30": 3.7, "2016-03-31": "2.03000", "2015-12-31": 4.276, "2015-09-30": 2.885, "2015-06-30": 3.057, "2015-03-31": "1.86500", "2014-12-31": -2.135, "2014-09-30": 5.105, "2014-06-30": 3.847, "2014-03-31": "2.86300", "2013-12-31": 2.532, "2013-09-30": 3.18, "2013-06-30": 2.108, "2013-03-31": "-0.75100", "2012-12-31": 1.696, "2012-09-30": 1.531, "2012-06-30": 2.799, "2012-03-31": "2.00400", "2011-12-31": 2.265, "2011-09-30": 2.328, "2011-06-30": 2.188, "2011-03-31": "2.61500", "2010-12-31": 1.929, "2010-09-30": 1.872, "2010-06-30": 1.886, "2010-03-31": "2.47300", "2009-12-31": 1.598, "2009-09-30": 1.514, "2009-06-30": 1.171, "2009-03-31": "1.57900", "2008-12-31": -0.299, "2008-09-30": -0.209, "2008-06-30": 2.104, "2008-03-31": "3.20200", "2007-12-31": 1.799, "2007-09-30": 1.748, "2007-06-30": 3.401, "2007-03-31": "1.53500", "2006-12-31": 2.903, "2006-09-30": 2.821, "2006-06-30": 2.422, "2006-03-31": "2.53600", "2005-12-31": 4.614, "2005-09-30": 2.425, "2005-06-30": 2.9, "2005-03-31": "-1.50800"}, "Common Stock Dividends Paid": {"2020-09-30": -35.85, "2020-06-30": -35.85, "2020-03-31": "-36.14200", "2019-12-31": -36.164, "2019-09-30": -35.548, "2019-06-30": -35.732, "2019-03-31": "-36.05200", "2018-12-31": -35.885, "2018-09-30": -32.826, "2018-06-30": -29.294, "2018-03-31": "-29.18300", "2017-12-31": -29.56, "2017-09-30": -29.091, "2017-06-30": -28.742, "2017-03-31": "-28.64800", "2016-12-31": -28.623, "2016-09-30": -28.112, "2016-06-30": -28.336, "2016-03-31": "-28.38400", "2015-12-31": -28.772, "2015-09-30": -28.849, "2015-06-30": -28.933, "2015-03-31": "-28.72700", "2014-12-31": -28.819, "2014-09-30": -27.412, "2014-06-30": -27.413, "2014-03-31": "-27.38200", "2013-12-31": -27.236, "2013-09-30": -25.86, "2013-06-30": -25.843, "2013-03-31": "-25.78300", "2012-12-31": -93.316, "2012-09-30": -25.656, "2012-06-30": -25.662, "2012-03-31": "-22.34800", "2011-12-31": -22.235, "2011-09-30": -18.549, "2011-06-30": -18.683, "2011-03-31": "-16.95600", "2010-12-31": -16.861, "2010-09-30": -16.558, "2010-06-30": -16.834, "2010-03-31": "-16.30400", "2009-12-31": -16.461, "2009-09-30": -16.28, "2009-06-30": -16.184, "2009-03-31": "-15.02700", "2008-12-31": -15.357, "2008-09-30": -15.17, "2008-06-30": -15.18, "2008-03-31": "-13.48400", "2007-12-31": -13.439, "2007-09-30": -13.444, "2007-06-30": -13.452, "2007-03-31": "-10.08100", "2006-12-31": -10.036, "2006-09-30": -10.034, "2006-06-30": -10.024, "2006-03-31": "-6.69400", "2005-12-31": -6.664, "2005-09-30": -6.656, "2005-06-30": -6.649, "2005-03-31": "-0.37500"}}, "financial ratios": {"Current Ratio": {"2019-12-31": "", "2018-12-31": "", "2017-12-31": "", "2016-12-31": "", "2015-12-31": "", "2014-12-31": "", "2013-12-31": "", "2012-12-31": "", "2011-12-31": "", "2010-12-31": "", "2009-12-31": "", "2008-12-31": "", "2007-12-31": "", "2006-12-31": "", "2005-12-31": ""}, "Long-term Debt / Capital": {"2019-12-31": "0.49680", "2018-12-31": "0.59030", "2017-12-31": "0.60010", "2016-12-31": "0.60150", "2015-12-31": "0.60780", "2014-12-31": "0.42660", "2013-12-31": "0.31240", "2012-12-31": "0.25030", "2011-12-31": "0.14520", "2010-12-31": "0.32630", "2009-12-31": "0.53220", "2008-12-31": "0.50800", "2007-12-31": "0.42420", "2006-12-31": "0.34120", "2005-12-31": "0.46730"}, "Debt/Equity Ratio": {"2019-12-31": "1.77250", "2018-12-31": "1.66970", "2017-12-31": "1.66400", "2016-12-31": "1.72920", "2015-12-31": "1.92120", "2014-12-31": "1.11690", "2013-12-31": "1.00480", "2012-12-31": "1.02010", "2011-12-31": "0.99460", "2010-12-31": "1.38260", "2009-12-31": "2.25020", "2008-12-31": "2.66580", "2007-12-31": "2.40400", "2006-12-31": "1.90800", "2005-12-31": "1.76800"}, "Gross Margin": {"2019-12-31": "", "2018-12-31": "", "2017-12-31": "", "2016-12-31": "", "2015-12-31": "", "2014-12-31": "", "2013-12-31": "", "2012-12-31": "", "2011-12-31": "", "2010-12-31": "", "2009-12-31": "", "2008-12-31": "", "2007-12-31": "", "2006-12-31": "", "2005-12-31": ""}, "Operating Margin": {"2019-12-31": "", "2018-12-31": "", "2017-12-31": "", "2016-12-31": "", "2015-12-31": "", "2014-12-31": "", "2013-12-31": "", "2012-12-31": "", "2011-12-31": "", "2010-12-31": "", "2009-12-31": "", "2008-12-31": "", "2007-12-31": "", "2006-12-31": "", "2005-12-31": ""}, "EBIT Margin": {"2019-12-31": "", "2018-12-31": "", "2017-12-31": "", "2016-12-31": "", "2015-12-31": "", "2014-12-31": "", "2013-12-31": "", "2012-12-31": "", "2011-12-31": "", "2010-12-31": "", "2009-12-31": "", "2008-12-31": "", "2007-12-31": "", "2006-12-31": "", "2005-12-31": ""}, "EBITDA Margin": {"2019-12-31": "", "2018-12-31": "", "2017-12-31": "", "2016-12-31": "", "2015-12-31": "", "2014-12-31": "", "2013-12-31": "", "2012-12-31": "", "2011-12-31": "", "2010-12-31": "", "2009-12-31": "", "2008-12-31": "", "2007-12-31": "", "2006-12-31": "", "2005-12-31": ""}, "Pre-Tax Profit Margin": {"2019-12-31": "35.77870", "2018-12-31": "35.48360", "2017-12-31": "33.57170", "2016-12-31": "24.97020", "2015-12-31": "32.50730", "2014-12-31": "34.15530", "2013-12-31": "36.44420", "2012-12-31": "39.24620", "2011-12-31": "36.52030", "2010-12-31": "33.12480", "2009-12-31": "30.84220", "2008-12-31": "24.12260", "2007-12-31": "36.93550", "2006-12-31": "39.00450", "2005-12-31": "40.15330"}, "Net Profit Margin": {"2019-12-31": "28.39970", "2018-12-31": "27.96380", "2017-12-31": "21.67670", "2016-12-31": "17.15530", "2015-12-31": "21.47720", "2014-12-31": "22.46790", "2013-12-31": "23.93750", "2012-12-31": "25.38930", "2011-12-31": "23.28670", "2010-12-31": "21.99290", "2009-12-31": "19.82820", "2008-12-31": "17.55250", "2007-12-31": "23.87340", "2006-12-31": "25.35720", "2005-12-31": "25.65940"}, "Asset Turnover": {"2019-12-31": "0.04180", "2018-12-31": "0.04190", "2017-12-31": "0.04780", "2016-12-31": "0.04140", "2015-12-31": "0.04220", "2014-12-31": "0.04420", "2013-12-31": "0.04900", "2012-12-31": "0.04910", "2011-12-31": "0.04820", "2010-12-31": "0.04690", "2009-12-31": "0.04280", "2008-12-31": "0.03840", "2007-12-31": "0.04410", "2006-12-31": "0.04650", "2005-12-31": "0.04800"}, "Inventory Turnover Ratio": {"2019-12-31": "", "2018-12-31": "", "2017-12-31": "", "2016-12-31": "", "2015-12-31": "", "2014-12-31": "", "2013-12-31": "", "2012-12-31": "", "2011-12-31": "", "2010-12-31": "", "2009-12-31": "", "2008-12-31": "", "2007-12-31": "", "2006-12-31": "", "2005-12-31": ""}, "Receiveable Turnover": {"2019-12-31": "", "2018-12-31": "", "2017-12-31": "", "2016-12-31": "", "2015-12-31": "", "2014-12-31": "", "2013-12-31": "", "2012-12-31": "", "2011-12-31": "", "2010-12-31": "", "2009-12-31": "", "2008-12-31": "", "2007-12-31": "", "2006-12-31": "", "2005-12-31": ""}, "Days Sales In Receivables": {"2019-12-31": "", "2018-12-31": "", "2017-12-31": "", "2016-12-31": "", "2015-12-31": "", "2014-12-31": "", "2013-12-31": "", "2012-12-31": "", "2011-12-31": "", "2010-12-31": "", "2009-12-31": "", "2008-12-31": "", "2007-12-31": "", "2006-12-31": "", "2005-12-31": ""}, "ROE - Return On Equity": {"2019-12-31": "10.29390", "2018-12-31": "10.04770", "2017-12-31": "9.54100", "2016-12-31": "7.02530", "2015-12-31": "8.94400", "2014-12-31": "8.85670", "2013-12-31": "10.43970", "2012-12-31": "11.82910", "2011-12-31": "10.40040", "2010-12-31": "9.76050", "2009-12-31": "9.16770", "2008-12-31": "7.83180", "2007-12-31": "11.41870", "2006-12-31": "12.37500", "2005-12-31": "13.09190"}, "Return On Tangible Equity": {"2019-12-31": "14.35170", "2018-12-31": "14.88240", "2017-12-31": "12.03440", "2016-12-31": "9.06120", "2015-12-31": "11.15640", "2014-12-31": "10.73660", "2013-12-31": "12.66950", "2012-12-31": "14.14970", "2011-12-31": "12.31170", "2010-12-31": "11.94440", "2009-12-31": "11.35120", "2008-12-31": "10.00450", "2007-12-31": "14.76240", "2006-12-31": "15.24510", "2005-12-31": "16.48930"}, "ROA - Return On Assets": {"2019-12-31": "1.18720", "2018-12-31": "1.17420", "2017-12-31": "1.04020", "2016-12-31": "0.70880", "2015-12-31": "0.92850", "2014-12-31": "1.01580", "2013-12-31": "1.18060", "2012-12-31": "1.25810", "2011-12-31": "1.13680", "2010-12-31": "1.03710", "2009-12-31": "0.86750", "2008-12-31": "0.64080", "2007-12-31": "1.06930", "2006-12-31": "1.17930", "2005-12-31": "1.23420"}, "ROI - Return On Investment": {"2019-12-31": "5.17940", "2018-12-31": "4.11700", "2017-12-31": "3.81550", "2016-12-31": "2.79960", "2015-12-31": "3.50770", "2014-12-31": "5.07870", "2013-12-31": "7.17810", "2012-12-31": "8.86840", "2011-12-31": "8.89030", "2010-12-31": "6.57530", "2009-12-31": "4.28850", "2008-12-31": "3.85340", "2007-12-31": "6.57490", "2006-12-31": "8.15210", "2005-12-31": "6.97390"}, "Book Value Per Share": {"2019-12-31": "68.91360", "2018-12-31": "61.60370", "2017-12-31": "53.80130", "2016-12-31": "50.60470", "2015-12-31": "49.58930", "2014-12-31": "48.27110", "2013-12-31": "44.36630", "2012-12-31": "43.81400", "2011-12-31": "40.88820", "2010-12-31": "37.29590", "2009-12-31": "32.82120", "2008-12-31": "27.56820", "2007-12-31": "28.75500", "2006-12-31": "25.66090", "2005-12-31": "22.73430"}, "Operating Cash Flow Per Share": {"2019-12-31": 1.5906, "2018-12-31": -11.5972, "2017-12-31": 4.728, "2016-12-31": -5.7833, "2015-12-31": 4.9062, "2014-12-31": -11.3299, "2013-12-31": 2.0917, "2012-12-31": 3.8861, "2011-12-31": -0.5659, "2010-12-31": 1.626, "2009-12-31": 2.5411, "2008-12-31": -2.3051, "2007-12-31": 1.3574, "2006-12-31": -0.9224, "2005-12-31": 3.0866}, "Free Cash Flow Per Share": {"2019-12-31": -0.7735, "2018-12-31": -12.5007, "2017-12-31": 5.1002, "2016-12-31": -4.7679, "2015-12-31": 4.374, "2014-12-31": -12.0775, "2013-12-31": 1.2222, "2012-12-31": 4.0348, "2011-12-31": 0.7932, "2010-12-31": 0.8439, "2009-12-31": 2.35, "2008-12-31": -2.4352, "2007-12-31": 0.8591, "2006-12-31": -1.0286, "2005-12-31": 4.407}}, "financial ratios, quarterly": {"Current Ratio": {"2020-09-30": "", "2020-06-30": "", "2020-03-31": "", "2019-12-31": "", "2019-09-30": "", "2019-06-30": "", "2019-03-31": "", "2018-12-31": "", "2018-09-30": "", "2018-06-30": "", "2018-03-31": "", "2017-12-31": "", "2017-09-30": "", "2017-06-30": "", "2017-03-31": "", "2016-12-31": "", "2016-09-30": "", "2016-06-30": "", "2016-03-31": "", "2015-12-31": "", "2015-09-30": "", "2015-06-30": "", "2015-03-31": "", "2014-12-31": "", "2014-09-30": "", "2014-06-30": "", "2014-03-31": "", "2013-12-31": "", "2013-09-30": "", "2013-06-30": "", "2013-03-31": "", "2012-12-31": "", "2012-09-30": "", "2012-06-30": "", "2012-03-31": "", "2011-12-31": "", "2011-09-30": "", "2011-06-30": "", "2011-03-31": "", "2010-12-31": "", "2010-09-30": "", "2010-06-30": "", "2010-03-31": "", "2009-12-31": "", "2009-09-30": "", "2009-06-30": "", "2009-03-31": "", "2008-12-31": "", "2008-09-30": "", "2008-06-30": "", "2008-03-31": "", "2007-12-31": "", "2007-09-30": "", "2007-06-30": "", "2007-03-31": "", "2006-12-31": "", "2006-09-30": "", "2006-06-30": "", "2006-03-31": "", "2005-12-31": "", "2005-09-30": "", "2005-06-30": "", "2005-03-31": ""}, "Long-term Debt / Capital": {"2020-09-30": "0.36830", "2020-06-30": "0.40330", "2020-03-31": "0.53560", "2019-12-31": "0.49680", "2019-09-30": "0.59470", "2019-06-30": "0.63190", "2019-03-31": "0.62700", "2018-12-31": "0.59030", "2018-09-30": "0.62990", "2018-06-30": "0.62940", "2018-03-31": "0.62540", "2017-12-31": "0.60010", "2017-09-30": "0.64500", "2017-06-30": "0.60920", "2017-03-31": "0.61500", "2016-12-31": "0.60150", "2016-09-30": "0.66050", "2016-06-30": "0.64570", "2016-03-31": "0.63580", "2015-12-31": "0.60780", "2015-09-30": "0.58730", "2015-06-30": "0.57190", "2015-03-31": "0.54590", "2014-12-31": "0.42660", "2014-09-30": "0.53900", "2014-06-30": "0.32720", "2014-03-31": "0.30490", "2013-12-31": "0.31240", "2013-09-30": "0.41920", "2013-06-30": "0.48600", "2013-03-31": "0.40570", "2012-12-31": "0.25030", "2012-09-30": "0.24680", "2012-06-30": "0.12340", "2012-03-31": "0.17380", "2011-12-31": "0.14520", "2011-09-30": "0.14760", "2011-06-30": "0.16930", "2011-03-31": "0.14360", "2010-12-31": "0.32630", "2010-09-30": "0.40280", "2010-06-30": "0.46240", "2010-03-31": "0.49740", "2009-12-31": "0.53220", "2009-09-30": "0.61950", "2009-06-30": "0.55250", "2009-03-31": "0.57890", "2008-12-31": "0.50800", "2008-09-30": "0.42960", "2008-06-30": "0.56540", "2008-03-31": "0.52240", "2007-12-31": "0.42420", "2007-09-30": "0.41160", "2007-06-30": "0.44440", "2007-03-31": "0.39190", "2006-12-31": "0.34120", "2006-09-30": "0.34840", "2006-06-30": "0.39140", "2006-03-31": "0.41860", "2005-12-31": "0.46730", "2005-09-30": "0.47100", "2005-06-30": "0.47830", "2005-03-31": "0.41940"}, "Debt/Equity Ratio": {"2020-09-30": "0.76940", "2020-06-30": "0.94180", "2020-03-31": "2.06380", "2019-12-31": "1.77250", "2019-09-30": "2.17280", "2019-06-30": "2.21080", "2019-03-31": "1.99850", "2018-12-31": "1.66970", "2018-09-30": "1.91990", "2018-06-30": "1.94470", "2018-03-31": "1.82470", "2017-12-31": "1.66400", "2017-09-30": "1.92820", "2017-06-30": "1.69340", "2017-03-31": "1.76200", "2016-12-31": "1.72920", "2016-09-30": "2.12440", "2016-06-30": "1.97840", "2016-03-31": "1.95250", "2015-12-31": "1.92120", "2015-09-30": "1.60400", "2015-06-30": "1.56330", "2015-03-31": "1.48630", "2014-12-31": "1.11690", "2014-09-30": "1.50840", "2014-06-30": "1.03380", "2014-03-31": "1.05670", "2013-12-31": "1.00480", "2013-09-30": "1.30810", "2013-06-30": "1.47740", "2013-03-31": "1.22740", "2012-12-31": "1.02010", "2012-09-30": "1.25440", "2012-06-30": "1.02820", "2012-03-31": "1.23850", "2011-12-31": "0.99460", "2011-09-30": "1.08570", "2011-06-30": "1.24930", "2011-03-31": "0.73540", "2010-12-31": "1.38260", "2010-09-30": "1.48660", "2010-06-30": "1.78460", "2010-03-31": "2.12190", "2009-12-31": "2.25020", "2009-09-30": "2.63030", "2009-06-30": "2.59280", "2009-03-31": "2.51860", "2008-12-31": "2.66580", "2008-09-30": "2.63650", "2008-06-30": "2.88980", "2008-03-31": "2.54650", "2007-12-31": "2.40400", "2007-09-30": "2.40990", "2007-06-30": "2.10800", "2007-03-31": "2.05230", "2006-12-31": "1.90800", "2006-09-30": "1.94050", "2006-06-30": "2.14210", "2006-03-31": "1.77890", "2005-12-31": "1.76800", "2005-09-30": "2.35310", "2005-06-30": "2.37820", "2005-03-31": "2.06850"}, "Gross Margin": {"2020-09-30": "", "2020-06-30": "", "2020-03-31": "", "2019-12-31": "", "2019-09-30": "", "2019-06-30": "", "2019-03-31": "", "2018-12-31": "", "2018-09-30": "", "2018-06-30": "", "2018-03-31": "", "2017-12-31": "", "2017-09-30": "", "2017-06-30": "", "2017-03-31": "", "2016-12-31": "", "2016-09-30": "", "2016-06-30": "", "2016-03-31": "", "2015-12-31": "", "2015-09-30": "", "2015-06-30": "", "2015-03-31": "", "2014-12-31": "", "2014-09-30": "", "2014-06-30": "", "2014-03-31": "", "2013-12-31": "", "2013-09-30": "", "2013-06-30": "", "2013-03-31": "", "2012-12-31": "", "2012-09-30": "", "2012-06-30": "", "2012-03-31": "", "2011-12-31": "", "2011-09-30": "", "2011-06-30": "", "2011-03-31": "", "2010-12-31": "", "2010-09-30": "", "2010-06-30": "", "2010-03-31": "", "2009-12-31": "", "2009-09-30": "", "2009-06-30": "", "2009-03-31": "", "2008-12-31": "", "2008-09-30": "", "2008-06-30": "", "2008-03-31": "", "2007-12-31": "", "2007-09-30": "", "2007-06-30": "", "2007-03-31": "", "2006-12-31": "", "2006-09-30": "", "2006-06-30": "", "2006-03-31": "", "2005-12-31": "", "2005-09-30": "", "2005-06-30": "", "2005-03-31": ""}, "Operating Margin": {"2020-09-30": "", "2020-06-30": "", "2020-03-31": "", "2019-12-31": "", "2019-09-30": "", "2019-06-30": "", "2019-03-31": "", "2018-12-31": "", "2018-09-30": "", "2018-06-30": "", "2018-03-31": "", "2017-12-31": "", "2017-09-30": "", "2017-06-30": "", "2017-03-31": "", "2016-12-31": "", "2016-09-30": "", "2016-06-30": "", "2016-03-31": "", "2015-12-31": "", "2015-09-30": "", "2015-06-30": "", "2015-03-31": "", "2014-12-31": "", "2014-09-30": "", "2014-06-30": "", "2014-03-31": "", "2013-12-31": "", "2013-09-30": "", "2013-06-30": "", "2013-03-31": "", "2012-12-31": "", "2012-09-30": "", "2012-06-30": "", "2012-03-31": "", "2011-12-31": "", "2011-09-30": "", "2011-06-30": "", "2011-03-31": "", "2010-12-31": "", "2010-09-30": "", "2010-06-30": "", "2010-03-31": "", "2009-12-31": "", "2009-09-30": "", "2009-06-30": "", "2009-03-31": "", "2008-12-31": "", "2008-09-30": "", "2008-06-30": "", "2008-03-31": "", "2007-12-31": "", "2007-09-30": "", "2007-06-30": "", "2007-03-31": "", "2006-12-31": "", "2006-09-30": "", "2006-06-30": "", "2006-03-31": "", "2005-12-31": "", "2005-09-30": "", "2005-06-30": "", "2005-03-31": ""}, "EBIT Margin": {"2020-09-30": "", "2020-06-30": "", "2020-03-31": "", "2019-12-31": "", "2019-09-30": "", "2019-06-30": "", "2019-03-31": "", "2018-12-31": "", "2018-09-30": "", "2018-06-30": "", "2018-03-31": "", "2017-12-31": "", "2017-09-30": "", "2017-06-30": "", "2017-03-31": "", "2016-12-31": "", "2016-09-30": "", "2016-06-30": "", "2016-03-31": "", "2015-12-31": "", "2015-09-30": "", "2015-06-30": "", "2015-03-31": "", "2014-12-31": "", "2014-09-30": "", "2014-06-30": "", "2014-03-31": "", "2013-12-31": "", "2013-09-30": "", "2013-06-30": "", "2013-03-31": "", "2012-12-31": "", "2012-09-30": "", "2012-06-30": "", "2012-03-31": "", "2011-12-31": "", "2011-09-30": "", "2011-06-30": "", "2011-03-31": "", "2010-12-31": "", "2010-09-30": "", "2010-06-30": "", "2010-03-31": "", "2009-12-31": "", "2009-09-30": "", "2009-06-30": "", "2009-03-31": "", "2008-12-31": "", "2008-09-30": "", "2008-06-30": "", "2008-03-31": "", "2007-12-31": "", "2007-09-30": "", "2007-06-30": "", "2007-03-31": "", "2006-12-31": "", "2006-09-30": "", "2006-06-30": "", "2006-03-31": "", "2005-12-31": "", "2005-09-30": "", "2005-06-30": "", "2005-03-31": ""}, "EBITDA Margin": {"2020-09-30": "", "2020-06-30": "", "2020-03-31": "", "2019-12-31": "", "2019-09-30": "", "2019-06-30": "", "2019-03-31": "", "2018-12-31": "", "2018-09-30": "", "2018-06-30": "", "2018-03-31": "", "2017-12-31": "", "2017-09-30": "", "2017-06-30": "", "2017-03-31": "", "2016-12-31": "", "2016-09-30": "", "2016-06-30": "", "2016-03-31": "", "2015-12-31": "", "2015-09-30": "", "2015-06-30": "", "2015-03-31": "", "2014-12-31": "", "2014-09-30": "", "2014-06-30": "", "2014-03-31": "", "2013-12-31": "", "2013-09-30": "", "2013-06-30": "", "2013-03-31": "", "2012-12-31": "", "2012-09-30": "", "2012-06-30": "", "2012-03-31": "", "2011-12-31": "", "2011-09-30": "", "2011-06-30": "", "2011-03-31": "", "2010-12-31": "", "2010-09-30": "", "2010-06-30": "", "2010-03-31": "", "2009-12-31": "", "2009-09-30": "", "2009-06-30": "", "2009-03-31": "", "2008-12-31": "", "2008-09-30": "", "2008-06-30": "", "2008-03-31": "", "2007-12-31": "", "2007-09-30": "", "2007-06-30": "", "2007-03-31": "", "2006-12-31": "", "2006-09-30": "", "2006-06-30": "", "2006-03-31": "", "2005-12-31": "", "2005-09-30": "", "2005-06-30": "", "2005-03-31": ""}, "Pre-Tax Profit Margin": {"2020-09-30": "40.45080", "2020-06-30": "21.33000", "2020-03-31": "22.78880", "2019-12-31": "32.81240", "2019-09-30": "38.42040", "2019-06-30": "38.75390", "2019-03-31": "32.80870", "2018-12-31": "31.10270", "2018-09-30": "37.59830", "2018-06-30": "37.59490", "2018-03-31": "35.79880", "2017-12-31": "32.43210", "2017-09-30": "32.53180", "2017-06-30": "35.24810", "2017-03-31": "34.12500", "2016-12-31": "21.42460", "2016-09-30": "29.32120", "2016-06-30": "27.79490", "2016-03-31": "20.46520", "2015-12-31": "28.03120", "2015-09-30": "32.86110", "2015-06-30": "34.74070", "2015-03-31": "34.00160", "2014-12-31": "29.75740", "2014-09-30": "33.13460", "2014-06-30": "35.37570", "2014-03-31": "38.62270", "2013-12-31": "34.81220", "2013-09-30": "34.24510", "2013-06-30": "36.51390", "2013-03-31": "40.02950", "2012-12-31": "37.53390", "2012-09-30": "37.53990", "2012-06-30": "40.62870", "2012-03-31": "41.40680", "2011-12-31": "37.28690", "2011-09-30": "36.80950", "2011-06-30": "35.33750", "2011-03-31": "36.71280", "2010-12-31": "33.94740", "2010-09-30": "31.24220", "2010-06-30": "32.15690", "2010-03-31": "35.62910", "2009-12-31": "27.69600", "2009-09-30": "30.48450", "2009-06-30": "31.45360", "2009-03-31": "33.65510", "2008-12-31": "17.54210", "2008-09-30": "32.64680", "2008-06-30": "-3.40330", "2008-03-31": "38.67540", "2007-12-31": "33.93270", "2007-09-30": "37.49670", "2007-06-30": "38.26360", "2007-03-31": "38.30250", "2006-12-31": "36.81100", "2006-09-30": "35.82730", "2006-06-30": "41.33900", "2006-03-31": "42.28100", "2005-12-31": "37.82470", "2005-09-30": "40.19940", "2005-06-30": "38.56440", "2005-03-31": "44.40330"}, "Net Profit Margin": {"2020-09-30": "30.26160", "2020-06-30": "17.22960", "2020-03-31": "17.74490", "2019-12-31": "26.06940", "2019-09-30": "31.16690", "2019-06-30": "30.40090", "2019-03-31": "25.68820", "2018-12-31": "26.48440", "2018-09-30": "28.72710", "2018-06-30": "28.95780", "2018-03-31": "27.72660", "2017-12-31": "18.55440", "2017-09-30": "21.72940", "2017-06-30": "22.75020", "2017-03-31": "23.78500", "2016-12-31": "15.20480", "2016-09-30": "20.34120", "2016-06-30": "18.66420", "2016-03-31": "13.77970", "2015-12-31": "18.89870", "2015-09-30": "22.11690", "2015-06-30": "22.49500", "2015-03-31": "22.18140", "2014-12-31": "19.54830", "2014-09-30": "22.52640", "2014-06-30": "22.57740", "2014-03-31": "25.39590", "2013-12-31": "22.87730", "2013-09-30": "23.43150", "2013-06-30": "23.80170", "2013-03-31": "25.57590", "2012-12-31": "24.81360", "2012-09-30": "24.46940", "2012-06-30": "25.73100", "2012-03-31": "26.66080", "2011-12-31": "24.16100", "2011-09-30": "24.18940", "2011-06-30": "21.78060", "2011-03-31": "22.97220", "2010-12-31": "22.14110", "2010-09-30": "21.53810", "2010-06-30": "20.92900", "2010-03-31": "23.64120", "2009-12-31": "17.19240", "2009-09-30": "19.70360", "2009-06-30": "20.32370", "2009-03-31": "22.02190", "2008-12-31": "15.75990", "2008-09-30": "23.23890", "2008-06-30": "-0.75380", "2008-03-31": "24.89100", "2007-12-31": "21.42940", "2007-09-30": "24.76990", "2007-06-30": "24.79150", "2007-03-31": "24.65500", "2006-12-31": "23.85550", "2006-09-30": "24.34500", "2006-06-30": "26.41040", "2006-03-31": "26.92130", "2005-12-31": "23.97780", "2005-09-30": "25.97100", "2005-06-30": "24.60400", "2005-03-31": "28.32930"}, "Asset Turnover": {"2020-09-30": "0.01100", "2020-06-30": "0.00820", "2020-03-31": "0.00740", "2019-12-31": "0.01020", "2019-09-30": "0.01050", "2019-06-30": "0.01080", "2019-03-31": "0.01070", "2018-12-31": "0.01090", "2018-09-30": "0.01220", "2018-06-30": "0.01170", "2018-03-31": "0.01140", "2017-12-31": "0.01210", "2017-09-30": "0.01190", "2017-06-30": "0.01200", "2017-03-31": "0.01140", "2016-12-31": "0.01030", "2016-09-30": "0.01110", "2016-06-30": "0.01090", "2016-03-31": "0.00970", "2015-12-31": "0.00990", "2015-09-30": "0.01090", "2015-06-30": "0.01130", "2015-03-31": "0.01100", "2014-12-31": "0.01110", "2014-09-30": "0.01140", "2014-06-30": "0.01190", "2014-03-31": "0.01100", "2013-12-31": "0.01220", "2013-09-30": "0.01180", "2013-06-30": "0.01190", "2013-03-31": "0.01240", "2012-12-31": "0.01210", "2012-09-30": "0.01310", "2012-06-30": "0.01470", "2012-03-31": "0.01200", "2011-12-31": "0.01110", "2011-09-30": "0.01390", "2011-06-30": "0.01300", "2011-03-31": "0.01190", "2010-12-31": "0.01110", "2010-09-30": "0.01220", "2010-06-30": "0.01280", "2010-03-31": "0.01080", "2009-12-31": "0.01040", "2009-09-30": "0.01080", "2009-06-30": "0.01130", "2009-03-31": "0.01070", "2008-12-31": "0.00990", "2008-09-30": "0.01090", "2008-06-30": "0.00690", "2008-03-31": "0.01180", "2007-12-31": "0.01160", "2007-09-30": "0.01220", "2007-06-30": "0.01130", "2007-03-31": "0.01180", "2006-12-31": "0.01170", "2006-09-30": "0.01260", "2006-06-30": "0.01230", "2006-03-31": "0.01250", "2005-12-31": "0.01220", "2005-09-30": "0.01200", "2005-06-30": "0.01330", "2005-03-31": "0.01260"}, "Inventory Turnover Ratio": {"2020-09-30": "", "2020-06-30": "", "2020-03-31": "", "2019-12-31": "", "2019-09-30": "", "2019-06-30": "", "2019-03-31": "", "2018-12-31": "", "2018-09-30": "", "2018-06-30": "", "2018-03-31": "", "2017-12-31": "", "2017-09-30": "", "2017-06-30": "", "2017-03-31": "", "2016-12-31": "", "2016-09-30": "", "2016-06-30": "", "2016-03-31": "", "2015-12-31": "", "2015-09-30": "", "2015-06-30": "", "2015-03-31": "", "2014-12-31": "", "2014-09-30": "", "2014-06-30": "", "2014-03-31": "", "2013-12-31": "", "2013-09-30": "", "2013-06-30": "", "2013-03-31": "", "2012-12-31": "", "2012-09-30": "", "2012-06-30": "", "2012-03-31": "", "2011-12-31": "", "2011-09-30": "", "2011-06-30": "", "2011-03-31": "", "2010-12-31": "", "2010-09-30": "", "2010-06-30": "", "2010-03-31": "", "2009-12-31": "", "2009-09-30": "", "2009-06-30": "", "2009-03-31": "", "2008-12-31": "", "2008-09-30": "", "2008-06-30": "", "2008-03-31": "", "2007-12-31": "", "2007-09-30": "", "2007-06-30": "", "2007-03-31": "", "2006-12-31": "", "2006-09-30": "", "2006-06-30": "", "2006-03-31": "", "2005-12-31": "", "2005-09-30": "", "2005-06-30": "", "2005-03-31": ""}, "Receiveable Turnover": {"2020-09-30": "", "2020-06-30": "", "2020-03-31": "", "2019-12-31": "", "2019-09-30": "", "2019-06-30": "", "2019-03-31": "", "2018-12-31": "", "2018-09-30": "", "2018-06-30": "", "2018-03-31": "", "2017-12-31": "", "2017-09-30": "", "2017-06-30": "", "2017-03-31": "", "2016-12-31": "", "2016-09-30": "", "2016-06-30": "", "2016-03-31": "", "2015-12-31": "", "2015-09-30": "", "2015-06-30": "", "2015-03-31": "", "2014-12-31": "", "2014-09-30": "", "2014-06-30": "", "2014-03-31": "", "2013-12-31": "", "2013-09-30": "", "2013-06-30": "", "2013-03-31": "", "2012-12-31": "", "2012-09-30": "", "2012-06-30": "", "2012-03-31": "", "2011-12-31": "", "2011-09-30": "", "2011-06-30": "", "2011-03-31": "", "2010-12-31": "", "2010-09-30": "", "2010-06-30": "", "2010-03-31": "", "2009-12-31": "", "2009-09-30": "", "2009-06-30": "", "2009-03-31": "", "2008-12-31": "", "2008-09-30": "", "2008-06-30": "", "2008-03-31": "", "2007-12-31": "", "2007-09-30": "", "2007-06-30": "", "2007-03-31": "", "2006-12-31": "", "2006-09-30": "", "2006-06-30": "", "2006-03-31": "", "2005-12-31": "", "2005-09-30": "", "2005-06-30": "", "2005-03-31": ""}, "Days Sales In Receivables": {"2020-09-30": "", "2020-06-30": "", "2020-03-31": "", "2019-12-31": "", "2019-09-30": "", "2019-06-30": "", "2019-03-31": "", "2018-12-31": "", "2018-09-30": "", "2018-06-30": "", "2018-03-31": "", "2017-12-31": "", "2017-09-30": "", "2017-06-30": "", "2017-03-31": "", "2016-12-31": "", "2016-09-30": "", "2016-06-30": "", "2016-03-31": "", "2015-12-31": "", "2015-09-30": "", "2015-06-30": "", "2015-03-31": "", "2014-12-31": "", "2014-09-30": "", "2014-06-30": "", "2014-03-31": "", "2013-12-31": "", "2013-09-30": "", "2013-06-30": "", "2013-03-31": "", "2012-12-31": "", "2012-09-30": "", "2012-06-30": "", "2012-03-31": "", "2011-12-31": "", "2011-09-30": "", "2011-06-30": "", "2011-03-31": "", "2010-12-31": "", "2010-09-30": "", "2010-06-30": "", "2010-03-31": "", "2009-12-31": "", "2009-09-30": "", "2009-06-30": "", "2009-03-31": "", "2008-12-31": "", "2008-09-30": "", "2008-06-30": "", "2008-03-31": "", "2007-12-31": "", "2007-09-30": "", "2007-06-30": "", "2007-03-31": "", "2006-12-31": "", "2006-09-30": "", "2006-06-30": "", "2006-03-31": "", "2005-12-31": "", "2005-09-30": "", "2005-06-30": "", "2005-03-31": ""}, "ROE - Return On Equity": {"2020-09-30": "2.94850", "2020-06-30": "1.25940", "2020-03-31": "1.23130", "2019-12-31": "2.27760", "2019-09-30": "2.93240", "2019-06-30": "2.92000", "2019-03-31": "2.43320", "2018-12-31": "2.43930", "2018-09-30": "3.24190", "2018-06-30": "3.22020", "2018-03-31": "2.99510", "2017-12-31": "2.05680", "2017-09-30": "2.44110", "2017-06-30": "2.57620", "2017-03-31": "2.63030", "2016-12-31": "1.50950", "2016-09-30": "2.18830", "2016-06-30": "1.94760", "2016-03-31": "1.22120", "2015-12-31": "1.86910", "2015-09-30": "2.21930", "2015-06-30": "2.35210", "2015-03-31": "2.21500", "2014-12-31": "1.96570", "2014-09-30": "2.32280", "2014-06-30": "2.36260", "2014-03-31": "2.45000", "2013-12-31": "2.41970", "2013-09-30": "2.51280", "2013-06-30": "2.66930", "2013-03-31": "2.92200", "2012-12-31": "2.79310", "2012-09-30": "2.91630", "2012-06-30": "3.40300", "2012-03-31": "2.89830", "2011-12-31": "2.43680", "2011-09-30": "3.08790", "2011-06-30": "2.66310", "2011-03-31": "2.49320", "2010-12-31": "2.32350", "2010-09-30": "2.50750", "2010-06-30": "2.67580", "2010-03-31": "2.58680", "2009-12-31": "1.92350", "2009-09-30": "2.43230", "2009-06-30": "2.53320", "2009-03-31": "2.83990", "2008-12-31": "1.56380", "2008-09-30": "2.89190", "2008-06-30": "-0.12130", "2008-03-31": "3.09640", "2007-12-31": "2.81560", "2007-09-30": "3.20290", "2007-06-30": "2.99920", "2007-03-31": "2.95600", "2006-12-31": "2.93920", "2006-09-30": "3.15340", "2006-06-30": "3.47340", "2006-03-31": "3.49730", "2005-12-31": "3.12890", "2005-09-30": "3.35810", "2005-06-30": "3.40760", "2005-03-31": "3.67830"}, "Return On Tangible Equity": {"2020-09-30": "3.88940", "2020-06-30": "1.67640", "2020-03-31": "1.65140", "2019-12-31": "3.17550", "2019-09-30": "4.08630", "2019-06-30": "4.12810", "2019-03-31": "3.53870", "2018-12-31": "3.61300", "2018-09-30": "4.10960", "2018-06-30": "4.08940", "2018-03-31": "3.80960", "2017-12-31": "2.59430", "2017-09-30": "3.08280", "2017-06-30": "3.27090", "2017-03-31": "3.36720", "2016-12-31": "1.94690", "2016-09-30": "2.67870", "2016-06-30": "2.37890", "2016-03-31": "1.50060", "2015-12-31": "2.33140", "2015-09-30": "2.72170", "2015-06-30": "2.88480", "2015-03-31": "2.67800", "2014-12-31": "2.38300", "2014-09-30": "2.82920", "2014-06-30": "2.86560", "2014-03-31": "2.96930", "2013-12-31": "2.93650", "2013-09-30": "3.04130", "2013-06-30": "3.22910", "2013-03-31": "3.49090", "2012-12-31": "3.34110", "2012-09-30": "3.47150", "2012-06-30": "4.00050", "2012-03-31": "3.42780", "2011-12-31": "2.88460", "2011-09-30": "3.66320", "2011-06-30": "3.20730", "2011-03-31": "3.04230", "2010-12-31": "2.84330", "2010-09-30": "3.03270", "2010-06-30": "3.27870", "2010-03-31": "3.24290", "2009-12-31": "2.38160", "2009-09-30": "3.00970", "2009-06-30": "3.18970", "2009-03-31": "3.59730", "2008-12-31": "1.99760", "2008-09-30": "3.70930", "2008-06-30": "-0.15610", "2008-03-31": "3.95260", "2007-12-31": "3.64000", "2007-09-30": "4.21010", "2007-06-30": "4.00800", "2007-03-31": "3.61480", "2006-12-31": "3.62090", "2006-09-30": "3.91480", "2006-06-30": "4.40010", "2006-03-31": "4.43240", "2005-12-31": "3.94080", "2005-09-30": "4.22790", "2005-06-30": "4.29670", "2005-03-31": "4.63110"}, "ROA - Return On Assets": {"2020-09-30": "0.33450", "2020-06-30": "0.14030", "2020-03-31": "0.13150", "2019-12-31": "0.26270", "2019-09-30": "0.32890", "2019-06-30": "0.32890", "2019-03-31": "0.27650", "2018-12-31": "0.28500", "2018-09-30": "0.35310", "2018-06-30": "0.34040", "2018-03-31": "0.31580", "2017-12-31": "0.22420", "2017-09-30": "0.25990", "2017-06-30": "0.27540", "2017-03-31": "0.27170", "2016-12-31": "0.15230", "2016-09-30": "0.22910", "2016-06-30": "0.20730", "2016-03-31": "0.13050", "2015-12-31": "0.19400", "2015-09-30": "0.24800", "2015-06-30": "0.26130", "2015-03-31": "0.24780", "2014-12-31": "0.22540", "2014-09-30": "0.26160", "2014-06-30": "0.27560", "2014-03-31": "0.28150", "2013-12-31": "0.27360", "2013-09-30": "0.28000", "2013-06-30": "0.28730", "2013-03-31": "0.32450", "2012-12-31": "0.29710", "2012-09-30": "0.32400", "2012-06-30": "0.38890", "2012-03-31": "0.32140", "2011-12-31": "0.26640", "2011-09-30": "0.34090", "2011-06-30": "0.29580", "2011-03-31": "0.27330", "2010-12-31": "0.24690", "2010-09-30": "0.25950", "2010-06-30": "0.27620", "2010-03-31": "0.25680", "2009-12-31": "0.18200", "2009-09-30": "0.22450", "2009-06-30": "0.22990", "2009-03-31": "0.23680", "2008-12-31": "0.12790", "2008-09-30": "0.25330", "2008-06-30": "-0.01060", "2008-03-31": "0.29490", "2007-12-31": "0.26370", "2007-09-30": "0.30150", "2007-06-30": "0.27940", "2007-03-31": "0.29200", "2006-12-31": "0.28010", "2006-09-30": "0.30770", "2006-06-30": "0.32490", "2006-03-31": "0.33590", "2005-12-31": "0.29500", "2005-09-30": "0.31110", "2005-06-30": "0.32650", "2005-03-31": "0.35630"}, "ROI - Return On Investment": {"2020-09-30": "1.86250", "2020-06-30": "0.75150", "2020-03-31": "0.57180", "2019-12-31": "1.14600", "2019-09-30": "1.18850", "2019-06-30": "1.07490", "2019-03-31": "0.90760", "2018-12-31": "0.99950", "2018-09-30": "1.19990", "2018-06-30": "1.19330", "2018-03-31": "1.12200", "2017-12-31": "0.82250", "2017-09-30": "0.86650", "2017-06-30": "1.00680", "2017-03-31": "1.01280", "2016-12-31": "0.60150", "2016-09-30": "0.74290", "2016-06-30": "0.69000", "2016-03-31": "0.44470", "2015-12-31": "0.73300", "2015-09-30": "0.91590", "2015-06-30": "1.00700", "2015-03-31": "1.00590", "2014-12-31": "1.12720", "2014-09-30": "1.07070", "2014-06-30": "1.58950", "2014-03-31": "1.70290", "2013-12-31": "1.66370", "2013-09-30": "1.45940", "2013-06-30": "1.37210", "2013-03-31": "1.73650", "2012-12-31": "2.09400", "2012-09-30": "2.19670", "2012-06-30": "2.98310", "2012-03-31": "2.39450", "2011-12-31": "2.08290", "2011-09-30": "2.63220", "2011-06-30": "2.21240", "2011-03-31": "2.13520", "2010-12-31": "1.56520", "2010-09-30": "1.49750", "2010-06-30": "1.43860", "2010-03-31": "1.30010", "2009-12-31": "0.89980", "2009-09-30": "0.92550", "2009-06-30": "1.13370", "2009-03-31": "1.19600", "2008-12-31": "0.76940", "2008-09-30": "1.64960", "2008-06-30": "-0.05270", "2008-03-31": "1.47880", "2007-12-31": "1.62120", "2007-09-30": "1.88470", "2007-06-30": "1.66650", "2007-03-31": "1.79760", "2006-12-31": "1.93620", "2006-09-30": "2.05480", "2006-06-30": "2.11370", "2006-03-31": "2.03320", "2005-12-31": "1.66670", "2005-09-30": "1.77640", "2005-06-30": "1.77780", "2005-03-31": "2.13560"}, "Book Value Per Share": {"2020-09-30": "74.33380", "2020-06-30": "72.60190", "2020-03-31": "71.60050", "2019-12-31": "68.91360", "2019-09-30": "68.27270", "2019-06-30": "66.27630", "2019-03-31": "63.42490", "2018-12-31": "61.60370", "2018-09-30": "55.41100", "2018-06-30": "54.64700", "2018-03-31": "53.73270", "2017-12-31": "53.80130", "2017-09-30": "53.69080", "2017-06-30": "52.68490", "2017-03-31": "51.53640", "2016-12-31": "50.60470", "2016-09-30": "52.07650", "2016-06-30": "51.66150", "2016-03-31": "50.73340", "2015-12-31": "49.58930", "2015-09-30": "50.45060", "2015-06-30": "49.50080", "2015-03-31": "49.18970", "2014-12-31": "48.27110", "2014-09-30": "47.26640", "2014-06-30": "46.87310", "2014-03-31": "45.48160", "2013-12-31": "44.36630", "2013-09-30": "44.00440", "2013-06-30": "43.53980", "2013-03-31": "44.37300", "2012-12-31": "43.81400", "2012-09-30": "44.16150", "2012-06-30": "42.89040", "2012-03-31": "42.13740", "2011-12-31": "40.88820", "2011-09-30": "40.69570", "2011-06-30": "39.32310", "2011-03-31": "37.95680", "2010-12-31": "37.29590", "2010-09-30": "37.06790", "2010-06-30": "35.98690", "2010-03-31": "34.28300", "2009-12-31": "32.82120", "2009-09-30": "32.55150", "2009-06-30": "30.53110", "2009-03-31": "28.79240", "2008-12-31": "27.56820", "2008-09-30": "29.06230", "2008-06-30": "29.07080", "2008-03-31": "29.85840", "2007-12-31": "28.75500", "2007-09-30": "27.86280", "2007-06-30": "26.69300", "2007-03-31": "25.90400", "2006-12-31": "25.66090", "2006-09-30": "24.40650", "2006-06-30": "23.18000", "2006-03-31": "23.40560", "2005-12-31": "22.73430", "2005-09-30": "22.75280", "2005-06-30": "22.28570", "2005-03-31": "23.78970"}, "Operating Cash Flow Per Share": {"2020-09-30": -6.0955, "2020-06-30": 36.1058, "2020-03-31": "-24.85100", "2019-12-31": 8.2726, "2019-09-30": -5.4138, "2019-06-30": 5.9402, "2019-03-31": "-15.48910", "2018-12-31": -2.2838, "2018-09-30": 8.4254, "2018-06-30": -12.1363, "2018-03-31": "-2.28600", "2017-12-31": 6.0509, "2017-09-30": -6.2589, "2017-06-30": 6.129, "2017-03-31": "-2.60450", "2016-12-31": 6.1279, "2016-09-30": -10.3785, "2016-06-30": 2.7311, "2016-03-31": "0.10800", "2015-12-31": 1.8377, "2015-09-30": 3.8393, "2015-06-30": 1.2531, "2015-03-31": "-2.55830", "2014-12-31": -0.232, "2014-09-30": -0.0641, "2014-06-30": -1.1205, "2014-03-31": "0.88220", "2013-12-31": 2.4618, "2013-09-30": 4.334, "2013-06-30": 0.4809, "2013-03-31": "3.51880", "2012-12-31": 2.1384, "2012-09-30": 0.7913, "2012-06-30": 1.11, "2012-03-31": "4.66410", "2011-12-31": 2.5765, "2011-09-30": 0.5021, "2011-06-30": -3.517, "2011-03-31": "5.25610", "2010-12-31": 3.4543, "2010-09-30": 1.6988, "2010-06-30": 0.6216, "2010-03-31": "-0.39110", "2009-12-31": -0.0111, "2009-09-30": 3.8055, "2009-06-30": 3.2472, "2009-03-31": "-3.28400", "2008-12-31": -1.7893, "2008-09-30": 1.9679, "2008-06-30": 0.639, "2008-03-31": "0.39890", "2007-12-31": 0.9404, "2007-09-30": 1.5365, "2007-06-30": -0.3897, "2007-03-31": "1.43440", "2006-12-31": 0.278, "2006-09-30": 1.4188, "2006-06-30": -0.5001, "2006-03-31": "0.96750", "2005-12-31": 1.5593, "2005-09-30": 0.8971, "2005-06-30": -0.4465, "2005-03-31": "1.07670"}, "Free Cash Flow Per Share": {"2020-09-30": -6.0768, "2020-06-30": 39.6566, "2020-03-31": "-24.20220", "2019-12-31": 7.9293, "2019-09-30": -6.0789, "2019-06-30": 4.6883, "2019-03-31": "-16.13770", "2018-12-31": -3.0648, "2018-09-30": 9.0444, "2018-06-30": -12.2853, "2018-03-31": "-2.51980", "2017-12-31": 6.5352, "2017-09-30": -6.7138, "2017-06-30": 5.8313, "2017-03-31": "-1.97750", "2016-12-31": 6.5365, "2016-09-30": -12.0047, "2016-06-30": 4.5014, "2016-03-31": "-0.45820", "2015-12-31": 1.8673, "2015-09-30": 1.2746, "2015-06-30": 3.3807, "2015-03-31": "-3.17970", "2014-12-31": 0.6995, "2014-09-30": -1.4352, "2014-06-30": -1.1648, "2014-03-31": "0.86940", "2013-12-31": 3.2966, "2013-09-30": 4.6599, "2013-06-30": 0.2581, "2013-03-31": "2.83180", "2012-12-31": 2.3994, "2012-09-30": 0.7568, "2012-06-30": 1.9015, "2012-03-31": "4.76650", "2011-12-31": 2.9815, "2011-09-30": 0.4516, "2011-06-30": -3.0141, "2011-03-31": "5.37040", "2010-12-31": 2.9832, "2010-09-30": 1.9565, "2010-06-30": 0.3281, "2010-03-31": "-0.27160", "2009-12-31": 0.9023, "2009-09-30": 3.5166, "2009-06-30": 3.1596, "2009-03-31": "-3.42620", "2008-12-31": -1.7548, "2008-09-30": 2.4643, "2008-06-30": 1.0528, "2008-03-31": "0.04000", "2007-12-31": 1.9105, "2007-09-30": 1.1626, "2007-06-30": -0.6572, "2007-03-31": "1.82160", "2006-12-31": 0.8727, "2006-09-30": 1.2567, "2006-06-30": -0.6458, "2006-03-31": "1.89480", "2005-12-31": 2.139, "2005-09-30": 0.7069, "2005-06-30": -0.5683, "2005-03-31": "2.12940"}}, "revenue": {"BOK Financial Annual Revenue (Millions of US $)": {"2019": "$2,226", "2018": "$1,845", "2017": "$1,668", "2016": "$1,503", "2015": "$1,425", "2014": "$1,354", "2013": "$1,366", "2012": "$1,449", "2011": "$1,342", "2010": "$1,369", "2009": "$1,408", "2008": "$1,490", "2007": "$1,563", "2006": "$1,358", "2005": "$1,117"}, "BOK Financial Quarterly Revenue (Millions of US $)": {"2020-09-30": "$529", "2020-06-30": "$539", "2020-03-31": "$529", "2019-12-31": "$548", "2019-09-30": "$582", "2019-06-30": "$563", "2019-03-31": "$533", "2018-12-31": "$502", "2018-09-30": "$471", "2018-06-30": "$451", "2018-03-31": "$421", "2017-12-31": "$423", "2017-09-30": "$431", "2017-06-30": "$417", "2017-03-31": "$397", "2016-12-31": "$359", "2016-09-30": "$397", "2016-06-30": "$388", "2016-03-31": "$359", "2015-12-31": "$350", "2015-09-30": "$357", "2015-06-30": "$368", "2015-03-31": "$351", "2014-12-31": "$339", "2014-09-30": "$349", "2014-06-30": "$349", "2014-03-31": "$318", "2013-12-31": "$336", "2013-09-30": "$329", "2013-06-30": "$350", "2013-03-31": "$351", "2012-12-31": "$348", "2012-09-30": "$376", "2012-06-30": "$389", "2012-03-31": "$335", "2011-12-31": "$294", "2011-09-30": "$379", "2011-06-30": "$349", "2011-03-31": "$320", "2010-12-31": "$306", "2010-09-30": "$355", "2010-06-30": "$375", "2010-03-31": "$333", "2009-12-31": "$333", "2009-09-30": "$358", "2009-06-30": "$359", "2009-03-31": "$358", "2008-12-31": "$384", "2008-09-30": "$396", "2008-06-30": "$314", "2008-03-31": "$397", "2007-12-31": "$408", "2007-09-30": "$410", "2007-06-30": "$379", "2007-03-31": "$366", "2006-12-31": "$361", "2006-09-30": "$353", "2006-06-30": "$331", "2006-03-31": "$313", "2005-12-31": "$302", "2005-09-30": "$286", "2005-06-30": "$281", "2005-03-31": "$248"}}, "gross-profit": {"BOK Financial Annual Gross Profit (Millions of US $)": {"2019": "$1,807", "2018": "$1,602", "2017": "$1,537", "2016": "$1,421", "2015": "$1,362", "2014": "$1,287", "2013": "$1,295", "2012": "$1,361", "2011": "$1,222", "2010": "$1,227", "2009": "$1,203", "2008": "$1,076", "2007": "$946", "2006": "$858", "2005": "$796"}, "BOK Financial Quarterly Gross Profit (Millions of US $)": {"2020-09-30": "$506", "2020-06-30": "$511", "2020-03-31": "$442", "2019-12-31": "$449", "2019-09-30": "$466", "2019-06-30": "$457", "2019-03-31": "$435", "2018-12-31": "$422", "2018-09-30": "$409", "2018-06-30": "$395", "2018-03-31": "$376", "2017-12-31": "$384", "2017-09-30": "$394", "2017-06-30": "$387", "2017-03-31": "$371", "2016-12-31": "$338", "2016-09-30": "$375", "2016-06-30": "$368", "2016-03-31": "$340", "2015-12-31": "$334", "2015-09-30": "$342", "2015-06-30": "$352", "2015-03-31": "$334", "2014-12-31": "$322", "2014-09-30": "$332", "2014-06-30": "$332", "2014-03-31": "$302", "2013-12-31": "$319", "2013-09-30": "$311", "2013-06-30": "$332", "2013-03-31": "$332", "2012-12-31": "$327", "2012-09-30": "$356", "2012-06-30": "$368", "2012-03-31": "$311", "2011-12-31": "$267", "2011-09-30": "$349", "2011-06-30": "$317", "2011-03-31": "$288", "2010-12-31": "$273", "2010-09-30": "$318", "2010-06-30": "$340", "2010-03-31": "$296", "2009-12-31": "$293", "2009-09-30": "$312", "2009-06-30": "$304", "2009-03-31": "$295", "2008-12-31": "$298", "2008-09-30": "$297", "2008-06-30": "$213", "2008-03-31": "$268", "2007-12-31": "$252", "2007-09-30": "$249", "2007-06-30": "$225", "2007-03-31": "$221", "2006-12-31": "$218", "2006-09-30": "$222", "2006-06-30": "$212", "2006-03-31": "$207", "2005-12-31": "$204", "2005-09-30": "$200", "2005-06-30": "$207", "2005-03-31": "$186"}}, "operating-income": {"BOK Financial Annual Operating Income (Millions of US $)": {"2019": "$631", "2018": "$565", "2017": "$518", "2016": "$339", "2015": "$432", "2014": "$440", "2013": "$482", "2012": "$543", "2011": "$448", "2010": "$372", "2009": "$311", "2008": "$211", "2007": "$337", "2006": "$328", "2005": "$311"}, "BOK Financial Quarterly Operating Income (Millions of US $)": {"2020-09-30": "$205", "2020-06-30": "$80", "2020-03-31": "$79", "2019-12-31": "$141", "2019-09-30": "$174", "2019-06-30": "$175", "2019-03-31": "$140", "2018-12-31": "$128", "2018-09-30": "$152", "2018-06-30": "$148", "2018-03-31": "$136", "2017-12-31": "$120", "2017-09-30": "$128", "2017-06-30": "$137", "2017-03-31": "$127", "2016-12-31": "$72", "2016-09-30": "$107", "2016-06-30": "$97", "2016-03-31": "$62", "2015-12-31": "$87", "2015-09-30": "$110", "2015-06-30": "$121", "2015-03-31": "$113", "2014-12-31": "$96", "2014-09-30": "$110", "2014-06-30": "$118", "2014-03-31": "$116", "2013-12-31": "$115", "2013-09-30": "$110", "2013-06-30": "$121", "2013-03-31": "$136", "2012-12-31": "$128", "2012-09-30": "$134", "2012-06-30": "$153", "2012-03-31": "$129", "2011-12-31": "$105", "2011-09-30": "$128", "2011-06-30": "$111", "2011-03-31": "$104", "2010-12-31": "$90", "2010-09-30": "$93", "2010-06-30": "$98", "2010-03-31": "$91", "2009-12-31": "$68", "2009-09-30": "$78", "2009-06-30": "$81", "2009-03-31": "$84", "2008-12-31": "$39", "2008-09-30": "$80", "2008-06-30": "$-5", "2008-03-31": "$97", "2007-12-31": "$81", "2007-09-30": "$91", "2007-06-30": "$83", "2007-03-31": "$82", "2006-12-31": "$82", "2006-09-30": "$77", "2006-06-30": "$86", "2006-03-31": "$86", "2005-12-31": "$75", "2005-09-30": "$74", "2005-06-30": "$86", "2005-03-31": "$76"}}, "ebitda": {"BOK Financial Annual EBITDA (Millions of US $)": {"2019": "$", "2018": "$", "2017": "$", "2016": "$", "2015": "$", "2014": "$", "2013": "$", "2012": "$", "2011": "$", "2010": "$", "2009": "$", "2008": "$", "2007": "$", "2006": "$", "2005": "$"}, "BOK Financial Quarterly EBITDA (Millions of US $)": {"2020-09-30": "", "2020-06-30": "", "2020-03-31": "", "2019-12-31": "", "2019-09-30": "", "2019-06-30": "", "2019-03-31": "", "2018-12-31": "", "2018-09-30": "", "2018-06-30": "", "2018-03-31": "", "2017-12-31": "", "2017-09-30": "", "2017-06-30": "", "2017-03-31": "", "2016-12-31": "", "2016-09-30": "", "2016-06-30": "", "2016-03-31": "", "2015-12-31": "", "2015-09-30": "", "2015-06-30": "", "2015-03-31": "", "2014-12-31": "", "2014-09-30": "", "2014-06-30": "", "2014-03-31": "", "2013-12-31": "", "2013-09-30": "", "2013-06-30": "", "2013-03-31": "", "2012-12-31": "", "2012-09-30": "", "2012-06-30": "", "2012-03-31": "", "2011-12-31": "", "2011-09-30": "", "2011-06-30": "", "2011-03-31": "", "2010-12-31": "", "2010-09-30": "", "2010-06-30": "", "2010-03-31": "", "2009-12-31": "", "2009-09-30": "", "2009-06-30": "", "2009-03-31": "", "2008-12-31": "", "2008-09-30": "", "2008-06-30": "", "2008-03-31": "", "2007-12-31": "", "2007-09-30": "", "2007-06-30": "", "2007-03-31": "", "2006-12-31": "", "2006-09-30": "", "2006-06-30": "", "2006-03-31": "", "2005-12-31": "", "2005-09-30": "", "2005-06-30": "", "2005-03-31": ""}}, "net-income": {"BOK Financial Annual Net Income (Millions of US $)": {"2019": "$501", "2018": "$446", "2017": "$335", "2016": "$233", "2015": "$285", "2014": "$289", "2013": "$317", "2012": "$351", "2011": "$286", "2010": "$247", "2009": "$200", "2008": "$153", "2007": "$218", "2006": "$213", "2005": "$201"}, "BOK Financial Quarterly Net Income (Millions of US $)": {"2020-09-30": "$153", "2020-06-30": "$65", "2020-03-31": "$62", "2019-12-31": "$112", "2019-09-30": "$141", "2019-06-30": "$138", "2019-03-31": "$110", "2018-12-31": "$109", "2018-09-30": "$116", "2018-06-30": "$114", "2018-03-31": "$106", "2017-12-31": "$72", "2017-09-30": "$86", "2017-06-30": "$88", "2017-03-31": "$88", "2016-12-31": "$51", "2016-09-30": "$74", "2016-06-30": "$65", "2016-03-31": "$42", "2015-12-31": "$59", "2015-09-30": "$74", "2015-06-30": "$78", "2015-03-31": "$74", "2014-12-31": "$63", "2014-09-30": "$75", "2014-06-30": "$75", "2014-03-31": "$77", "2013-12-31": "$76", "2013-09-30": "$75", "2013-06-30": "$79", "2013-03-31": "$87", "2012-12-31": "$85", "2012-09-30": "$87", "2012-06-30": "$97", "2012-03-31": "$83", "2011-12-31": "$68", "2011-09-30": "$84", "2011-06-30": "$68", "2011-03-31": "$65", "2010-12-31": "$59", "2010-09-30": "$64", "2010-06-30": "$64", "2010-03-31": "$60", "2009-12-31": "$42", "2009-09-30": "$51", "2009-06-30": "$52", "2009-03-31": "$55", "2008-12-31": "$35", "2008-09-30": "$57", "2008-06-30": "$-1", "2008-03-31": "$62", "2007-12-31": "$51", "2007-09-30": "$60", "2007-06-30": "$54", "2007-03-31": "$53", "2006-12-31": "$51", "2006-09-30": "$53", "2006-06-30": "$55", "2006-03-31": "$55", "2005-12-31": "$48", "2005-09-30": "$51", "2005-06-30": "$50", "2005-03-31": "$52"}}, "eps-earnings-per-share-diluted": {"BOK Financial Annual EPS": {"2019": "$7.03", "2018": "$6.63", "2017": "$5.11", "2016": "$3.53", "2015": "$4.21", "2014": "$4.22", "2013": "$4.59", "2012": "$5.13", "2011": "$4.17", "2010": "$3.61", "2009": "$2.96", "2008": "$2.27", "2007": "$3.22", "2006": "$3.16", "2005": "$3.01"}, "BOK Financial Quarterly EPS": {"2020-09-30": "$2.19", "2020-06-30": "$0.92", "2020-03-31": "$0.88", "2019-12-31": "$1.56", "2019-09-30": "$2.00", "2019-06-30": "$1.93", "2019-03-31": "$1.54", "2018-12-31": "$1.48", "2018-09-30": "$1.79", "2018-06-30": "$1.75", "2018-03-31": "$1.61", "2017-12-31": "$1.10", "2017-09-30": "$1.31", "2017-06-30": "$1.35", "2017-03-31": "$1.35", "2016-12-31": "$0.76", "2016-09-30": "$1.13", "2016-06-30": "$1.00", "2016-03-31": "$0.64", "2015-12-31": "$0.89", "2015-09-30": "$1.09", "2015-06-30": "$1.15", "2015-03-31": "$1.08", "2014-12-31": "$0.92", "2014-09-30": "$1.09", "2014-06-30": "$1.10", "2014-03-31": "$1.11", "2013-12-31": "$1.05", "2013-09-30": "$1.10", "2013-06-30": "$1.16", "2013-03-31": "$1.28", "2012-12-31": "$1.21", "2012-09-30": "$1.27", "2012-06-30": "$1.43", "2012-03-31": "$1.22", "2011-12-31": "$0.99", "2011-09-30": "$1.24", "2011-06-30": "$1.00", "2011-03-31": "$0.94", "2010-12-31": "$0.86", "2010-09-30": "$0.94", "2010-06-30": "$0.93", "2010-03-31": "$0.88", "2009-12-31": "$0.63", "2009-09-30": "$0.75", "2009-06-30": "$0.77", "2009-03-31": "$0.81", "2008-12-31": "$0.53", "2008-09-30": "$0.84", "2008-06-30": "$-0.02", "2008-03-31": "$0.92", "2007-12-31": "$0.75", "2007-09-30": "$0.89", "2007-06-30": "$0.80", "2007-03-31": "$0.78", "2006-12-31": "$0.75", "2006-09-30": "$0.78", "2006-06-30": "$0.82", "2006-03-31": "$0.81", "2005-12-31": "$0.72", "2005-09-30": "$0.76", "2005-06-30": "$0.75", "2005-03-31": "$0.78"}}, "shares-outstanding": {"BOK Financial Annual Shares Outstanding (Millions of Shares)": {"2019": "71", "2018": "67", "2017": "65", "2016": "65", "2015": "68", "2014": "69", "2013": "68", "2012": "68", "2011": "68", "2010": "68", "2009": "67", "2008": "67", "2007": "68", "2006": "67", "2005": "67"}, "BOK Financial Quarterly Shares Outstanding (Millions of Shares)": {"2020-09-30": "70", "2020-06-30": "70", "2020-03-31": "70", "2019-12-31": "71", "2019-09-30": "71", "2019-06-30": "71", "2019-03-31": "71", "2018-12-31": "67", "2018-09-30": "65", "2018-06-30": "65", "2018-03-31": "65", "2017-12-31": "65", "2017-09-30": "65", "2017-06-30": "65", "2017-03-31": "65", "2016-12-31": "65", "2016-09-30": "65", "2016-06-30": "65", "2016-03-31": "65", "2015-12-31": "68", "2015-09-30": "68", "2015-06-30": "68", "2015-03-31": "68", "2014-12-31": "69", "2014-09-30": "69", "2014-06-30": "69", "2014-03-31": "68", "2013-12-31": "68", "2013-09-30": "68", "2013-06-30": "68", "2013-03-31": "68", "2012-12-31": "68", "2012-09-30": "68", "2012-06-30": "68", "2012-03-31": "68", "2011-12-31": "68", "2011-09-30": "68", "2011-06-30": "68", "2011-03-31": "68", "2010-12-31": "68", "2010-09-30": "68", "2010-06-30": "68", "2010-03-31": "68", "2009-12-31": "67", "2009-09-30": "68", "2009-06-30": "67", "2009-03-31": "67", "2008-12-31": "67", "2008-09-30": "67", "2008-06-30": "67", "2008-03-31": "68", "2007-12-31": "68", "2007-09-30": "68", "2007-06-30": "68", "2007-03-31": "68", "2006-12-31": "67", "2006-09-30": "67", "2006-06-30": "67", "2006-03-31": "67", "2005-12-31": "67", "2005-09-30": "67", "2005-06-30": "67", "2005-03-31": "67"}}, "total-assets": {"BOK Financial Annual Total Assets (Millions of US $)": {"2019": "$42,172", "2018": "$38,021", "2017": "$32,272", "2016": "$32,772", "2015": "$31,476", "2014": "$29,090", "2013": "$27,015", "2012": "$28,149", "2011": "$25,494", "2010": "$23,942", "2009": "$23,517", "2008": "$22,735", "2007": "$20,668", "2006": "$18,060", "2005": "$16,327"}, "BOK Financial Quarterly Total Assets (Millions of US $)": {"2020-09-30": "$46,067", "2020-06-30": "$45,820", "2020-03-31": "$47,119", "2019-12-31": "$42,172", "2019-09-30": "$43,127", "2019-06-30": "$41,893", "2019-03-31": "$39,883", "2018-12-31": "$38,021", "2018-09-30": "$33,290", "2018-06-30": "$33,833", "2018-03-31": "$33,361", "2017-12-31": "$32,272", "2017-09-30": "$33,006", "2017-06-30": "$32,264", "2017-03-31": "$32,629", "2016-12-31": "$32,772", "2016-09-30": "$32,779", "2016-06-30": "$31,970", "2016-03-31": "$31,414", "2015-12-31": "$31,476", "2015-09-30": "$30,567", "2015-06-30": "$30,726", "2015-03-31": "$30,300", "2014-12-31": "$29,090", "2014-09-30": "$29,105", "2014-06-30": "$27,844", "2014-03-31": "$27,365", "2013-12-31": "$27,015", "2013-09-30": "$27,166", "2013-06-30": "$27,808", "2013-03-31": "$27,447", "2012-12-31": "$28,149", "2012-09-30": "$27,118", "2012-06-30": "$25,576", "2012-03-31": "$25,884", "2011-12-31": "$25,494", "2011-09-30": "$25,066", "2011-06-30": "$24,238", "2011-03-31": "$23,701", "2010-12-31": "$23,942", "2010-09-30": "$24,386", "2010-06-30": "$23,737", "2010-03-31": "$23,502", "2009-12-31": "$23,517", "2009-09-30": "$23,877", "2009-06-30": "$22,768", "2009-03-31": "$23,333", "2008-12-31": "$22,735", "2008-09-30": "$22,378", "2008-06-30": "$22,436", "2008-03-31": "$21,126", "2007-12-31": "$20,668", "2007-09-30": "$19,847", "2007-06-30": "$19,281", "2007-03-31": "$18,081", "2006-12-31": "$18,060", "2006-09-30": "$17,116", "2006-06-30": "$16,924", "2006-03-31": "$16,301", "2005-12-31": "$16,327", "2005-09-30": "$16,340", "2005-06-30": "$15,454", "2005-03-31": "$14,611"}}, "cash-on-hand": {"BOK Financial Annual Cash on Hand (Millions of US $)": {"2019": "$2,883", "2018": "$3,100", "2017": "$2,780", "2016": "$2,875", "2015": "$2,766", "2014": "$2,665", "2013": "$1,179", "2012": "$1,500", "2011": "$1,063", "2010": "$1,325", "2009": "$1,273", "2008": "$1,194", "2007": "$1,091", "2006": "$997", "2005": "$718"}, "BOK Financial Quarterly Cash on Hand (Millions of US $)": {"2020-09-30": "$3,252", "2020-06-30": "$2,444", "2020-03-31": "$3,084", "2019-12-31": "$2,883", "2019-09-30": "$2,902", "2019-06-30": "$3,236", "2019-03-31": "$3,423", "2018-12-31": "$3,100", "2018-09-30": "$2,860", "2018-06-30": "$3,368", "2018-03-31": "$3,892", "2017-12-31": "$2,780", "2017-09-30": "$3,088", "2017-06-30": "$3,082", "2017-03-31": "$3,444", "2016-12-31": "$2,875", "2016-09-30": "$3,164", "2016-06-30": "$2,618", "2016-03-31": "$2,592", "2015-12-31": "$2,766", "2015-09-30": "$2,501", "2015-06-30": "$2,721", "2015-03-31": "$2,729", "2014-12-31": "$2,665", "2014-09-30": "$2,735", "2014-06-30": "$1,449", "2014-03-31": "$1,441", "2013-12-31": "$1,179", "2013-09-30": "$1,312", "2013-06-30": "$1,269", "2013-03-31": "$1,152", "2012-12-31": "$1,500", "2012-09-30": "$820", "2012-06-30": "$789", "2012-03-31": "$835", "2011-12-31": "$1,063", "2011-09-30": "$1,083", "2011-06-30": "$1,211", "2011-03-31": "$889", "2010-12-31": "$1,325", "2010-09-30": "$1,753", "2010-06-30": "$1,449", "2010-03-31": "$1,475", "2009-12-31": "$1,273", "2009-09-30": "$1,845", "2009-06-30": "$890", "2009-03-31": "$1,297", "2008-12-31": "$1,194", "2008-09-30": "$1,066", "2008-06-30": "$925", "2008-03-31": "$941", "2007-12-31": "$1,091", "2007-09-30": "$837", "2007-06-30": "$812", "2007-03-31": "$751", "2006-12-31": "$997", "2006-09-30": "$761", "2006-06-30": "$752", "2006-03-31": "$727", "2005-12-31": "$718", "2005-09-30": "$652", "2005-06-30": "$691", "2005-03-31": "$534"}}, "long-term-debt": {"BOK Financial Annual Long Term Debt (Millions of US $)": {"2019": "$4,803", "2018": "$6,400", "2017": "$5,280", "2016": "$4,991", "2015": "$5,064", "2014": "$2,482", "2013": "$1,388", "2012": "$999", "2011": "$473", "2010": "$1,232", "2009": "$2,532", "2008": "$1,920", "2007": "$1,426", "2006": "$892", "2005": "$1,350"}, "BOK Financial Quarterly Long Term Debt (Millions of US $)": {"2020-09-30": "$3,047", "2020-06-30": "$3,450", "2020-03-31": "$5,805", "2019-12-31": "$4,803", "2019-09-30": "$7,098", "2019-06-30": "$8,100", "2019-03-31": "$7,617", "2018-12-31": "$6,400", "2018-09-30": "$6,170", "2018-06-30": "$6,074", "2018-03-31": "$5,872", "2017-12-31": "$5,280", "2017-09-30": "$6,386", "2017-06-30": "$5,377", "2017-03-31": "$5,384", "2016-12-31": "$4,991", "2016-09-30": "$6,678", "2016-06-30": "$6,203", "2016-03-31": "$5,860", "2015-12-31": "$5,064", "2015-09-30": "$4,861", "2015-06-30": "$4,558", "2015-03-31": "$4,075", "2014-12-31": "$2,482", "2014-09-30": "$3,832", "2014-06-30": "$1,580", "2014-03-31": "$1,380", "2013-12-31": "$1,388", "2013-09-30": "$2,185", "2013-06-30": "$2,829", "2013-03-31": "$2,081", "2012-12-31": "$999", "2012-09-30": "$987", "2012-06-30": "$411", "2012-03-31": "$604", "2011-12-31": "$473", "2011-09-30": "$479", "2011-06-30": "$548", "2011-03-31": "$436", "2010-12-31": "$1,232", "2010-09-30": "$1,702", "2010-06-30": "$2,107", "2010-03-31": "$2,309", "2009-12-31": "$2,532", "2009-09-30": "$3,588", "2009-06-30": "$2,551", "2009-03-31": "$2,675", "2008-12-31": "$1,920", "2008-09-30": "$1,476", "2008-06-30": "$2,552", "2008-03-31": "$2,201", "2007-12-31": "$1,426", "2007-09-30": "$1,307", "2007-06-30": "$1,436", "2007-03-31": "$1,151", "2006-12-31": "$892", "2006-09-30": "$893", "2006-06-30": "$1,018", "2006-03-31": "$1,127", "2005-12-31": "$1,350", "2005-09-30": "$1,348", "2005-06-30": "$1,358", "2005-03-31": "$1,022"}}, "total-liabilities": {"BOK Financial Annual Total Liabilities (Millions of US $)": {"2019": "$37,308", "2018": "$33,577", "2017": "$28,754", "2016": "$29,466", "2015": "$28,208", "2014": "$25,753", "2013": "$23,960", "2012": "$25,155", "2011": "$22,707", "2010": "$21,398", "2009": "$21,291", "2008": "$20,875", "2007": "$18,732", "2006": "$16,339", "2005": "$14,788"}, "BOK Financial Quarterly Total Liabilities (Millions of US $)": {"2020-09-30": "$40,841", "2020-06-30": "$40,715", "2020-03-31": "$42,085", "2019-12-31": "$37,308", "2019-09-30": "$38,290", "2019-06-30": "$37,175", "2019-03-31": "$35,351", "2018-12-31": "$33,577", "2018-09-30": "$29,664", "2018-06-30": "$30,257", "2018-03-31": "$29,844", "2017-12-31": "$28,754", "2017-09-30": "$29,491", "2017-06-30": "$28,814", "2017-03-31": "$29,258", "2016-12-31": "$29,466", "2016-09-30": "$29,347", "2016-06-30": "$28,568", "2016-03-31": "$28,058", "2015-12-31": "$28,208", "2015-09-30": "$27,151", "2015-06-30": "$27,313", "2015-03-31": "$26,910", "2014-12-31": "$25,753", "2014-09-30": "$25,828", "2014-06-30": "$24,596", "2014-03-31": "$24,220", "2013-12-31": "$23,960", "2013-09-30": "$24,139", "2013-06-30": "$24,815", "2013-03-31": "$24,399", "2012-12-31": "$25,155", "2012-09-30": "$24,105", "2012-06-30": "$22,653", "2012-03-31": "$23,014", "2011-12-31": "$22,707", "2011-09-30": "$22,299", "2011-06-30": "$21,546", "2011-03-31": "$21,103", "2010-12-31": "$21,398", "2010-09-30": "$21,862", "2010-06-30": "$21,287", "2010-03-31": "$21,169", "2009-12-31": "$21,291", "2009-09-30": "$21,673", "2009-06-30": "$20,702", "2009-03-31": "$21,387", "2008-12-31": "$20,875", "2008-09-30": "$20,418", "2008-06-30": "$20,474", "2008-03-31": "$19,114", "2007-12-31": "$18,732", "2007-09-30": "$17,979", "2007-06-30": "$17,485", "2007-03-31": "$16,295", "2006-12-31": "$16,339", "2006-09-30": "$15,446", "2006-06-30": "$15,341", "2006-03-31": "$14,735", "2005-12-31": "$14,788", "2005-09-30": "$14,826", "2005-06-30": "$13,973", "2005-03-31": "$13,196"}}, "total-share-holder-equity": {"BOK Financial Annual Share Holder Equity (Millions of US $)": {"2019": "$4,864", "2018": "$4,443", "2017": "$3,518", "2016": "$3,306", "2015": "$3,268", "2014": "$3,336", "2013": "$3,055", "2012": "$2,994", "2011": "$2,787", "2010": "$2,544", "2009": "$2,225", "2008": "$1,860", "2007": "$1,935", "2006": "$1,721", "2005": "$1,539"}, "BOK Financial Quarterly Share Holder Equity (Millions of US $)": {"2020-09-30": "$5,226", "2020-06-30": "$5,104", "2020-03-31": "$5,034", "2019-12-31": "$4,864", "2019-09-30": "$4,838", "2019-06-30": "$4,718", "2019-03-31": "$4,532", "2018-12-31": "$4,443", "2018-09-30": "$3,626", "2018-06-30": "$3,576", "2018-03-31": "$3,517", "2017-12-31": "$3,518", "2017-09-30": "$3,514", "2017-06-30": "$3,450", "2017-03-31": "$3,371", "2016-12-31": "$3,306", "2016-09-30": "$3,432", "2016-06-30": "$3,403", "2016-03-31": "$3,356", "2015-12-31": "$3,268", "2015-09-30": "$3,416", "2015-06-30": "$3,413", "2015-03-31": "$3,390", "2014-12-31": "$3,336", "2014-09-30": "$3,277", "2014-06-30": "$3,248", "2014-03-31": "$3,145", "2013-12-31": "$3,055", "2013-09-30": "$3,027", "2013-06-30": "$2,993", "2013-03-31": "$3,048", "2012-12-31": "$2,994", "2012-09-30": "$3,012", "2012-06-30": "$2,923", "2012-03-31": "$2,870", "2011-12-31": "$2,787", "2011-09-30": "$2,768", "2011-06-30": "$2,692", "2011-03-31": "$2,598", "2010-12-31": "$2,544", "2010-09-30": "$2,524", "2010-06-30": "$2,450", "2010-03-31": "$2,333", "2009-12-31": "$2,225", "2009-09-30": "$2,204", "2009-06-30": "$2,066", "2009-03-31": "$1,946", "2008-12-31": "$1,860", "2008-09-30": "$1,960", "2008-06-30": "$1,962", "2008-03-31": "$2,012", "2007-12-31": "$1,935", "2007-09-30": "$1,869", "2007-06-30": "$1,796", "2007-03-31": "$1,786", "2006-12-31": "$1,721", "2006-09-30": "$1,670", "2006-06-30": "$1,583", "2006-03-31": "$1,565", "2005-12-31": "$1,539", "2005-09-30": "$1,514", "2005-06-30": "$1,481", "2005-03-31": "$1,415"}}, "profit-margins": {"current": "20.59%"}, "gross margin": {"2020-09-30": "88.95%", "2020-06-30": "84.99%", "2020-03-31": "81.64%", "2019-12-31": "81.18%", "2019-09-30": "81.65%", "2019-06-30": "83.28%", "2019-03-31": "84.87%", "2018-12-31": "86.83%", "2018-09-30": "88.56%", "2018-06-30": "89.75%", "2018-03-31": "91.08%", "2017-12-31": "92.09%", "2017-09-30": "92.89%", "2017-06-30": "93.69%", "2017-03-31": "94.22%", "2016-12-31": "94.54%", "2016-09-30": "94.85%", "2016-06-30": "95.19%", "2016-03-31": "95.40%", "2015-12-31": "95.51%", "2015-09-30": "95.41%", "2015-06-30": "95.24%", "2015-03-31": "95.10%", "2014-12-31": "95.06%", "2014-09-30": "95.04%", "2014-06-30": "94.89%", "2014-03-31": "94.82%", "2013-12-31": "94.73%", "2013-09-30": "94.48%", "2013-06-30": "94.53%", "2013-03-31": "94.47%", "2012-12-31": "94.06%", "2012-09-30": "93.40%", "2012-06-30": "92.70%", "2012-03-31": "91.67%", "2011-12-31": "90.98%", "2011-09-30": "90.62%", "2011-06-30": "89.92%", "2011-03-31": "89.90%", "2010-12-31": "89.63%", "2010-09-30": "89.33%", "2010-06-30": "88.71%", "2010-03-31": "87.13%", "2009-12-31": "85.51%", "2009-09-30": "82.86%", "2009-06-30": "79.76%", "2009-03-31": "75.96%", "2008-12-31": "72.17%", "2008-09-30": "67.99%", "2008-06-30": "64.22%", "2008-03-31": "62.36%", "2007-12-31": "60.59%", "2007-09-30": "60.22%", "2007-06-30": "60.73%", "2007-03-31": "61.87%", "2006-12-31": "63.25%", "2006-09-30": "65.05%", "2006-06-30": "66.80%", "2006-03-31": "69.20%", "2005-12-31": "71.35%"}, "operating margin": {"2020-09-30": "23.54%", "2020-06-30": "21.57%", "2020-03-31": "25.61%", "2019-12-31": "28.30%", "2019-09-30": "28.30%", "2019-06-30": "28.76%", "2019-03-31": "29.02%", "2018-12-31": "30.57%", "2018-09-30": "31.48%", "2018-06-30": "30.82%", "2018-03-31": "30.79%", "2017-12-31": "30.70%", "2017-09-30": "28.93%", "2017-06-30": "28.22%", "2017-03-31": "26.15%", "2016-12-31": "22.49%", "2016-09-30": "23.63%", "2016-06-30": "24.48%", "2016-03-31": "26.50%", "2015-12-31": "30.22%", "2015-09-30": "31.10%", "2015-06-30": "31.27%", "2015-03-31": "31.48%", "2014-12-31": "32.47%", "2014-09-30": "33.95%", "2014-06-30": "34.46%", "2014-03-31": "34.66%", "2013-12-31": "35.29%", "2013-09-30": "35.92%", "2013-06-30": "36.42%", "2013-03-31": "37.64%", "2012-12-31": "37.57%", "2012-09-30": "37.37%", "2012-06-30": "36.86%", "2012-03-31": "34.86%", "2011-12-31": "33.38%", "2011-09-30": "31.98%", "2011-06-30": "29.92%", "2011-03-31": "28.39%", "2010-12-31": "27.17%", "2010-09-30": "25.07%", "2010-06-30": "23.95%", "2010-03-31": "22.99%", "2009-12-31": "22.09%", "2009-09-30": "19.33%", "2009-06-30": "18.97%", "2009-03-31": "13.64%", "2008-12-31": "14.15%", "2008-09-30": "16.70%", "2008-06-30": "17.27%", "2008-03-31": "22.08%", "2007-12-31": "21.56%", "2007-09-30": "22.30%", "2007-06-30": "22.21%", "2007-03-31": "23.18%", "2006-12-31": "24.37%", "2006-09-30": "24.94%", "2006-06-30": "26.06%", "2006-03-31": "27.16%", "2005-12-31": "27.84%"}, "ebitda margin": {"2020-09-30": "0.00%", "2020-06-30": "0.00%", "2020-03-31": "0.00%", "2019-12-31": "0.00%", "2019-09-30": "0.00%", "2019-06-30": "0.00%", "2019-03-31": "0.00%", "2018-12-31": "0.00%", "2018-09-30": "0.00%", "2018-06-30": "0.00%", "2018-03-31": "0.00%", "2017-12-31": "0.00%", "2017-09-30": "0.00%", "2017-06-30": "0.00%", "2017-03-31": "0.00%", "2016-12-31": "0.00%", "2016-09-30": "0.00%", "2016-06-30": "0.00%", "2016-03-31": "0.00%", "2015-12-31": "0.00%", "2015-09-30": "0.00%", "2015-06-30": "0.00%", "2015-03-31": "0.00%", "2014-12-31": "0.00%", "2014-09-30": "0.00%", "2014-06-30": "0.00%", "2014-03-31": "0.00%", "2013-12-31": "0.00%", "2013-09-30": "0.00%", "2013-06-30": "0.00%", "2013-03-31": "0.00%", "2012-12-31": "0.00%", "2012-09-30": "0.00%", "2012-06-30": "0.00%", "2012-03-31": "0.00%", "2011-12-31": "0.00%", "2011-09-30": "0.00%", "2011-06-30": "0.00%", "2011-03-31": "0.00%", "2010-12-31": "0.00%", "2010-09-30": "0.00%", "2010-06-30": "0.00%", "2010-03-31": "0.00%", "2009-12-31": "0.00%", "2009-09-30": "0.00%", "2009-06-30": "0.00%", "2009-03-31": "0.00%", "2008-12-31": "0.00%", "2008-09-30": "0.00%", "2008-06-30": "0.00%", "2008-03-31": "0.00%", "2007-12-31": "0.00%", "2007-09-30": "0.00%", "2007-06-30": "0.00%", "2007-03-31": "0.00%", "2006-12-31": "0.00%", "2006-09-30": "0.00%", "2006-06-30": "0.00%", "2006-03-31": "0.00%", "2005-12-31": "0.00%"}, "pre tax profit margin": {"2020-09-30": "23.54%", "2020-06-30": "21.57%", "2020-03-31": "25.61%", "2019-12-31": "28.30%", "2019-09-30": "28.30%", "2019-06-30": "28.76%", "2019-03-31": "29.02%", "2018-12-31": "30.57%", "2018-09-30": "31.88%", "2018-06-30": "31.23%", "2018-03-31": "31.21%", "2017-12-31": "31.12%", "2017-09-30": "28.93%", "2017-06-30": "28.22%", "2017-03-31": "26.15%", "2016-12-31": "22.49%", "2016-09-30": "23.63%", "2016-06-30": "24.48%", "2016-03-31": "26.50%", "2015-12-31": "30.22%", "2015-09-30": "31.10%", "2015-06-30": "31.27%", "2015-03-31": "31.48%", "2014-12-31": "32.47%", "2014-09-30": "33.95%", "2014-06-30": "34.46%", "2014-03-31": "34.66%", "2013-12-31": "35.29%", "2013-09-30": "35.92%", "2013-06-30": "36.42%", "2013-03-31": "37.64%", "2012-12-31": "37.57%", "2012-09-30": "37.37%", "2012-06-30": "36.86%", "2012-03-31": "34.86%", "2011-12-31": "33.38%", "2011-09-30": "31.98%", "2011-06-30": "29.92%", "2011-03-31": "28.39%", "2010-12-31": "27.17%", "2010-09-30": "25.07%", "2010-06-30": "23.95%", "2010-03-31": "22.99%", "2009-12-31": "22.09%", "2009-09-30": "19.33%", "2009-06-30": "18.97%", "2009-03-31": "13.64%", "2008-12-31": "14.15%", "2008-09-30": "16.70%", "2008-06-30": "17.27%", "2008-03-31": "22.08%", "2007-12-31": "21.56%", "2007-09-30": "22.03%", "2007-06-30": "21.93%", "2007-03-31": "22.89%", "2006-12-31": "24.08%", "2006-09-30": "24.94%", "2006-06-30": "26.46%", "2006-03-31": "26.99%", "2005-12-31": "28.20%"}, "net profit margin": {"2020-09-30": "18.28%", "2020-06-30": "17.29%", "2020-03-31": "20.39%", "2019-12-31": "22.51%", "2019-09-30": "22.84%", "2019-06-30": "22.86%", "2019-03-31": "22.94%", "2018-12-31": "24.12%", "2018-09-30": "23.10%", "2018-06-30": "21.90%", "2018-03-31": "20.80%", "2017-12-31": "20.02%", "2017-09-30": "19.51%", "2017-06-30": "19.17%", "2017-03-31": "18.04%", "2016-12-31": "15.44%", "2016-09-30": "16.06%", "2016-06-30": "16.51%", "2016-03-31": "17.64%", "2015-12-31": "19.99%", "2015-09-30": "20.42%", "2015-06-30": "20.61%", "2015-03-31": "20.68%", "2014-12-31": "21.40%", "2014-09-30": "22.41%", "2014-06-30": "22.75%", "2014-03-31": "23.03%", "2013-12-31": "23.21%", "2013-09-30": "23.66%", "2013-06-30": "23.72%", "2013-03-31": "24.32%", "2012-12-31": "24.31%", "2012-09-30": "24.03%", "2012-06-30": "23.77%", "2012-03-31": "22.33%", "2011-12-31": "21.24%", "2011-09-30": "20.38%", "2011-06-30": "19.25%", "2011-03-31": "18.58%", "2010-12-31": "18.04%", "2010-09-30": "16.48%", "2010-06-30": "15.51%", "2010-03-31": "14.82%", "2009-12-31": "14.20%", "2009-09-30": "13.23%", "2009-06-30": "13.29%", "2009-03-31": "10.06%", "2008-12-31": "10.26%", "2008-09-30": "11.16%", "2008-06-30": "11.25%", "2008-03-31": "14.24%", "2007-12-31": "13.95%", "2007-09-30": "14.38%", "2007-06-30": "14.46%", "2007-03-31": "15.02%", "2006-12-31": "15.76%", "2006-09-30": "16.24%", "2006-06-30": "16.96%", "2006-03-31": "17.26%", "2005-12-31": "17.99%"}, "pe ratio": {"current": "13.05", "2021-02-05": "14.58", "2020-09-30": "9.21", "2020-06-30": "10.36", "2020-03-31": "6.51", "2019-12-31": "12.03", "2019-09-30": "10.92", "2019-06-30": "10.67", "2019-03-31": "11.78", "2018-12-31": "10.42", "2018-09-30": "14.60", "2018-06-30": "15.20", "2018-03-31": "17.12", "2017-12-31": "16.70", "2017-09-30": "17.20", "2017-06-30": "16.79", "2017-03-31": "16.82", "2016-12-31": "21.32", "2016-09-30": "16.98", "2016-06-30": "15.51", "2016-03-31": "12.88", "2015-12-31": "12.51", "2015-09-30": "13.33", "2015-06-30": "14.24", "2015-03-31": "12.60", "2014-12-31": "12.18", "2014-09-30": "13.01", "2014-06-30": "12.92", "2014-03-31": "13.13", "2013-12-31": "12.07", "2013-09-30": "11.09", "2013-06-30": "10.77", "2013-03-31": "9.87", "2012-12-31": "8.67", "2012-09-30": "9.61", "2012-06-30": "9.46", "2012-03-31": "9.95", "2011-12-31": "10.30", "2011-09-30": "8.99", "2011-06-30": "11.28", "2011-03-31": "10.82", "2010-12-31": "11.31", "2010-09-30": "10.15", "2010-06-30": "11.26", "2010-03-31": "13.03", "2009-12-31": "12.03", "2009-09-30": "12.07", "2009-06-30": "9.46", "2009-03-31": "8.98", "2008-12-31": "10.06", "2008-09-30": "11.12", "2008-06-30": "12.02", "2008-03-31": "11.18", "2007-12-31": "11.51", "2007-09-30": "11.44", "2007-06-30": "12.25", "2007-03-31": "11.25", "2006-12-31": "12.33"}, "price sales": {"2021-02-05": "2.65", "2020-09-30": "1.67", "2020-06-30": "1.78", "2020-03-31": "1.32", "2019-12-31": "2.69", "2019-09-30": "2.44", "2019-06-30": "2.39", "2019-03-31": "2.65", "2018-12-31": "2.45", "2018-09-30": "3.36", "2018-06-30": "3.30", "2018-03-31": "3.53", "2017-12-31": "3.32", "2017-09-30": "3.32", "2017-06-30": "3.19", "2017-03-31": "3.01", "2016-12-31": "3.27", "2016-09-30": "2.74", "2016-06-30": "2.57", "2016-03-31": "2.28", "2015-12-31": "2.51", "2015-09-30": "2.73", "2015-06-30": "2.95", "2015-03-31": "2.61", "2014-12-31": "2.61", "2014-09-30": "2.87", "2014-06-30": "2.90", "2014-03-31": "2.98", "2013-12-31": "2.77", "2013-09-30": "2.61", "2013-06-30": "2.53", "2013-03-31": "2.38", "2012-12-31": "2.09", "2012-09-30": "2.30", "2012-06-30": "2.24", "2012-03-31": "2.22", "2011-12-31": "2.18", "2011-09-30": "1.83", "2011-06-30": "2.16", "2011-03-31": "1.99", "2010-12-31": "2.02", "2010-09-30": "1.67", "2010-06-30": "1.74", "2010-03-31": "1.93", "2009-12-31": "1.71", "2009-09-30": "1.60", "2009-06-30": "1.26", "2009-03-31": "1.18", "2008-12-31": "1.34", "2008-09-30": "1.57", "2008-06-30": "1.71", "2008-03-31": "1.60", "2007-12-31": "1.61", "2007-09-30": "1.64", "2007-06-30": "1.76", "2007-03-31": "1.68", "2006-12-31": "1.93"}, "price book": {"current": "1.09", "2021-02-05": "1.09", "2020-09-30": "0.69", "2020-06-30": "0.76", "2020-03-31": "0.58", "2019-12-31": "1.23", "2019-09-30": "1.11", "2019-06-30": "1.09", "2019-03-31": "1.22", "2018-12-31": "1.12", "2018-09-30": "1.65", "2018-06-30": "1.61", "2018-03-31": "1.71", "2017-12-31": "1.59", "2017-09-30": "1.53", "2017-06-30": "1.46", "2017-03-31": "1.38", "2016-12-31": "1.49", "2016-09-30": "1.19", "2016-06-30": "1.09", "2016-03-31": "0.96", "2015-12-31": "1.06", "2015-09-30": "1.12", "2015-06-30": "1.22", "2015-03-31": "1.08", "2014-12-31": "1.07", "2014-09-30": "1.20", "2014-06-30": "1.20", "2014-03-31": "1.28", "2013-12-31": "1.25", "2013-09-30": "1.20", "2013-06-30": "1.22", "2013-03-31": "1.15", "2012-12-31": "1.02", "2012-09-30": "1.07", "2012-06-30": "1.07", "2012-03-31": "1.05", "2011-12-31": "1.05", "2011-09-30": "0.90", "2011-06-30": "1.08", "2011-03-31": "1.05", "2010-12-31": "1.09", "2010-09-30": "0.93", "2010-06-30": "1.00", "2010-03-31": "1.15", "2009-12-31": "1.08", "2009-09-30": "1.06", "2009-06-30": "0.91", "2009-03-31": "0.88", "2008-12-31": "1.07", "2008-09-30": "1.21", "2008-06-30": "1.33", "2008-03-31": "1.26", "2007-12-31": "1.29", "2007-09-30": "1.32", "2007-06-30": "1.43", "2007-03-31": "1.36", "2006-12-31": "1.52", "2006-09-30": "1.52", "2006-06-30": "1.51", "2006-03-31": "1.43"}, "price fcf": {"2021-02-05": "", "2020-09-30": "$17.31", "2020-06-30": "$17.30", "2020-03-31": "$-17.66", "2019-12-31": "$-9.60", "2019-09-30": "$-20.59", "2019-06-30": "$-5.47", "2019-03-31": "$-22.44", "2018-12-31": "$-8.83", "2018-09-30": "$0.77", "2018-06-30": "$-14.98", "2018-03-31": "$3.13", "2017-12-31": "$3.68", "2017-09-30": "$3.68", "2017-06-30": "$-1.61", "2017-03-31": "$-2.94", "2016-12-31": "$-1.43", "2016-09-30": "$-6.09", "2016-06-30": "$7.19", "2016-03-31": "$6.06", "2015-12-31": "$3.34", "2015-09-30": "$2.18", "2015-06-30": "$-0.53", "2015-03-31": "$-5.08", "2014-12-31": "$-1.03", "2014-09-30": "$1.57", "2014-06-30": "$7.66", "2014-03-31": "$9.08", "2013-12-31": "$11.05", "2013-09-30": "$10.15", "2013-06-30": "$6.25", "2013-03-31": "$7.89", "2012-12-31": "$9.82", "2012-09-30": "$10.41", "2012-06-30": "$10.10", "2012-03-31": "$5.19", "2011-12-31": "$5.79", "2011-09-30": "$5.79", "2011-06-30": "$7.30", "2011-03-31": "$10.64", "2010-12-31": "$5.00", "2010-09-30": "$2.92", "2010-06-30": "$4.48", "2010-03-31": "$7.31", "2009-12-31": "$4.15", "2009-09-30": "$1.50", "2009-06-30": "$0.44", "2009-03-31": "$-1.66", "2008-12-31": "$1.80", "2008-09-30": "$5.47", "2008-06-30": "$4.17", "2008-03-31": "$2.46", "2007-12-31": "$4.24", "2007-09-30": "$3.20", "2007-06-30": "$3.29", "2007-03-31": "$3.31", "2006-12-31": "$3.38"}, "net worth": {"value": "$5.69B"}, "current ratio": {"2020-09-30": "0.80", "2020-06-30": "0.80", "2020-03-31": "0.82", "2019-12-31": "0.82", "2019-09-30": "0.89", "2019-06-30": "0.95", "2019-03-31": "0.98", "2018-12-31": "0.95", "2018-09-30": "0.97", "2018-06-30": "0.96", "2018-03-31": "0.95", "2017-12-31": "0.90", "2017-09-30": "0.93", "2017-06-30": "0.90", "2017-03-31": "0.90", "2016-12-31": "0.88", "2016-09-30": "0.94", "2016-06-30": "0.91", "2016-03-31": "0.89", "2015-12-31": "0.85", "2015-09-30": "0.85", "2015-06-30": "0.83", "2015-03-31": "0.81", "2014-12-31": "0.76", "2014-09-30": "0.78", "2014-06-30": "0.67", "2014-03-31": "0.65", "2013-12-31": "0.64", "2013-09-30": "0.65", "2013-06-30": "0.66", "2013-03-31": "0.63", "2012-12-31": "0.61", "2012-09-30": "0.58", "2012-06-30": "0.60", "2012-03-31": "0.60", "2011-12-31": "0.59", "2011-09-30": "0.59", "2011-06-30": "0.59", "2011-03-31": "0.60", "2010-12-31": "0.62", "2010-09-30": "0.68", "2010-06-30": "0.67", "2010-03-31": "0.68", "2009-12-31": "0.70", "2009-09-30": "0.77", "2009-06-30": "0.76", "2009-03-31": "0.80", "2008-12-31": "0.79", "2008-09-30": "0.76", "2008-06-30": "0.79", "2008-03-31": "0.81", "2007-12-31": "0.78", "2007-09-30": "0.78", "2007-06-30": "0.81", "2007-03-31": "0.81", "2006-12-31": "0.79", "2006-09-30": "0.77", "2006-06-30": "0.77", "2006-03-31": "0.76", "2005-12-31": "0.77", "2005-09-30": "0.75", "2005-06-30": "0.76", "2005-03-31": "0.74"}, "quick ratio": {"2020-09-30": "0.00", "2020-06-30": "0.00", "2020-03-31": "0.00", "2019-12-31": "0.00", "2019-09-30": "0.00", "2019-06-30": "0.00", "2019-03-31": "0.00", "2018-12-31": "0.00", "2018-09-30": "0.00", "2018-06-30": "0.00", "2018-03-31": "0.00", "2017-12-31": "0.00", "2017-09-30": "0.00", "2017-06-30": "0.00", "2017-03-31": "0.00", "2016-12-31": "0.00", "2016-09-30": "0.00", "2016-06-30": "0.00", "2016-03-31": "0.00", "2015-12-31": "0.00", "2015-09-30": "0.00", "2015-06-30": "0.00", "2015-03-31": "0.00", "2014-12-31": "0.00", "2014-09-30": "0.00", "2014-06-30": "0.00", "2014-03-31": "0.00", "2013-12-31": "0.00", "2013-09-30": "0.00", "2013-06-30": "0.00", "2013-03-31": "0.00", "2012-12-31": "0.00", "2012-09-30": "0.00", "2012-06-30": "0.00", "2012-03-31": "0.00", "2011-12-31": "0.00", "2011-09-30": "0.00", "2011-06-30": "0.00", "2011-03-31": "0.00", "2010-12-31": "0.00", "2010-09-30": "0.00", "2010-06-30": "0.00", "2010-03-31": "0.00", "2009-12-31": "0.00", "2009-09-30": "0.00", "2009-06-30": "0.00", "2009-03-31": "0.00", "2008-12-31": "0.00", "2008-09-30": "0.00", "2008-06-30": "0.00", "2008-03-31": "0.00", "2007-12-31": "0.00", "2007-09-30": "0.00", "2007-06-30": "0.00", "2007-03-31": "0.00", "2006-12-31": "0.00", "2006-09-30": "0.00", "2006-06-30": "0.00", "2006-03-31": "0.00", "2005-12-31": "0.00", "2005-09-30": "0.00", "2005-06-30": "0.00", "2005-03-31": "0.00"}, "debt equity ratio": {"current": "0.58", "2020-09-30": "7.82", "2020-06-30": "7.98", "2020-03-31": "8.36", "2019-12-31": "7.67", "2019-09-30": "7.92", "2019-06-30": "7.88", "2019-03-31": "7.80", "2018-12-31": "7.56", "2018-09-30": "8.18", "2018-06-30": "8.46", "2018-03-31": "8.49", "2017-12-31": "8.17", "2017-09-30": "8.39", "2017-06-30": "8.35", "2017-03-31": "8.68", "2016-12-31": "8.91", "2016-09-30": "8.55", "2016-06-30": "8.40", "2016-03-31": "8.36", "2015-12-31": "8.63", "2015-09-30": "7.95", "2015-06-30": "8.00", "2015-03-31": "7.94", "2014-12-31": "7.72", "2014-09-30": "7.88", "2014-06-30": "7.57", "2014-03-31": "7.70", "2013-12-31": "7.84", "2013-09-30": "7.98", "2013-06-30": "8.29", "2013-03-31": "8.01", "2012-12-31": "8.40", "2012-09-30": "8.00", "2012-06-30": "7.75", "2012-03-31": "8.02", "2011-12-31": "8.15", "2011-09-30": "8.06", "2011-06-30": "8.00", "2011-03-31": "8.12", "2010-12-31": "8.41", "2010-09-30": "8.66", "2010-06-30": "8.69", "2010-03-31": "9.08", "2009-12-31": "9.57", "2009-09-30": "9.83", "2009-06-30": "10.02", "2009-03-31": "10.99", "2008-12-31": "11.22", "2008-09-30": "10.42", "2008-06-30": "10.44", "2008-03-31": "9.50", "2007-12-31": "9.68", "2007-09-30": "9.62", "2007-06-30": "9.74", "2007-03-31": "9.12", "2006-12-31": "9.49", "2006-09-30": "9.25", "2006-06-30": "9.69", "2006-03-31": "9.41", "2005-12-31": "9.61", "2005-09-30": "9.80", "2005-06-30": "9.44", "2005-03-31": "9.32"}, "return on equity": {"2020-09-30": "7.75%", "2020-06-30": "7.66%", "2020-03-31": "9.31%", "2019-12-31": "10.57%", "2019-09-30": "10.75%", "2019-06-30": "10.92%", "2019-03-31": "11.10%", "2018-12-31": "11.74%", "2018-09-30": "11.46%", "2018-06-30": "10.70%", "2018-03-31": "10.06%", "2017-12-31": "9.64%", "2017-09-30": "9.18%", "2017-06-30": "8.88%", "2017-03-31": "8.23%", "2016-12-31": "6.88%", "2016-09-30": "7.13%", "2016-06-30": "7.14%", "2016-03-31": "7.52%", "2015-12-31": "8.45%", "2015-09-30": "8.53%", "2015-06-30": "8.65%", "2015-03-31": "8.66%", "2014-12-31": "8.92%", "2014-09-30": "9.52%", "2014-06-30": "9.72%", "2014-03-31": "10.05%", "2013-12-31": "10.46%", "2013-09-30": "10.81%", "2013-06-30": "11.22%", "2013-03-31": "11.89%", "2012-12-31": "11.93%", "2012-09-30": "11.56%", "2012-06-30": "11.70%", "2012-03-31": "10.90%", "2011-12-31": "10.51%", "2011-09-30": "10.41%", "2011-06-30": "9.89%", "2011-03-31": "9.96%", "2010-12-31": "10.03%", "2010-09-30": "9.65%", "2010-06-30": "9.42%", "2010-03-31": "9.29%", "2009-12-31": "9.48%", "2009-09-30": "9.56%", "2009-06-30": "10.16%", "2009-03-31": "7.56%", "2008-12-31": "7.85%", "2008-09-30": "8.59%", "2008-06-30": "8.85%", "2008-03-31": "11.93%", "2007-12-31": "11.81%", "2007-09-30": "12.16%", "2007-06-30": "12.10%", "2007-03-31": "12.54%", "2006-12-31": "13.09%", "2006-09-30": "13.28%", "2006-06-30": "13.48%", "2006-03-31": "13.38%", "2005-12-31": "13.51%"}, "return on assets": {"2020-09-30": "0.87%", "2020-06-30": "0.85%", "2020-03-31": "1.04%", "2019-12-31": "1.20%", "2019-09-30": "1.22%", "2019-06-30": "1.24%", "2019-03-31": "1.24%", "2018-12-31": "1.29%", "2018-09-30": "1.23%", "2018-06-30": "1.14%", "2018-03-31": "1.08%", "2017-12-31": "1.03%", "2017-09-30": "0.96%", "2017-06-30": "0.92%", "2017-03-31": "0.85%", "2016-12-31": "0.72%", "2016-09-30": "0.75%", "2016-06-30": "0.77%", "2016-03-31": "0.81%", "2015-12-31": "0.93%", "2015-09-30": "0.96%", "2015-06-30": "0.97%", "2015-03-31": "0.99%", "2014-12-31": "1.02%", "2014-09-30": "1.09%", "2014-06-30": "1.11%", "2014-03-31": "1.12%", "2013-12-31": "1.16%", "2013-09-30": "1.18%", "2013-06-30": "1.22%", "2013-03-31": "1.31%", "2012-12-31": "1.32%", "2012-09-30": "1.29%", "2012-06-30": "1.30%", "2012-03-31": "1.20%", "2011-12-31": "1.16%", "2011-09-30": "1.14%", "2011-06-30": "1.06%", "2011-03-31": "1.05%", "2010-12-31": "1.03%", "2010-09-30": "0.97%", "2010-06-30": "0.92%", "2010-03-31": "0.88%", "2009-12-31": "0.86%", "2009-09-30": "0.83%", "2009-06-30": "0.87%", "2009-03-31": "0.64%", "2008-12-31": "0.69%", "2008-09-30": "0.78%", "2008-06-30": "0.82%", "2008-03-31": "1.12%", "2007-12-31": "1.12%", "2007-09-30": "1.16%", "2007-06-30": "1.16%", "2007-03-31": "1.21%", "2006-12-31": "1.25%", "2006-09-30": "1.27%", "2006-06-30": "1.27%", "2006-03-31": "1.27%", "2005-12-31": "1.28%"}, "return on investments": {"2020-09-30": "5.41%", "2020-06-30": "4.62%", "2020-03-31": "5.03%", "2019-12-31": "5.41%", "2019-09-30": "5.17%", "2019-06-30": "5.22%", "2019-03-31": "5.35%", "2018-12-31": "5.69%", "2018-09-30": "5.91%", "2018-06-30": "5.64%", "2018-03-31": "5.65%", "2017-12-31": "5.65%", "2017-09-30": "5.19%", "2017-06-30": "4.92%", "2017-03-31": "4.38%", "2016-12-31": "3.63%", "2016-09-30": "3.79%", "2016-06-30": "4.02%", "2016-03-31": "4.50%", "2015-12-31": "5.38%", "2015-09-30": "5.96%", "2015-06-30": "6.21%", "2015-03-31": "6.93%", "2014-12-31": "7.90%", "2014-09-30": "8.78%", "2014-06-30": "9.66%", "2014-03-31": "9.24%", "2013-12-31": "9.36%", "2013-09-30": "9.82%", "2013-06-30": "10.96%", "2013-03-31": "13.39%", "2012-12-31": "14.70%", "2012-09-30": "14.81%", "2012-06-30": "15.47%", "2012-03-31": "14.31%", "2011-12-31": "14.02%", "2011-09-30": "13.03%", "2011-06-30": "11.15%", "2011-03-31": "9.88%", "2010-12-31": "8.65%", "2010-09-30": "7.70%", "2010-06-30": "6.79%", "2010-03-31": "6.42%", "2009-12-31": "6.29%", "2009-09-30": "6.00%", "2009-06-30": "6.90%", "2009-03-31": "4.84%", "2008-12-31": "5.29%", "2008-09-30": "6.52%", "2008-06-30": "6.92%", "2008-03-31": "10.07%", "2007-12-31": "10.61%", "2007-09-30": "11.31%", "2007-06-30": "11.42%", "2007-03-31": "12.21%", "2006-12-31": "12.65%", "2006-09-30": "12.06%", "2006-06-30": "11.63%", "2006-03-31": "11.38%", "2005-12-31": "11.28%"}, "return on tangible equity": {"2020-09-30": "10.43%", "2020-06-30": "10.45%", "2020-03-31": "12.89%", "2019-12-31": "14.94%", "2019-09-30": "15.41%", "2019-06-30": "15.36%", "2019-03-31": "15.23%", "2018-12-31": "15.56%", "2018-09-30": "14.53%", "2018-06-30": "13.56%", "2018-03-31": "12.74%", "2017-12-31": "12.23%", "2017-09-30": "11.71%", "2017-06-30": "11.23%", "2017-03-31": "10.31%", "2016-12-31": "8.53%", "2016-09-30": "8.77%", "2016-06-30": "8.79%", "2016-03-31": "9.27%", "2015-12-31": "10.37%", "2015-09-30": "10.39%", "2015-06-30": "10.52%", "2015-03-31": "10.51%", "2014-12-31": "10.82%", "2014-09-30": "11.56%", "2014-06-30": "11.78%", "2014-03-31": "12.17%", "2013-12-31": "12.63%", "2013-09-30": "13.00%", "2013-06-30": "13.44%", "2013-03-31": "14.14%", "2012-12-31": "14.16%", "2012-09-30": "13.68%", "2012-06-30": "13.83%", "2012-03-31": "12.96%", "2011-12-31": "12.60%", "2011-09-30": "12.58%", "2011-06-30": "12.00%", "2011-03-31": "12.15%", "2010-12-31": "12.31%", "2010-09-30": "11.88%", "2010-06-30": "11.67%", "2010-03-31": "11.58%", "2009-12-31": "11.84%", "2009-09-30": "12.04%", "2009-06-30": "12.92%", "2009-03-31": "9.66%", "2008-12-31": "10.06%", "2008-09-30": "11.03%", "2008-06-30": "11.43%", "2008-03-31": "15.55%", "2007-12-31": "15.24%", "2007-09-30": "15.51%", "2007-06-30": "15.22%", "2007-03-31": "15.55%", "2006-12-31": "16.38%", "2006-09-30": "16.71%", "2006-06-30": "17.03%", "2006-03-31": "16.88%", "2005-12-31": "17.03%"}, "dividend yield history": {"last payout": "$2.08", "last yield": "2.57%"}}