{"ticker": "BAH", "price": {"title": "Booz Allen Hamilton Holding Historical Annual Stock Price Data", "value": 82.09, "historical": {"2020": {"Average Stock Price": "79.1165", "Year Open": "71.9000", "Year High": "90.6800", "Year Low": "57.3800", "Year Close": "87.1800", "Annual % Change": "22.56%"}, "2019": {"Average Stock Price": "64.0065", "Year Open": "44.3300", "Year High": "77.1000", "Year Low": "43.9700", "Year Close": "71.1300", "Annual % Change": "57.82%"}, "2018": {"Average Stock Price": "44.6502", "Year Open": "37.9600", "Year High": "52.7200", "Year Low": "35.9300", "Year Close": "45.0700", "Annual % Change": "18.20%"}, "2017": {"Average Stock Price": "35.9712", "Year Open": "35.7200", "Year High": "39.5300", "Year Low": "31.9000", "Year Close": "38.1300", "Annual % Change": "5.71%"}, "2016": {"Average Stock Price": "30.3997", "Year Open": "30.0200", "Year High": "38.2000", "Year Low": "25.6800", "Year Close": "36.0700", "Annual % Change": "16.92%"}, "2015": {"Average Stock Price": "27.9714", "Year Open": "26.5600", "Year High": "31.1300", "Year Low": "24.4500", "Year Close": "30.8500", "Annual % Change": "16.28%"}, "2014": {"Average Stock Price": "22.6681", "Year Open": "18.8400", "Year High": "27.7800", "Year Low": "17.7100", "Year Close": "26.5300", "Annual % Change": "38.54%"}, "2013": {"Average Stock Price": "16.8756", "Year Open": "14.4900", "Year High": "21.3800", "Year Low": "12.5900", "Year Close": "19.1500", "Annual % Change": "37.57%"}, "2012": {"Average Stock Price": "15.8517", "Year Open": "17.5400", "Year High": "19.0600", "Year Low": "11.9000", "Year Close": "13.9200", "Annual % Change": "-19.30%"}, "2011": {"Average Stock Price": "17.4492", "Year Open": "19.1900", "Year High": "19.8700", "Year Low": "13.5200", "Year Close": "17.2500", "Annual % Change": "-11.22%"}, "2010": {"Average Stock Price": "19.2560", "Year Open": "19.5000", "Year High": "20.0000", "Year Low": "18.5700", "Year Close": "19.4300", "Annual % Change": "0.00%"}}}, "market cap": {"value": "$11.3B"}, "income statement": {"Revenue": {"2020-03-31": "7463.84100", "2019-03-31": "6704.03700", "2018-03-31": "6167.60000", "2017-03-31": "5809.49100", "2016-03-31": "5405.73800", "2015-03-31": "5274.77000", "2014-03-31": "5478.69300", "2013-03-31": "5758.05900", "2012-03-31": "5859.21800", "2011-03-31": "5591.29600", "2010-03-31": "5122.63300"}, "Cost Of Goods Sold": {"2020-03-31": "3379.18000", "2019-03-31": "3100.46600", "2018-03-31": "2866.26800", "2017-03-31": "2678.71500", "2016-03-31": "2580.02600", "2015-03-31": "2593.84900", "2014-03-31": "2716.11300", "2013-03-31": "2871.24000", "2012-03-31": "2934.37800", "2011-03-31": "2836.95500", "2010-03-31": "2654.14300"}, "Gross Profit": {"2020-03-31": "4084.66100", "2019-03-31": "3603.57100", "2018-03-31": "3301.33200", "2017-03-31": "3130.77600", "2016-03-31": "2825.71200", "2015-03-31": "2680.92100", "2014-03-31": "2762.58000", "2013-03-31": "2886.81900", "2012-03-31": "2924.84000", "2011-03-31": "2754.34100", "2010-03-31": "2468.49000"}, "Research And Development Expenses": {"2020-03-31": "", "2019-03-31": "", "2018-03-31": "", "2017-03-31": "", "2016-03-31": "", "2015-03-31": "", "2014-03-31": "", "2013-03-31": "", "2012-03-31": "", "2011-03-31": "", "2010-03-31": ""}, "SG&A Expenses": {"2020-03-31": "1035.96500", "2019-03-31": "927.93800", "2018-03-31": "855.54100", "2017-03-31": "814.14100", "2016-03-31": "806.50900", "2015-03-31": "752.91200", "2014-03-31": "742.52700", "2013-03-31": "833.98600", "2012-03-31": "903.72100", "2011-03-31": "881.02800", "2010-03-31": "811.94400"}, "Other Operating Income Or Expenses": {"2020-03-31": "-2298.41300", "2019-03-31": "-2004.66400", "2018-03-31": "-1861.31200", "2017-03-31": "-1751.07700", "2016-03-31": "-1513.08300", "2015-03-31": "-1406.52700", "2014-03-31": "-1487.11500", "2013-03-31": "-1532.59000", "2012-03-31": "-1542.82200", "2011-03-31": "-1473.26600", "2010-03-31": "-1361.22900"}, "Operating Expenses": {"2020-03-31": "6794.63900", "2019-03-31": "6101.64300", "2018-03-31": "5647.87700", "2017-03-31": "5303.47700", "2016-03-31": "4961.15400", "2015-03-31": "4815.94800", "2014-03-31": "5018.08200", "2013-03-31": "5311.82500", "2012-03-31": "5471.78600", "2011-03-31": "5271.85200", "2010-03-31": "4923.07900"}, "Operating Income": {"2020-03-31": "669.20170", "2019-03-31": "602.39400", "2018-03-31": "519.72310", "2017-03-31": "506.01420", "2016-03-31": "444.58400", "2015-03-31": "458.82230", "2014-03-31": "460.61080", "2013-03-31": "446.23390", "2012-03-31": "387.43160", "2011-03-31": "319.44380", "2010-03-31": "199.55370"}, "Total Non-Operating Income/Expense": {"2020-03-31": "-89.76800", "2019-03-31": "-86.99100", "2018-03-31": "-89.68700", "2017-03-31": "-80.35700", "2016-03-31": "-65.12200", "2015-03-31": "-72.90400", "2014-03-31": "-79.82400", "2013-03-31": "-77.92300", "2012-03-31": "-43.55800", "2011-03-31": "-191.38000", "2010-03-31": "-150.56000"}, "Pre-Tax Income": {"2020-03-31": "579.43400", "2019-03-31": "515.40300", "2018-03-31": "430.03600", "2017-03-31": "425.65700", "2016-03-31": "379.46200", "2015-03-31": "385.91800", "2014-03-31": "380.78700", "2013-03-31": "368.31100", "2012-03-31": "343.87400", "2011-03-31": "128.06400", "2010-03-31": "48.99400"}, "Income Taxes": {"2020-03-31": "96.83100", "2019-03-31": "96.87400", "2018-03-31": "128.34400", "2017-03-31": "164.83200", "2016-03-31": "85.36800", "2015-03-31": "153.34900", "2014-03-31": "148.59900", "2013-03-31": "149.25300", "2012-03-31": "103.91900", "2011-03-31": "43.37000", "2010-03-31": "23.57500"}, "Income After Taxes": {"2020-03-31": "482.60300", "2019-03-31": "418.52900", "2018-03-31": "301.69200", "2017-03-31": "260.82500", "2016-03-31": "294.09400", "2015-03-31": "232.56900", "2014-03-31": "232.18800", "2013-03-31": "219.05800", "2012-03-31": "239.95500", "2011-03-31": "84.69400", "2010-03-31": "25.41900"}, "Other Income": {"2020-03-31": "", "2019-03-31": "", "2018-03-31": "", "2017-03-31": "", "2016-03-31": "", "2015-03-31": "", "2014-03-31": "", "2013-03-31": "", "2012-03-31": "", "2011-03-31": "", "2010-03-31": ""}, "Income From Continuous Operations": {"2020-03-31": "482.60300", "2019-03-31": "418.52900", "2018-03-31": "301.69200", "2017-03-31": "260.82500", "2016-03-31": "294.09400", "2015-03-31": "232.56900", "2014-03-31": "232.18800", "2013-03-31": "219.05800", "2012-03-31": "239.95500", "2011-03-31": "84.69400", "2010-03-31": "25.41900"}, "Income From Discontinued Operations": {"2020-03-31": "", "2019-03-31": "", "2018-03-31": "", "2017-03-31": "", "2016-03-31": "", "2015-03-31": "", "2014-03-31": "", "2013-03-31": "", "2012-03-31": "", "2011-03-31": "", "2010-03-31": ""}, "Net Income": {"2020-03-31": "482.60300", "2019-03-31": "418.52900", "2018-03-31": "301.69200", "2017-03-31": "260.82500", "2016-03-31": "294.09400", "2015-03-31": "232.56900", "2014-03-31": "232.18800", "2013-03-31": "219.05800", "2012-03-31": "239.95500", "2011-03-31": "84.69400", "2010-03-31": "25.41900"}, "EBITDA": {"2020-03-31": "756.42160", "2019-03-31": "680.32310", "2018-03-31": "590.45310", "2017-03-31": "581.12410", "2016-03-31": "514.47900", "2015-03-31": "533.06430", "2014-03-31": "544.61990", "2013-03-31": "537.46690", "2012-03-31": "468.51660", "2011-03-31": "452.78880", "2010-03-31": "303.52170"}, "EBIT": {"2020-03-31": "669.20170", "2019-03-31": "602.39400", "2018-03-31": "519.72310", "2017-03-31": "506.01420", "2016-03-31": "444.58400", "2015-03-31": "458.82230", "2014-03-31": "460.61080", "2013-03-31": "446.23390", "2012-03-31": "387.43160", "2011-03-31": "319.44380", "2010-03-31": "199.55370"}, "Basic Shares Outstanding": {"2020-03-31": "140.05900", "2019-03-31": "141.91100", "2018-03-31": "145.96500", "2017-03-31": "148.21900", "2016-03-31": "146.49400", "2015-03-31": "145.41400", "2014-03-31": "141.31500", "2013-03-31": "134.40270", "2012-03-31": "130.14600", "2011-03-31": "114.47900", "2010-03-31": "106.47800"}, "Shares Outstanding": {"2020-03-31": "141.23800", "2019-03-31": "143.15600", "2018-03-31": "147.75000", "2017-03-31": "150.27460", "2016-03-31": "149.71900", "2015-03-31": "150.37600", "2014-03-31": "148.68100", "2013-03-31": "144.85470", "2012-03-31": "140.81200", "2011-03-31": "127.44900", "2010-03-31": "116.22800"}, "Basic EPS": {"2020-03-31": "3.43000", "2019-03-31": "2.94000", "2018-03-31": "2.05000", "2017-03-31": "1.74000", "2016-03-31": "1.98000", "2015-03-31": "1.58000", "2014-03-31": "1.62000", "2013-03-31": "1.56000", "2012-03-31": "1.83000", "2011-03-31": "0.74000", "2010-03-31": "0.24000"}, "EPS - Earnings Per Share": {"2020-03-31": "3.41000", "2019-03-31": "2.91000", "2018-03-31": "2.03000", "2017-03-31": "1.72000", "2016-03-31": "1.94000", "2015-03-31": "1.52000", "2014-03-31": "1.54000", "2013-03-31": "1.45000", "2012-03-31": "1.70000", "2011-03-31": "0.66000", "2010-03-31": "0.22000"}}, "income statement, quarterly": {"Revenue": {"2020-12-31": "1904.02000", "2020-09-30": "2019.18500", "2020-06-30": "1956.45300", "2020-03-31": "1969.64700", "2019-12-31": "1849.44100", "2019-09-30": "1819.57700", "2019-06-30": "1825.17600", "2019-03-31": "1780.08000", "2018-12-31": "1663.11200", "2018-09-30": "1613.99700", "2018-06-30": "1646.84800", "2018-03-31": "1631.07600", "2017-12-31": "1470.70900", "2017-09-30": "1542.80500", "2017-06-30": "1523.01000", "2017-03-31": "1587.27800", "2016-12-31": "1404.63800", "2016-09-30": "1394.85300", "2016-06-30": "1422.72200", "2016-03-31": "1424.31700", "2015-12-31": "1307.66300", "2015-09-30": "1322.15400", "2015-06-30": "1351.60400", "2015-03-31": "1342.94600", "2014-12-31": "1304.68600", "2014-09-30": "1304.84100", "2014-06-30": "1322.29700", "2014-03-31": "1399.83200", "2013-12-31": "1273.15000", "2013-09-30": "1378.02000", "2013-06-30": "1427.69100", "2013-03-31": "1545.29000", "2012-12-31": "1392.69500", "2012-09-30": "1387.65000", "2012-06-30": "1432.42400", "2012-03-31": "1540.62000", "2011-12-31": "1442.71800", "2011-09-30": "1429.04400", "2011-06-30": "1446.83600", "2011-03-31": "1492.97700", "2010-12-31": "1389.17600", "2010-09-30": "1367.21400", "2010-06-30": "1341.92900", "2010-03-31": "", "2009-12-31": "1261.35300"}, "Cost Of Goods Sold": {"2020-12-31": "866.77100", "2020-09-30": "942.59700", "2020-06-30": "948.90200", "2020-03-31": "881.08390", "2019-12-31": "813.50000", "2019-09-30": "843.94200", "2019-06-30": "840.65400", "2019-03-31": "815.40410", "2018-12-31": "750.68000", "2018-09-30": "748.57000", "2018-06-30": "785.81200", "2018-03-31": "755.21010", "2017-12-31": "678.57400", "2017-09-30": "696.69100", "2017-06-30": "735.79300", "2017-03-31": "711.45700", "2016-12-31": "652.23600", "2016-09-30": "658.06800", "2016-06-30": "656.95400", "2016-03-31": "680.64990", "2015-12-31": "630.18900", "2015-09-30": "626.15500", "2015-06-30": "643.03200", "2015-03-31": "664.88210", "2014-12-31": "641.54100", "2014-09-30": "642.42500", "2014-06-30": "645.00100", "2014-03-31": "667.45010", "2013-12-31": "662.05300", "2013-09-30": "685.13800", "2013-06-30": "701.47200", "2013-03-31": "748.88420", "2012-12-31": "692.92000", "2012-09-30": "702.06600", "2012-06-30": "727.37000", "2012-03-31": "761.92780", "2011-12-31": "729.97700", "2011-09-30": "715.64200", "2011-06-30": "726.83100", "2011-03-31": "742.72310", "2010-12-31": "718.57400", "2010-09-30": "698.56300", "2010-06-30": "677.09500", "2010-03-31": "", "2009-12-31": "660.94700"}, "Gross Profit": {"2020-12-31": "1037.24900", "2020-09-30": "1076.58800", "2020-06-30": "1007.55100", "2020-03-31": "1088.56300", "2019-12-31": "1035.94100", "2019-09-30": "975.63500", "2019-06-30": "984.52200", "2019-03-31": "964.67570", "2018-12-31": "912.43210", "2018-09-30": "865.42690", "2018-06-30": "861.03600", "2018-03-31": "875.86580", "2017-12-31": "792.13500", "2017-09-30": "846.11410", "2017-06-30": "787.21700", "2017-03-31": "875.82140", "2016-12-31": "752.40190", "2016-09-30": "736.78500", "2016-06-30": "765.76810", "2016-03-31": "743.66670", "2015-12-31": "677.47390", "2015-09-30": "695.99900", "2015-06-30": "708.57200", "2015-03-31": "678.06410", "2014-12-31": "663.14500", "2014-09-30": "662.41600", "2014-06-30": "677.29600", "2014-03-31": "732.38180", "2013-12-31": "611.09700", "2013-09-30": "692.88200", "2013-06-30": "726.21910", "2013-03-31": "796.40630", "2012-12-31": "699.77500", "2012-09-30": "685.58400", "2012-06-30": "705.05400", "2012-03-31": "778.69220", "2011-12-31": "712.74100", "2011-09-30": "713.40190", "2011-06-30": "720.00510", "2011-03-31": "750.25420", "2010-12-31": "670.60210", "2010-09-30": "668.65100", "2010-06-30": "664.83400", "2010-03-31": "", "2009-12-31": "600.40600"}, "Research And Development Expenses": {"2020-12-31": "", "2020-09-30": "", "2020-06-30": "", "2020-03-31": "", "2019-12-31": "", "2019-09-30": "", "2019-06-30": "", "2019-03-31": "", "2018-12-31": "", "2018-09-30": "", "2018-06-30": "", "2018-03-31": "", "2017-12-31": "", "2017-09-30": "", "2017-06-30": "", "2017-03-31": "", "2016-12-31": "", "2016-09-30": "", "2016-06-30": "", "2016-03-31": "", "2015-12-31": "", "2015-09-30": "", "2015-06-30": "", "2015-03-31": "", "2014-12-31": "", "2014-09-30": "", "2014-06-30": "", "2014-03-31": "", "2013-12-31": "", "2013-09-30": "", "2013-06-30": "", "2013-03-31": "", "2012-12-31": "", "2012-09-30": "", "2012-06-30": "", "2012-03-31": "", "2011-12-31": "", "2011-09-30": "", "2011-06-30": "", "2011-03-31": "", "2010-12-31": "", "2010-09-30": "", "2010-06-30": "", "2010-03-31": "", "2009-12-31": ""}, "SG&A Expenses": {"2020-12-31": "254.82000", "2020-09-30": "244.70000", "2020-06-30": "245.85500", "2020-03-31": "311.84400", "2019-12-31": "245.71900", "2019-09-30": "244.12200", "2019-06-30": "234.28000", "2019-03-31": "272.52800", "2018-12-31": "222.67300", "2018-09-30": "226.90100", "2018-06-30": "205.83600", "2018-03-31": "244.53310", "2017-12-31": "203.94600", "2017-09-30": "213.62300", "2017-06-30": "193.43900", "2017-03-31": "228.80100", "2016-12-31": "201.18300", "2016-09-30": "194.45600", "2016-06-30": "189.70100", "2016-03-31": "208.89800", "2015-12-31": "200.80900", "2015-09-30": "208.14100", "2015-06-30": "188.66100", "2015-03-31": "228.54400", "2014-12-31": "176.32700", "2014-09-30": "176.97200", "2014-06-30": "171.06900", "2014-03-31": "221.97000", "2013-12-31": "175.74800", "2013-09-30": "173.48100", "2013-06-30": "171.32800", "2013-03-31": "245.60110", "2012-12-31": "182.53200", "2012-09-30": "212.49800", "2012-06-30": "193.35500", "2012-03-31": "247.11310", "2011-12-31": "224.48300", "2011-09-30": "220.29000", "2011-06-30": "211.83500", "2011-03-31": "256.49500", "2010-12-31": "206.20300", "2010-09-30": "217.91100", "2010-06-30": "200.41900", "2010-03-31": "", "2009-12-31": "205.94900"}, "Other Operating Income Or Expenses": {"2020-12-31": "-577.05900", "2020-09-30": "-603.65200", "2020-06-30": "-549.07700", "2020-03-31": "-606.87020", "2019-12-31": "-600.52200", "2019-09-30": "-539.84600", "2019-06-30": "-551.17500", "2019-03-31": "-538.83290", "2018-12-31": "-510.04700", "2018-09-30": "-478.34900", "2018-06-30": "-477.43500", "2018-03-31": "-483.07700", "2017-12-31": "-443.01500", "2017-09-30": "-483.55600", "2017-06-30": "-451.66400", "2017-03-31": "-480.13610", "2016-12-31": "-428.68500", "2016-09-30": "-409.99100", "2016-06-30": "-432.26500", "2016-03-31": "-415.34200", "2015-12-31": "-355.40100", "2015-09-30": "-363.69000", "2015-06-30": "-378.65000", "2015-03-31": "-341.53300", "2014-12-31": "-366.37100", "2014-09-30": "-347.65100", "2014-06-30": "-350.97200", "2014-03-31": "-403.22500", "2013-12-31": "-320.37000", "2013-09-30": "-365.63200", "2013-06-30": "-397.88800", "2013-03-31": "-418.16600", "2012-12-31": "-382.52000", "2012-09-30": "-353.44400", "2012-06-30": "-378.46000", "2012-03-31": "-399.18100", "2011-12-31": "-370.54000", "2011-09-30": "-380.91100", "2011-06-30": "-392.19000", "2011-03-31": "-389.26490", "2010-12-31": "-368.47200", "2010-09-30": "-359.24300", "2010-06-30": "-356.28600", "2010-03-31": "", "2009-12-31": "-329.10000"}, "Operating Expenses": {"2020-12-31": "1719.76300", "2020-09-30": "1811.96400", "2020-06-30": "1764.56600", "2020-03-31": "1820.57100", "2019-12-31": "1680.39600", "2019-09-30": "1647.54200", "2019-06-30": "1646.13000", "2019-03-31": "1644.98100", "2018-12-31": "1501.18000", "2018-09-30": "1470.24600", "2018-06-30": "1485.23600", "2018-03-31": "1499.38000", "2017-12-31": "1342.23600", "2017-09-30": "1409.91600", "2017-06-30": "1396.34500", "2017-03-31": "1436.35000", "2016-12-31": "1296.51400", "2016-09-30": "1277.19200", "2016-06-30": "1293.42100", "2016-03-31": "1319.80900", "2015-12-31": "1202.54700", "2015-09-30": "1213.33800", "2015-06-30": "1225.46000", "2015-03-31": "1250.38600", "2014-12-31": "1199.43000", "2014-09-30": "1182.85800", "2014-06-30": "1183.27400", "2014-03-31": "1310.59500", "2013-12-31": "1176.11600", "2013-09-30": "1242.35300", "2013-06-30": "1289.01800", "2013-03-31": "1432.41700", "2012-12-31": "1276.09900", "2012-09-30": "1285.62100", "2012-06-30": "1317.68800", "2012-03-31": "1443.16300", "2011-12-31": "1344.53000", "2011-09-30": "1335.37900", "2011-06-30": "1348.71400", "2011-03-31": "1409.31800", "2010-12-31": "1314.04500", "2010-09-30": "1295.30500", "2010-06-30": "1253.18400", "2010-03-31": "", "2009-12-31": "1220.64100"}, "Operating Income": {"2020-12-31": "184.25710", "2020-09-30": "207.22110", "2020-06-30": "191.88700", "2020-03-31": "149.07540", "2019-12-31": "169.04500", "2019-09-30": "172.03500", "2019-06-30": "179.04610", "2019-03-31": "135.09900", "2018-12-31": "161.93200", "2018-09-30": "143.75090", "2018-06-30": "161.61190", "2018-03-31": "131.69580", "2017-12-31": "128.47300", "2017-09-30": "132.88900", "2017-06-30": "126.66500", "2017-03-31": "150.92830", "2016-12-31": "108.12400", "2016-09-30": "117.66100", "2016-06-30": "129.30110", "2016-03-31": "104.50810", "2015-12-31": "105.11580", "2015-09-30": "108.81600", "2015-06-30": "126.14400", "2015-03-31": "92.56020", "2014-12-31": "105.25610", "2014-09-30": "121.98300", "2014-06-30": "139.02310", "2014-03-31": "89.23690", "2013-12-31": "97.03410", "2013-09-30": "135.66700", "2013-06-30": "138.67300", "2013-03-31": "112.87340", "2012-12-31": "116.59590", "2012-09-30": "102.02910", "2012-06-30": "114.73600", "2012-03-31": "97.45700", "2011-12-31": "98.18800", "2011-09-30": "93.66490", "2011-06-30": "98.12210", "2011-03-31": "83.65930", "2010-12-31": "75.13110", "2010-09-30": "71.90890", "2010-06-30": "88.74500", "2010-03-31": "", "2009-12-31": "40.71200"}, "Total Non-Operating Income/Expense": {"2020-12-31": "-18.27400", "2020-09-30": "-31.82100", "2020-06-30": "-21.07100", "2020-03-31": "-20.37200", "2019-12-31": "-22.32200", "2019-09-30": "-23.85800", "2019-06-30": "-23.21600", "2019-03-31": "-17.21900", "2018-12-31": "-21.66300", "2018-09-30": "-23.86400", "2018-06-30": "-24.24500", "2018-03-31": "-25.52900", "2017-12-31": "-21.97400", "2017-09-30": "-22.29600", "2017-06-30": "-19.88800", "2017-03-31": "-28.99700", "2016-12-31": "-15.50900", "2016-09-30": "-19.91400", "2016-06-30": "-15.93700", "2016-03-31": "-12.49400", "2015-12-31": "-17.20700", "2015-09-30": "-17.86300", "2015-06-30": "-17.55800", "2015-03-31": "-17.28000", "2014-12-31": "-18.64000", "2014-09-30": "-17.01000", "2014-06-30": "-19.97400", "2014-03-31": "-18.44400", "2013-12-31": "-18.85300", "2013-09-30": "-21.86900", "2013-06-30": "-20.65800", "2013-03-31": "-19.44300", "2012-12-31": "-21.59700", "2012-09-30": "-25.15400", "2012-06-30": "-11.72900", "2012-03-31": "-10.88200", "2011-12-31": "-11.79700", "2011-09-30": "-8.14300", "2011-06-30": "-12.73600", "2011-03-31": "-51.89900", "2010-12-31": "-53.18800", "2010-09-30": "-45.63300", "2010-06-30": "-40.66000", "2010-03-31": "", "2009-12-31": "-38.01600"}, "Pre-Tax Income": {"2020-12-31": "165.98300", "2020-09-30": "175.40000", "2020-06-30": "170.81600", "2020-03-31": "128.70400", "2019-12-31": "146.72300", "2019-09-30": "148.17700", "2019-06-30": "155.83000", "2019-03-31": "117.88000", "2018-12-31": "140.26900", "2018-09-30": "119.88700", "2018-06-30": "137.36700", "2018-03-31": "106.16700", "2017-12-31": "106.49900", "2017-09-30": "110.59300", "2017-06-30": "106.77700", "2017-03-31": "121.93100", "2016-12-31": "92.61500", "2016-09-30": "97.74700", "2016-06-30": "113.36400", "2016-03-31": "92.01400", "2015-12-31": "87.90900", "2015-09-30": "90.95300", "2015-06-30": "108.58600", "2015-03-31": "75.28000", "2014-12-31": "86.61600", "2014-09-30": "104.97300", "2014-06-30": "119.04900", "2014-03-31": "70.79300", "2013-12-31": "78.18100", "2013-09-30": "113.79800", "2013-06-30": "118.01500", "2013-03-31": "93.43000", "2012-12-31": "94.99900", "2012-09-30": "76.87500", "2012-06-30": "103.00700", "2012-03-31": "86.57500", "2011-12-31": "86.39100", "2011-09-30": "85.52200", "2011-06-30": "85.38600", "2011-03-31": "31.76000", "2010-12-31": "21.94300", "2010-09-30": "26.27600", "2010-06-30": "48.08500", "2010-03-31": "", "2009-12-31": "2.69600"}, "Income Taxes": {"2020-12-31": "21.61200", "2020-09-30": "39.31900", "2020-06-30": "41.48700", "2020-03-31": "-10.16200", "2019-12-31": "34.69700", "2019-09-30": "33.85200", "2019-06-30": "38.44400", "2019-03-31": "28.30500", "2018-12-31": "8.23200", "2018-09-30": "27.17400", "2018-06-30": "33.16300", "2018-03-31": "23.66100", "2017-12-31": "31.57200", "2017-09-30": "36.94600", "2017-06-30": "36.16500", "2017-03-31": "47.34300", "2016-12-31": "37.02500", "2016-09-30": "34.91700", "2016-06-30": "45.54700", "2016-03-31": "26.49700", "2015-12-31": "-20.14600", "2015-09-30": "34.73700", "2015-06-30": "44.28000", "2015-03-31": "31.91700", "2014-12-31": "33.80900", "2014-09-30": "39.68900", "2014-06-30": "47.93400", "2014-03-31": "23.89800", "2013-12-31": "31.01400", "2013-09-30": "45.98500", "2013-06-30": "47.70200", "2013-03-31": "38.61700", "2012-12-31": "38.81500", "2012-09-30": "30.75900", "2012-06-30": "41.06200", "2012-03-31": "35.94800", "2011-12-31": "23.53100", "2011-09-30": "10.19000", "2011-06-30": "34.25000", "2011-03-31": "13.69000", "2010-12-31": "-1.69500", "2010-09-30": "11.45900", "2010-06-30": "19.91600", "2010-03-31": "", "2009-12-31": "1.40200"}, "Income After Taxes": {"2020-12-31": "144.37100", "2020-09-30": "136.08100", "2020-06-30": "129.32900", "2020-03-31": "138.86600", "2019-12-31": "112.02600", "2019-09-30": "114.32500", "2019-06-30": "117.38600", "2019-03-31": "89.57500", "2018-12-31": "132.03700", "2018-09-30": "92.71300", "2018-06-30": "104.20400", "2018-03-31": "82.50600", "2017-12-31": "74.92700", "2017-09-30": "73.64700", "2017-06-30": "70.61200", "2017-03-31": "74.58800", "2016-12-31": "55.59000", "2016-09-30": "62.83000", "2016-06-30": "67.81700", "2016-03-31": "65.51700", "2015-12-31": "108.05500", "2015-09-30": "56.21600", "2015-06-30": "64.30600", "2015-03-31": "43.36300", "2014-12-31": "52.80700", "2014-09-30": "65.28400", "2014-06-30": "71.11500", "2014-03-31": "46.89500", "2013-12-31": "47.16700", "2013-09-30": "67.81300", "2013-06-30": "70.31300", "2013-03-31": "54.81300", "2012-12-31": "56.18400", "2012-09-30": "46.11600", "2012-06-30": "61.94500", "2012-03-31": "50.62700", "2011-12-31": "62.86000", "2011-09-30": "75.33200", "2011-06-30": "51.13600", "2011-03-31": "18.07000", "2010-12-31": "23.63800", "2010-09-30": "14.81700", "2010-06-30": "28.16900", "2010-03-31": "", "2009-12-31": "1.29400"}, "Other Income": {"2020-12-31": "", "2020-09-30": "", "2020-06-30": "", "2020-03-31": "", "2019-12-31": "", "2019-09-30": "", "2019-06-30": "", "2019-03-31": "", "2018-12-31": "", "2018-09-30": "", "2018-06-30": "", "2018-03-31": "", "2017-12-31": "", "2017-09-30": "", "2017-06-30": "", "2017-03-31": "", "2016-12-31": "", "2016-09-30": "", "2016-06-30": "", "2016-03-31": "", "2015-12-31": "", "2015-09-30": "", "2015-06-30": "", "2015-03-31": "", "2014-12-31": "", "2014-09-30": "", "2014-06-30": "", "2014-03-31": "", "2013-12-31": "", "2013-09-30": "", "2013-06-30": "", "2013-03-31": "", "2012-12-31": "", "2012-09-30": "", "2012-06-30": "", "2012-03-31": "", "2011-12-31": "", "2011-09-30": "", "2011-06-30": "", "2011-03-31": "", "2010-12-31": "", "2010-09-30": "", "2010-06-30": "", "2010-03-31": "", "2009-12-31": ""}, "Income From Continuous Operations": {"2020-12-31": "144.37100", "2020-09-30": "136.08100", "2020-06-30": "129.32900", "2020-03-31": "138.86600", "2019-12-31": "112.02600", "2019-09-30": "114.32500", "2019-06-30": "117.38600", "2019-03-31": "89.57500", "2018-12-31": "132.03700", "2018-09-30": "92.71300", "2018-06-30": "104.20400", "2018-03-31": "82.50600", "2017-12-31": "74.92700", "2017-09-30": "73.64700", "2017-06-30": "70.61200", "2017-03-31": "74.58800", "2016-12-31": "55.59000", "2016-09-30": "62.83000", "2016-06-30": "67.81700", "2016-03-31": "65.51700", "2015-12-31": "108.05500", "2015-09-30": "56.21600", "2015-06-30": "64.30600", "2015-03-31": "43.36300", "2014-12-31": "52.80700", "2014-09-30": "65.28400", "2014-06-30": "71.11500", "2014-03-31": "46.89500", "2013-12-31": "47.16700", "2013-09-30": "67.81300", "2013-06-30": "70.31300", "2013-03-31": "54.81300", "2012-12-31": "56.18400", "2012-09-30": "46.11600", "2012-06-30": "61.94500", "2012-03-31": "50.62700", "2011-12-31": "62.86000", "2011-09-30": "75.33200", "2011-06-30": "51.13600", "2011-03-31": "18.07000", "2010-12-31": "23.63800", "2010-09-30": "14.81700", "2010-06-30": "28.16900", "2010-03-31": "", "2009-12-31": "1.29400"}, "Income From Discontinued Operations": {"2020-12-31": "", "2020-09-30": "", "2020-06-30": "", "2020-03-31": "", "2019-12-31": "", "2019-09-30": "", "2019-06-30": "", "2019-03-31": "", "2018-12-31": "", "2018-09-30": "", "2018-06-30": "", "2018-03-31": "", "2017-12-31": "", "2017-09-30": "", "2017-06-30": "", "2017-03-31": "", "2016-12-31": "", "2016-09-30": "", "2016-06-30": "", "2016-03-31": "", "2015-12-31": "", "2015-09-30": "", "2015-06-30": "", "2015-03-31": "", "2014-12-31": "", "2014-09-30": "", "2014-06-30": "", "2014-03-31": "", "2013-12-31": "", "2013-09-30": "", "2013-06-30": "", "2013-03-31": "", "2012-12-31": "", "2012-09-30": "", "2012-06-30": "", "2012-03-31": "", "2011-12-31": "", "2011-09-30": "", "2011-06-30": "", "2011-03-31": "", "2010-12-31": "", "2010-09-30": "", "2010-06-30": "", "2010-03-31": "", "2009-12-31": ""}, "Net Income": {"2020-12-31": "144.37100", "2020-09-30": "136.08100", "2020-06-30": "129.32900", "2020-03-31": "138.86600", "2019-12-31": "112.02600", "2019-09-30": "114.32500", "2019-06-30": "117.38600", "2019-03-31": "89.57500", "2018-12-31": "132.03700", "2018-09-30": "92.71300", "2018-06-30": "104.20400", "2018-03-31": "82.50600", "2017-12-31": "74.92700", "2017-09-30": "73.64700", "2017-06-30": "70.61200", "2017-03-31": "74.58800", "2016-12-31": "55.59000", "2016-09-30": "62.83000", "2016-06-30": "67.81700", "2016-03-31": "65.51700", "2015-12-31": "108.05500", "2015-09-30": "56.21600", "2015-06-30": "64.30600", "2015-03-31": "43.36300", "2014-12-31": "52.80700", "2014-09-30": "65.28400", "2014-06-30": "71.11500", "2014-03-31": "46.89500", "2013-12-31": "47.16700", "2013-09-30": "67.81300", "2013-06-30": "70.31300", "2013-03-31": "54.81300", "2012-12-31": "56.18400", "2012-09-30": "46.11600", "2012-06-30": "61.94500", "2012-03-31": "50.62700", "2011-12-31": "62.86000", "2011-09-30": "75.33200", "2011-06-30": "51.13600", "2011-03-31": "18.07000", "2010-12-31": "23.63800", "2010-09-30": "14.81700", "2010-06-30": "28.16900", "2010-03-31": "", "2009-12-31": "1.29400"}, "EBITDA": {"2020-12-31": "206.49610", "2020-09-30": "229.34210", "2020-06-30": "213.68900", "2020-03-31": "172.35540", "2019-12-31": "190.87300", "2019-09-30": "192.90700", "2019-06-30": "200.28610", "2019-03-31": "154.51900", "2018-12-31": "180.94200", "2018-09-30": "165.73680", "2018-06-30": "179.12490", "2018-03-31": "150.22680", "2017-12-31": "146.54400", "2017-09-30": "150.27900", "2017-06-30": "143.40300", "2017-03-31": "168.99130", "2016-12-31": "123.72200", "2016-09-30": "142.52600", "2016-06-30": "145.88510", "2016-03-31": "121.51010", "2015-12-31": "123.36580", "2015-09-30": "126.27000", "2015-06-30": "143.33300", "2015-03-31": "110.03120", "2014-12-31": "122.53110", "2014-09-30": "139.86600", "2014-06-30": "160.63610", "2014-03-31": "109.42490", "2013-12-31": "117.27210", "2013-09-30": "158.83600", "2013-06-30": "159.08700", "2013-03-31": "134.56740", "2012-12-31": "136.82190", "2012-09-30": "131.36310", "2012-06-30": "134.71500", "2012-03-31": "118.19000", "2011-12-31": "119.19600", "2011-09-30": "113.68390", "2011-06-30": "117.44710", "2011-03-31": "134.06930", "2010-12-31": "109.68410", "2010-09-30": "98.24990", "2010-06-30": "110.78600", "2010-03-31": "", "2009-12-31": "40.71200"}, "EBIT": {"2020-12-31": "184.25710", "2020-09-30": "207.22110", "2020-06-30": "191.88700", "2020-03-31": "149.07540", "2019-12-31": "169.04500", "2019-09-30": "172.03500", "2019-06-30": "179.04610", "2019-03-31": "135.09920", "2018-12-31": "161.93200", "2018-09-30": "143.75090", "2018-06-30": "161.61190", "2018-03-31": "131.69600", "2017-12-31": "128.47300", "2017-09-30": "132.88900", "2017-06-30": "126.66500", "2017-03-31": "150.92800", "2016-12-31": "108.12400", "2016-09-30": "117.66100", "2016-06-30": "129.30110", "2016-03-31": "104.50810", "2015-12-31": "105.11580", "2015-09-30": "108.81600", "2015-06-30": "126.14400", "2015-03-31": "92.56010", "2014-12-31": "105.25610", "2014-09-30": "121.98300", "2014-06-30": "139.02310", "2014-03-31": "89.23680", "2013-12-31": "97.03410", "2013-09-30": "135.66700", "2013-06-30": "138.67300", "2013-03-31": "112.87290", "2012-12-31": "116.59590", "2012-09-30": "102.02910", "2012-06-30": "114.73600", "2012-03-31": "97.45670", "2011-12-31": "98.18800", "2011-09-30": "93.66490", "2011-06-30": "98.12210", "2011-03-31": "83.65880", "2010-12-31": "75.13110", "2010-09-30": "71.90890", "2010-06-30": "88.74500", "2010-03-31": "", "2009-12-31": "40.71200"}, "Basic Shares Outstanding": {"2020-12-31": "137.88000", "2020-09-30": "137.88300", "2020-06-30": "138.15350", "2020-03-31": "140.05900", "2019-12-31": "140.29800", "2019-09-30": "140.24500", "2019-06-30": "140.00460", "2019-03-31": "141.91100", "2018-12-31": "141.89100", "2018-09-30": "142.44300", "2018-06-30": "143.27300", "2018-03-31": "145.96500", "2017-12-31": "144.94240", "2017-09-30": "147.08530", "2017-06-30": "147.71500", "2017-03-31": "148.21900", "2016-12-31": "148.67900", "2016-09-30": "148.00900", "2016-06-30": "147.24180", "2016-03-31": "146.49400", "2015-12-31": "147.42860", "2015-09-30": "146.17700", "2015-06-30": "145.25200", "2015-03-31": "145.41400", "2014-12-31": "146.66500", "2014-09-30": "145.50230", "2014-06-30": "143.64540", "2014-03-31": "141.31500", "2013-12-31": "142.86400", "2013-09-30": "141.10500", "2013-06-30": "138.04500", "2013-03-31": "134.40270", "2012-12-31": "135.27300", "2012-09-30": "133.43700", "2012-06-30": "131.66800", "2012-03-31": "130.14600", "2011-12-31": "131.48000", "2011-09-30": "130.45700", "2011-06-30": "127.97500", "2011-03-31": "114.47900", "2010-12-31": "118.80500", "2010-09-30": "109.41100", "2010-06-30": "107.44300", "2010-03-31": "", "2009-12-31": "107.16600"}, "Shares Outstanding": {"2020-12-31": "138.88600", "2020-09-30": "138.74800", "2020-06-30": "139.17250", "2020-03-31": "141.23800", "2019-12-31": "141.55800", "2019-09-30": "141.36200", "2019-06-30": "141.12930", "2019-03-31": "143.15600", "2018-12-31": "143.05700", "2018-09-30": "143.70900", "2018-06-30": "144.69300", "2018-03-31": "147.75000", "2017-12-31": "146.57060", "2017-09-30": "148.88750", "2017-06-30": "149.86800", "2017-03-31": "150.27460", "2016-12-31": "150.60700", "2016-09-30": "150.20000", "2016-06-30": "149.63460", "2016-03-31": "149.71900", "2015-12-31": "149.90090", "2015-09-30": "149.38900", "2015-06-30": "149.27100", "2015-03-31": "150.37600", "2014-12-31": "150.67900", "2014-09-30": "150.40390", "2014-06-30": "149.62720", "2014-03-31": "148.68100", "2013-12-31": "148.83500", "2013-09-30": "148.50600", "2013-06-30": "147.23800", "2013-03-31": "144.85470", "2012-12-31": "145.06400", "2012-09-30": "144.24900", "2012-06-30": "142.67700", "2012-03-31": "140.81200", "2011-12-31": "141.80000", "2011-09-30": "141.26000", "2011-06-30": "139.92200", "2011-03-31": "127.44900", "2010-12-31": "131.21600", "2010-09-30": "122.50900", "2010-06-30": "120.95600", "2010-03-31": "", "2009-12-31": "119.31000"}, "Basic EPS": {"2020-12-31": "1.04000", "2020-09-30": "0.98000", "2020-06-30": "0.93000", "2020-03-31": "1.00000", "2019-12-31": "0.79000", "2019-09-30": "0.81000", "2019-06-30": "0.83000", "2019-03-31": "0.65000", "2018-12-31": "0.92000", "2018-09-30": "0.65000", "2018-06-30": "0.72000", "2018-03-31": "0.57000", "2017-12-31": "0.51000", "2017-09-30": "0.50000", "2017-06-30": "0.47000", "2017-03-31": "0.49000", "2016-12-31": "0.37000", "2016-09-30": "0.42000", "2016-06-30": "0.46000", "2016-03-31": "0.44000", "2015-12-31": "0.72000", "2015-09-30": "0.38000", "2015-06-30": "0.44000", "2015-03-31": "0.31000", "2014-12-31": "0.35000", "2014-09-30": "0.43000", "2014-06-30": "0.49000", "2014-03-31": "0.31000", "2013-12-31": "0.32000", "2013-09-30": "0.48000", "2013-06-30": "0.51000", "2013-03-31": "0.40000", "2012-12-31": "0.41000", "2012-09-30": "0.29000", "2012-06-30": "0.46000", "2012-03-31": "0.37000", "2011-12-31": "0.48000", "2011-09-30": "0.58000", "2011-06-30": "0.40000", "2011-03-31": "0.14000", "2010-12-31": "0.20000", "2010-09-30": "0.14000", "2010-06-30": "0.26000", "2010-03-31": "", "2009-12-31": "0.01000"}, "EPS - Earnings Per Share": {"2020-12-31": "1.03000", "2020-09-30": "0.98000", "2020-06-30": "0.92000", "2020-03-31": "0.99000", "2019-12-31": "0.79000", "2019-09-30": "0.80000", "2019-06-30": "0.83000", "2019-03-31": "0.63000", "2018-12-31": "0.92000", "2018-09-30": "0.64000", "2018-06-30": "0.72000", "2018-03-31": "0.56000", "2017-12-31": "0.51000", "2017-09-30": "0.49000", "2017-06-30": "0.47000", "2017-03-31": "0.49000", "2016-12-31": "0.37000", "2016-09-30": "0.41000", "2016-06-30": "0.45000", "2016-03-31": "0.43000", "2015-12-31": "0.71000", "2015-09-30": "0.37000", "2015-06-30": "0.43000", "2015-03-31": "0.28000", "2014-12-31": "0.35000", "2014-09-30": "0.42000", "2014-06-30": "0.47000", "2014-03-31": "0.30000", "2013-12-31": "0.31000", "2013-09-30": "0.45000", "2013-06-30": "0.48000", "2013-03-31": "0.37000", "2012-12-31": "0.38000", "2012-09-30": "0.27000", "2012-06-30": "0.43000", "2012-03-31": "0.36000", "2011-12-31": "0.44000", "2011-09-30": "0.53000", "2011-06-30": "0.37000", "2011-03-31": "0.13000", "2010-12-31": "0.18000", "2010-09-30": "0.12000", "2010-06-30": "0.23000", "2010-03-31": "0.00000", "2009-12-31": "0.01000"}}, "balance sheet": {"Cash On Hand": {"2020-03-31": "741.90100", "2019-03-31": "283.99000", "2018-03-31": "286.95800", "2017-03-31": "217.41700", "2016-03-31": "187.52900", "2015-03-31": "207.21700", "2014-03-31": "259.99400", "2013-03-31": "350.38400", "2012-03-31": "484.36800", "2011-03-31": "192.63100", "2010-03-31": "307.83500"}, "Receivables": {"2020-03-31": "1459.47100", "2019-03-31": "1330.36400", "2018-03-31": "1133.70500", "2017-03-31": "991.81000", "2016-03-31": "892.28900", "2015-03-31": "857.31000", "2014-03-31": "916.73700", "2013-03-31": "1029.58600", "2012-03-31": "1124.10900", "2011-03-31": "1111.00400", "2010-03-31": "1018.31100"}, "Inventory": {"2020-03-31": "", "2019-03-31": "", "2018-03-31": "", "2017-03-31": "", "2016-03-31": "", "2015-03-31": "", "2014-03-31": "", "2013-03-31": "", "2012-03-31": "", "2011-03-31": "", "2010-03-31": ""}, "Pre-Paid Expenses": {"2020-03-31": "126.81600", "2019-03-31": "84.98600", "2018-03-31": "71.30900", "2017-03-31": "85.25300", "2016-03-31": "109.95300", "2015-03-31": "84.14200", "2014-03-31": "49.55900", "2013-03-31": "44.38200", "2012-03-31": "32.09000", "2011-03-31": "33.49700", "2010-03-31": "32.54600"}, "Other Current Assets": {"2020-03-31": "", "2019-03-31": "", "2018-03-31": "", "2017-03-31": "", "2016-03-31": "", "2015-03-31": "", "2014-03-31": "", "2013-03-31": "", "2012-03-31": "13.09000", "2011-03-31": "23.31100", "2010-03-31": "11.47600"}, "Total Current Assets": {"2020-03-31": "2328.18800", "2019-03-31": "1699.34000", "2018-03-31": "1491.97200", "2017-03-31": "1294.48000", "2016-03-31": "1189.77100", "2015-03-31": "1148.66900", "2014-03-31": "1255.97700", "2013-03-31": "1424.35200", "2012-03-31": "1653.65700", "2011-03-31": "1360.44300", "2010-03-31": "1370.16800"}, "Property, Plant, And Equipment": {"2020-03-31": "208.07700", "2019-03-31": "172.45300", "2018-03-31": "152.36400", "2017-03-31": "139.16700", "2016-03-31": "130.16900", "2015-03-31": "111.36700", "2014-03-31": "129.42700", "2013-03-31": "166.57000", "2012-03-31": "191.07900", "2011-03-31": "173.43000", "2010-03-31": "136.64800"}, "Long-Term Investments": {"2020-03-31": "", "2019-03-31": "", "2018-03-31": "", "2017-03-31": "", "2016-03-31": "", "2015-03-31": "", "2014-03-31": "", "2013-03-31": "", "2012-03-31": "", "2011-03-31": "", "2010-03-31": ""}, "Goodwill And Intangible Assets": {"2020-03-31": "1882.14700", "2019-03-31": "1868.21100", "2018-03-31": "1859.65000", "2017-03-31": "1843.07000", "2016-03-31": "1582.57100", "2015-03-31": "1523.61300", "2014-03-31": "1494.67600", "2013-03-31": "1513.58900", "2012-03-31": "1411.83800", "2011-03-31": "1403.78700", "2010-03-31": "1432.00900"}, "Other Long-Term Assets": {"2020-03-31": "135.43200", "2019-03-31": "91.83700", "2018-03-31": "102.63300", "2017-03-31": "85.56300", "2016-03-31": "85.60600", "2015-03-31": "51.03600", "2014-03-31": "60.73800", "2013-03-31": "62.98500", "2012-03-31": "50.42700", "2011-03-31": "44.95400", "2010-03-31": "123.39800"}, "Total Long-Term Assets": {"2020-03-31": "2465.77800", "2019-03-31": "2132.50100", "2018-03-31": "2114.64700", "2017-03-31": "2078.62500", "2016-03-31": "1820.40000", "2015-03-31": "1715.31300", "2014-03-31": "1684.84100", "2013-03-31": "1753.17600", "2012-03-31": "1661.13400", "2011-03-31": "1663.58000", "2010-03-31": "1692.05500"}, "Total Assets": {"2020-03-31": "4793.96600", "2019-03-31": "3831.84100", "2018-03-31": "3606.61900", "2017-03-31": "3373.10500", "2016-03-31": "3010.17100", "2015-03-31": "2863.98200", "2014-03-31": "2940.81800", "2013-03-31": "3177.52800", "2012-03-31": "3314.79100", "2011-03-31": "3024.02300", "2010-03-31": "3062.22300"}, "Total Current Liabilities": {"2020-03-31": "1327.67800", "2019-03-31": "1179.23900", "2018-03-31": "1028.76700", "2017-03-31": "1101.40100", "2016-03-31": "939.91300", "2015-03-31": "848.99400", "2014-03-31": "917.10400", "2013-03-31": "964.64600", "2012-03-31": "914.44600", "2011-03-31": "866.13500", "2010-03-31": "785.92000"}, "Long Term Debt": {"2020-03-31": "2007.97900", "2019-03-31": "1701.83700", "2018-03-31": "1755.47900", "2017-03-31": "1470.17400", "2016-03-31": "1484.44800", "2015-03-31": "1555.76100", "2014-03-31": "1585.23100", "2013-03-31": "1659.61100", "2012-03-31": "922.92500", "2011-03-31": "964.32800", "2010-03-31": "1546.78200"}, "Other Non-Current Liabilities": {"2020-03-31": "243.60100", "2019-03-31": "242.16100", "2018-03-31": "252.60800", "2017-03-31": "227.93900", "2016-03-31": "177.32200", "2015-03-31": "272.72900", "2014-03-31": "258.61600", "2013-03-31": "326.47800", "2012-03-31": "292.23500", "2011-03-31": "286.31000", "2010-03-31": "219.93800"}, "Total Long Term Liabilities": {"2020-03-31": "2609.93200", "2019-03-31": "1977.23600", "2018-03-31": "2015.36100", "2017-03-31": "1698.11300", "2016-03-31": "1661.77000", "2015-03-31": "1828.49000", "2014-03-31": "1852.07800", "2013-03-31": "1986.08900", "2012-03-31": "1215.16000", "2011-03-31": "1250.63800", "2010-03-31": "1766.72000"}, "Total Liabilities": {"2020-03-31": "3937.61000", "2019-03-31": "3156.47500", "2018-03-31": "3044.12800", "2017-03-31": "2799.51400", "2016-03-31": "2601.68300", "2015-03-31": "2677.48400", "2014-03-31": "2769.18200", "2013-03-31": "2950.73500", "2012-03-31": "2129.60600", "2011-03-31": "2116.77300", "2010-03-31": "2552.64000"}, "Common Stock Net": {"2020-03-31": "1.61300", "2019-03-31": "1.59900", "2018-03-31": "1.58000", "2017-03-31": "1.55900", "2016-03-31": "1.53400", "2015-03-31": "1.50800", "2014-03-31": "1.46800", "2013-03-31": "1.41300", "2012-03-31": "1.35700", "2011-03-31": "1.31500", "2010-03-31": "1.11300"}, "Retained Earnings (Accumulated Deficit)": {"2020-03-31": "1330.81200", "2019-03-31": "994.81100", "2018-03-31": "690.51600", "2017-03-31": "478.10200", "2016-03-31": "318.53700", "2015-03-31": "104.45700", "2014-03-31": "42.68800", "2013-03-31": "124.77500", "2012-03-31": "299.37900", "2011-03-31": "71.33000", "2010-03-31": "-13.36400"}, "Comprehensive Income": {"2020-03-31": "-46.00100", "2019-03-31": "-11.19000", "2018-03-31": "-15.10600", "2017-03-31": "-17.07700", "2016-03-31": "-19.61300", "2015-03-31": "-22.15900", "2014-03-31": "-6.63600", "2013-03-31": "-13.78700", "2012-03-31": "-8.71500", "2011-03-31": "-5.45300", "2010-03-31": "-3.81800"}, "Other Share Holders Equity": {"2020-03-31": "", "2019-03-31": "", "2018-03-31": "", "2017-03-31": "", "2016-03-31": "", "2015-03-31": "", "2014-03-31": "", "2013-03-31": "", "2012-03-31": "", "2011-03-31": "", "2010-03-31": ""}, "Share Holder Equity": {"2020-03-31": "856.35600", "2019-03-31": "675.36600", "2018-03-31": "562.49100", "2017-03-31": "573.59100", "2016-03-31": "408.48800", "2015-03-31": "186.49800", "2014-03-31": "171.63600", "2013-03-31": "226.79300", "2012-03-31": "1185.18500", "2011-03-31": "907.25000", "2010-03-31": "509.58300"}, "Total Liabilities And Share Holders Equity": {"2020-03-31": "4793.96600", "2019-03-31": "3831.84100", "2018-03-31": "3606.61900", "2017-03-31": "3373.10500", "2016-03-31": "3010.17100", "2015-03-31": "2863.98200", "2014-03-31": "2940.81800", "2013-03-31": "3177.52800", "2012-03-31": "3314.79100", "2011-03-31": "3024.02300", "2010-03-31": "3062.22300"}}, "balance sheet, quarterly": {"Cash On Hand": {"2020-12-31": "1341.30100", "2020-09-30": "1275.19000", "2020-06-30": "620.61200", "2020-03-31": "741.90100", "2019-12-31": "696.82100", "2019-09-30": "781.54600", "2019-06-30": "649.10000", "2019-03-31": "283.99000", "2018-12-31": "211.85900", "2018-09-30": "342.58600", "2018-06-30": "149.72300", "2018-03-31": "286.95800", "2017-12-31": "289.49500", "2017-09-30": "330.04300", "2017-06-30": "337.48700", "2017-03-31": "217.41700", "2016-12-31": "349.62400", "2016-09-30": "307.22300", "2016-06-30": "179.97400", "2016-03-31": "187.52900", "2015-12-31": "167.10400", "2015-09-30": "187.40100", "2015-06-30": "151.47600", "2015-03-31": "207.21700", "2014-12-31": "197.44300", "2014-09-30": "241.82400", "2014-06-30": "319.44800", "2014-03-31": "259.99400", "2013-12-31": "403.16400", "2013-09-30": "427.22300", "2013-06-30": "385.35900", "2013-03-31": "350.38400", "2012-12-31": "317.57800", "2012-09-30": "488.97900", "2012-06-30": "336.05100", "2012-03-31": "484.36800", "2011-12-31": "405.02700", "2011-09-30": "356.22000", "2011-06-30": "228.51300", "2011-03-31": "192.63100", "2010-12-31": "457.77200", "2010-09-30": "", "2010-06-30": "", "2010-03-31": "", "2009-12-31": ""}, "Receivables": {"2020-12-31": "1420.70500", "2020-09-30": "1467.58100", "2020-06-30": "1521.54500", "2020-03-31": "1459.47100", "2019-12-31": "1427.81600", "2019-09-30": "1321.11100", "2019-06-30": "1407.71600", "2019-03-31": "1330.36400", "2018-12-31": "1322.09700", "2018-09-30": "1165.32600", "2018-06-30": "1275.22100", "2018-03-31": "1133.70500", "2017-12-31": "1045.30000", "2017-09-30": "1026.47700", "2017-06-30": "1073.96800", "2017-03-31": "991.81000", "2016-12-31": "902.49300", "2016-09-30": "872.65500", "2016-06-30": "952.79700", "2016-03-31": "892.28900", "2015-12-31": "845.17500", "2015-09-30": "847.95700", "2015-06-30": "867.44100", "2015-03-31": "857.31000", "2014-12-31": "844.74500", "2014-09-30": "820.70500", "2014-06-30": "897.54200", "2014-03-31": "916.73700", "2013-12-31": "886.26000", "2013-09-30": "968.44000", "2013-06-30": "995.55400", "2013-03-31": "1029.58600", "2012-12-31": "980.28700", "2012-09-30": "839.64700", "2012-06-30": "1070.77600", "2012-03-31": "1124.10900", "2011-12-31": "1065.05600", "2011-09-30": "1031.54500", "2011-06-30": "1079.94400", "2011-03-31": "1111.00400", "2010-12-31": "1011.66200", "2010-09-30": "", "2010-06-30": "", "2010-03-31": "", "2009-12-31": ""}, "Inventory": {"2020-12-31": "", "2020-09-30": "", "2020-06-30": "", "2020-03-31": "", "2019-12-31": "", "2019-09-30": "", "2019-06-30": "", "2019-03-31": "", "2018-12-31": "", "2018-09-30": "", "2018-06-30": "", "2018-03-31": "", "2017-12-31": "", "2017-09-30": "", "2017-06-30": "", "2017-03-31": "", "2016-12-31": "", "2016-09-30": "", "2016-06-30": "", "2016-03-31": "", "2015-12-31": "", "2015-09-30": "", "2015-06-30": "", "2015-03-31": "", "2014-12-31": "", "2014-09-30": "", "2014-06-30": "", "2014-03-31": "", "2013-12-31": "", "2013-09-30": "", "2013-06-30": "", "2013-03-31": "", "2012-12-31": "", "2012-09-30": "", "2012-06-30": "", "2012-03-31": "", "2011-12-31": "", "2011-09-30": "", "2011-06-30": "", "2011-03-31": "", "2010-12-31": "", "2010-09-30": "", "2010-06-30": "", "2010-03-31": "", "2009-12-31": ""}, "Pre-Paid Expenses": {"2020-12-31": "59.36000", "2020-09-30": "68.27200", "2020-06-30": "101.38300", "2020-03-31": "126.81600", "2019-12-31": "98.12600", "2019-09-30": "60.74600", "2019-06-30": "59.58300", "2019-03-31": "84.98600", "2018-12-31": "127.91000", "2018-09-30": "93.98500", "2018-06-30": "86.56700", "2018-03-31": "71.30900", "2017-12-31": "90.36500", "2017-09-30": "92.75700", "2017-06-30": "95.52100", "2017-03-31": "85.25300", "2016-12-31": "106.66600", "2016-09-30": "91.93500", "2016-06-30": "77.45700", "2016-03-31": "109.95300", "2015-12-31": "121.90400", "2015-09-30": "112.25500", "2015-06-30": "109.99600", "2015-03-31": "84.14200", "2014-12-31": "112.35800", "2014-09-30": "116.19500", "2014-06-30": "83.76300", "2014-03-31": "49.55900", "2013-12-31": "58.66800", "2013-09-30": "68.34600", "2013-06-30": "50.43200", "2013-03-31": "44.38200", "2012-12-31": "98.78700", "2012-09-30": "114.03600", "2012-06-30": "66.31800", "2012-03-31": "32.09000", "2011-12-31": "67.61200", "2011-09-30": "83.64500", "2011-06-30": "68.33100", "2011-03-31": "33.49700", "2010-12-31": "", "2010-09-30": "", "2010-06-30": "", "2010-03-31": "", "2009-12-31": ""}, "Other Current Assets": {"2020-12-31": "", "2020-09-30": "", "2020-06-30": "", "2020-03-31": "", "2019-12-31": "", "2019-09-30": "", "2019-06-30": "", "2019-03-31": "", "2018-12-31": "", "2018-09-30": "", "2018-06-30": "", "2018-03-31": "", "2017-12-31": "", "2017-09-30": "", "2017-06-30": "", "2017-03-31": "", "2016-12-31": "", "2016-09-30": "", "2016-06-30": "", "2016-03-31": "", "2015-12-31": "", "2015-09-30": "", "2015-06-30": "", "2015-03-31": "", "2014-12-31": "", "2014-09-30": "", "2014-06-30": "", "2014-03-31": "", "2013-12-31": "", "2013-09-30": "", "2013-06-30": "", "2013-03-31": "", "2012-12-31": "", "2012-09-30": "", "2012-06-30": "", "2012-03-31": "13.09000", "2011-12-31": "", "2011-09-30": "", "2011-06-30": "", "2011-03-31": "23.31100", "2010-12-31": "62.53000", "2010-09-30": "", "2010-06-30": "", "2010-03-31": "", "2009-12-31": ""}, "Total Current Assets": {"2020-12-31": "2821.36600", "2020-09-30": "2811.04300", "2020-06-30": "2243.54000", "2020-03-31": "2328.18800", "2019-12-31": "2222.76300", "2019-09-30": "2163.40300", "2019-06-30": "2116.39900", "2019-03-31": "1699.34000", "2018-12-31": "1661.86600", "2018-09-30": "1601.89700", "2018-06-30": "1511.51100", "2018-03-31": "1491.97200", "2017-12-31": "1425.16000", "2017-09-30": "1449.27700", "2017-06-30": "1506.97600", "2017-03-31": "1294.48000", "2016-12-31": "1358.78300", "2016-09-30": "1271.81300", "2016-06-30": "1210.22800", "2016-03-31": "1189.77100", "2015-12-31": "1134.18300", "2015-09-30": "1147.61300", "2015-06-30": "1128.91300", "2015-03-31": "1148.66900", "2014-12-31": "1154.54600", "2014-09-30": "1178.72400", "2014-06-30": "1300.75300", "2014-03-31": "1255.97700", "2013-12-31": "1348.09200", "2013-09-30": "1464.00900", "2013-06-30": "1431.34500", "2013-03-31": "1424.35200", "2012-12-31": "1396.65200", "2012-09-30": "1442.66200", "2012-06-30": "1473.14500", "2012-03-31": "1653.65700", "2011-12-31": "1537.69500", "2011-09-30": "1471.41000", "2011-06-30": "1376.78800", "2011-03-31": "1360.44300", "2010-12-31": "1531.96400", "2010-09-30": "", "2010-06-30": "", "2010-03-31": "", "2009-12-31": ""}, "Property, Plant, And Equipment": {"2020-12-31": "196.06300", "2020-09-30": "201.78400", "2020-06-30": "205.09600", "2020-03-31": "208.07700", "2019-12-31": "195.39200", "2019-09-30": "187.47500", "2019-06-30": "177.83700", "2019-03-31": "172.45300", "2018-12-31": "153.72000", "2018-09-30": "152.26400", "2018-06-30": "152.05300", "2018-03-31": "152.36400", "2017-12-31": "166.49800", "2017-09-30": "151.72400", "2017-06-30": "138.91200", "2017-03-31": "139.16700", "2016-12-31": "133.78800", "2016-09-30": "128.26600", "2016-06-30": "128.81300", "2016-03-31": "130.16900", "2015-12-31": "126.04800", "2015-09-30": "115.46500", "2015-06-30": "111.88000", "2015-03-31": "111.36700", "2014-12-31": "105.53700", "2014-09-30": "110.03300", "2014-06-30": "117.93000", "2014-03-31": "129.42700", "2013-12-31": "134.99000", "2013-09-30": "143.88500", "2013-06-30": "154.12600", "2013-03-31": "166.57000", "2012-12-31": "170.21600", "2012-09-30": "174.64000", "2012-06-30": "178.87000", "2012-03-31": "191.07900", "2011-12-31": "195.27700", "2011-09-30": "188.78900", "2011-06-30": "177.25400", "2011-03-31": "173.43000", "2010-12-31": "159.79400", "2010-09-30": "", "2010-06-30": "", "2010-03-31": "", "2009-12-31": ""}, "Long-Term Investments": {"2020-12-31": "", "2020-09-30": "", "2020-06-30": "", "2020-03-31": "", "2019-12-31": "", "2019-09-30": "", "2019-06-30": "", "2019-03-31": "", "2018-12-31": "", "2018-09-30": "", "2018-06-30": "", "2018-03-31": "", "2017-12-31": "", "2017-09-30": "", "2017-06-30": "", "2017-03-31": "", "2016-12-31": "", "2016-09-30": "", "2016-06-30": "", "2016-03-31": "", "2015-12-31": "", "2015-09-30": "", "2015-06-30": "", "2015-03-31": "", "2014-12-31": "", "2014-09-30": "", "2014-06-30": "", "2014-03-31": "", "2013-12-31": "", "2013-09-30": "", "2013-06-30": "", "2013-03-31": "", "2012-12-31": "", "2012-09-30": "", "2012-06-30": "", "2012-03-31": "", "2011-12-31": "", "2011-09-30": "", "2011-06-30": "", "2011-03-31": "", "2010-12-31": "", "2010-09-30": "", "2010-06-30": "", "2010-03-31": "", "2009-12-31": ""}, "Goodwill And Intangible Assets": {"2020-12-31": "1885.30700", "2020-09-30": "1884.92900", "2020-06-30": "1884.62900", "2020-03-31": "1882.14700", "2019-12-31": "1879.42900", "2019-09-30": "1875.46000", "2019-06-30": "1872.78900", "2019-03-31": "1868.21100", "2018-12-31": "1868.65000", "2018-09-30": "1869.10900", "2018-06-30": "1867.10600", "2018-03-31": "1859.65000", "2017-12-31": "1846.54100", "2017-09-30": "1835.06600", "2017-06-30": "1839.07900", "2017-03-31": "1843.07000", "2016-12-31": "1573.24000", "2016-09-30": "1576.35100", "2016-06-30": "1579.46100", "2016-03-31": "1582.57100", "2015-12-31": "1584.57600", "2015-09-30": "1519.37800", "2015-06-30": "1520.53300", "2015-03-31": "1523.61300", "2014-12-31": "1521.74300", "2014-09-30": "1489.35700", "2014-06-30": "1492.02100", "2014-03-31": "1494.67600", "2013-12-31": "1498.67400", "2013-09-30": "1505.04900", "2013-06-30": "1509.14400", "2013-03-31": "1513.58900", "2012-12-31": "1517.60600", "2012-09-30": "1405.29100", "2012-06-30": "1408.70500", "2012-03-31": "1411.83800", "2011-12-31": "1416.04000", "2011-09-30": "1409.04700", "2011-06-30": "1399.85900", "2011-03-31": "1403.78700", "2010-12-31": "1410.85600", "2010-09-30": "0.00000", "2010-06-30": "0.00000", "2010-03-31": "", "2009-12-31": "0.00000"}, "Other Long-Term Assets": {"2020-12-31": "220.43900", "2020-09-30": "145.61900", "2020-06-30": "140.09400", "2020-03-31": "135.43200", "2019-12-31": "89.70100", "2019-09-30": "91.71000", "2019-06-30": "89.31500", "2019-03-31": "91.83700", "2018-12-31": "113.74100", "2018-09-30": "112.11600", "2018-06-30": "101.36200", "2018-03-31": "102.63300", "2017-12-31": "101.09700", "2017-09-30": "93.56800", "2017-06-30": "90.55800", "2017-03-31": "85.56300", "2016-12-31": "100.72400", "2016-09-30": "117.18900", "2016-06-30": "123.17800", "2016-03-31": "85.60600", "2015-12-31": "121.70100", "2015-09-30": "92.16900", "2015-06-30": "91.85300", "2015-03-31": "51.03600", "2014-12-31": "50.24400", "2014-09-30": "51.01200", "2014-06-30": "52.70900", "2014-03-31": "60.73800", "2013-12-31": "68.37700", "2013-09-30": "71.57600", "2013-06-30": "73.40800", "2013-03-31": "62.98500", "2012-12-31": "66.43200", "2012-09-30": "67.48500", "2012-06-30": "48.30200", "2012-03-31": "50.42700", "2011-12-31": "58.33700", "2011-09-30": "66.92300", "2011-06-30": "73.66800", "2011-03-31": "44.95400", "2010-12-31": "95.91800", "2010-09-30": "", "2010-06-30": "", "2010-03-31": "", "2009-12-31": ""}, "Total Long-Term Assets": {"2020-12-31": "2546.81800", "2020-09-30": "2473.85500", "2020-06-30": "2460.44900", "2020-03-31": "2465.77800", "2019-12-31": "2407.86400", "2019-09-30": "2405.45500", "2019-06-30": "2397.25100", "2019-03-31": "2132.50100", "2018-12-31": "2136.11100", "2018-09-30": "2133.48900", "2018-06-30": "2120.52100", "2018-03-31": "2114.64700", "2017-12-31": "2114.13600", "2017-09-30": "2080.35800", "2017-06-30": "2068.54900", "2017-03-31": "2078.62500", "2016-12-31": "1807.75200", "2016-09-30": "1821.80600", "2016-06-30": "1831.45200", "2016-03-31": "1820.40000", "2015-12-31": "1832.32500", "2015-09-30": "1727.01200", "2015-06-30": "1724.26600", "2015-03-31": "1715.31300", "2014-12-31": "1677.52400", "2014-09-30": "1650.40200", "2014-06-30": "1662.66000", "2014-03-31": "1684.84100", "2013-12-31": "1702.04100", "2013-09-30": "1720.51000", "2013-06-30": "1736.67800", "2013-03-31": "1753.17600", "2012-12-31": "1754.25400", "2012-09-30": "1647.41600", "2012-06-30": "1635.87700", "2012-03-31": "1661.13400", "2011-12-31": "1669.65400", "2011-09-30": "1664.75900", "2011-06-30": "1650.78100", "2011-03-31": "1663.58000", "2010-12-31": "1666.56800", "2010-09-30": "", "2010-06-30": "", "2010-03-31": "", "2009-12-31": ""}, "Total Assets": {"2020-12-31": "5368.18400", "2020-09-30": "5284.89800", "2020-06-30": "4703.98900", "2020-03-31": "4793.96600", "2019-12-31": "4630.62700", "2019-09-30": "4568.85800", "2019-06-30": "4513.65000", "2019-03-31": "3831.84100", "2018-12-31": "3797.97700", "2018-09-30": "3735.38600", "2018-06-30": "3632.03200", "2018-03-31": "3606.61900", "2017-12-31": "3539.29600", "2017-09-30": "3529.63500", "2017-06-30": "3575.52500", "2017-03-31": "3373.10500", "2016-12-31": "3166.53500", "2016-09-30": "3093.61900", "2016-06-30": "3041.68000", "2016-03-31": "3010.17100", "2015-12-31": "2966.50800", "2015-09-30": "2874.62500", "2015-06-30": "2853.17900", "2015-03-31": "2863.98200", "2014-12-31": "2832.07000", "2014-09-30": "2829.12600", "2014-06-30": "2963.41300", "2014-03-31": "2940.81800", "2013-12-31": "3050.13300", "2013-09-30": "3184.51900", "2013-06-30": "3168.02300", "2013-03-31": "3177.52800", "2012-12-31": "3150.90600", "2012-09-30": "3090.07800", "2012-06-30": "3109.02200", "2012-03-31": "3314.79100", "2011-12-31": "3207.34900", "2011-09-30": "3136.16900", "2011-06-30": "3027.56900", "2011-03-31": "3024.02300", "2010-12-31": "3198.53200", "2010-09-30": "0.00000", "2010-06-30": "0.00000", "2010-03-31": "0.00000", "2009-12-31": "0.00000"}, "Total Current Liabilities": {"2020-12-31": "1420.96100", "2020-09-30": "1401.59100", "2020-06-30": "1238.77900", "2020-03-31": "1327.67800", "2019-12-31": "1153.83200", "2019-09-30": "1210.56900", "2019-06-30": "1211.51400", "2019-03-31": "1179.23900", "2018-12-31": "1104.42300", "2018-09-30": "1104.79800", "2018-06-30": "1022.55700", "2018-03-31": "1028.76700", "2017-12-31": "955.81200", "2017-09-30": "969.50700", "2017-06-30": "945.26700", "2017-03-31": "1101.40100", "2016-12-31": "921.02200", "2016-09-30": "890.14700", "2016-06-30": "895.36300", "2016-03-31": "939.91300", "2015-12-31": "793.47700", "2015-09-30": "788.19100", "2015-06-30": "816.37500", "2015-03-31": "848.99400", "2014-12-31": "808.85500", "2014-09-30": "828.11700", "2014-06-30": "855.96900", "2014-03-31": "917.10400", "2013-12-31": "899.64300", "2013-09-30": "875.96200", "2013-06-30": "912.89500", "2013-03-31": "964.64600", "2012-12-31": "976.29700", "2012-09-30": "969.05400", "2012-06-30": "878.25200", "2012-03-31": "914.44600", "2011-12-31": "837.46000", "2011-09-30": "831.61000", "2011-06-30": "808.15700", "2011-03-31": "866.13500", "2010-12-31": "1073.66200", "2010-09-30": "", "2010-06-30": "", "2010-03-31": "", "2009-12-31": ""}, "Long Term Debt": {"2020-12-31": "2297.14200", "2020-09-30": "2315.73900", "2020-06-30": "1989.32800", "2020-03-31": "2007.97900", "2019-12-31": "2026.64500", "2019-09-30": "2044.82100", "2019-06-30": "2063.32100", "2019-03-31": "1701.83700", "2018-12-31": "1715.36700", "2018-09-30": "1723.69900", "2018-06-30": "1740.75300", "2018-03-31": "1755.47900", "2017-12-31": "1769.16500", "2017-09-30": "1783.89700", "2017-06-30": "1798.65500", "2017-03-31": "1470.17400", "2016-12-31": "1485.05200", "2016-09-30": "1499.96700", "2016-06-30": "1501.54000", "2016-03-31": "1484.44800", "2015-12-31": "1514.57600", "2015-09-30": "1534.53100", "2015-06-30": "1554.48800", "2015-03-31": "1555.76100", "2014-12-31": "1584.06900", "2014-09-30": "1598.85300", "2014-06-30": "1613.64500", "2014-03-31": "1585.23100", "2013-12-31": "1605.34100", "2013-09-30": "1625.44100", "2013-06-30": "1643.88900", "2013-03-31": "1659.61100", "2012-12-31": "1675.36400", "2012-09-30": "1691.08800", "2012-06-30": "909.45300", "2012-03-31": "922.92500", "2011-12-31": "933.27900", "2011-09-30": "943.62800", "2011-06-30": "953.97600", "2011-03-31": "964.32800", "2010-12-31": "965.65200", "2010-09-30": "", "2010-06-30": "", "2010-03-31": "", "2009-12-31": ""}, "Other Non-Current Liabilities": {"2020-12-31": "306.19600", "2020-09-30": "329.37500", "2020-06-30": "333.70900", "2020-03-31": "331.68700", "2019-12-31": "261.67800", "2019-09-30": "190.56700", "2019-06-30": "202.01300", "2019-03-31": "242.16100", "2018-12-31": "302.93200", "2018-09-30": "260.54900", "2018-06-30": "261.24100", "2018-03-31": "252.60800", "2017-12-31": "250.04100", "2017-09-30": "239.94800", "2017-06-30": "232.57600", "2017-03-31": "227.93900", "2016-12-31": "190.74800", "2016-09-30": "187.16800", "2016-06-30": "182.50300", "2016-03-31": "177.32200", "2015-12-31": "277.69800", "2015-09-30": "282.91900", "2015-06-30": "274.66200", "2015-03-31": "272.72900", "2014-12-31": "243.89700", "2014-09-30": "237.83400", "2014-06-30": "263.95000", "2014-03-31": "258.61600", "2013-12-31": "266.46100", "2013-09-30": "292.98100", "2013-06-30": "323.04600", "2013-03-31": "326.47800", "2012-12-31": "314.72300", "2012-09-30": "310.40200", "2012-06-30": "301.46900", "2012-03-31": "292.23500", "2011-12-31": "294.34000", "2011-09-30": "290.15300", "2011-06-30": "291.27400", "2011-03-31": "286.31000", "2010-12-31": "274.71200", "2010-09-30": "", "2010-06-30": "", "2010-03-31": "", "2009-12-31": ""}, "Total Long Term Liabilities": {"2020-12-31": "2873.95800", "2020-09-30": "2911.35000", "2020-06-30": "2582.74300", "2020-03-31": "2609.93200", "2019-12-31": "2561.75800", "2019-09-30": "2518.10600", "2019-06-30": "2553.31300", "2019-03-31": "1977.23600", "2018-12-31": "2018.29900", "2018-09-30": "1984.24800", "2018-06-30": "2001.99400", "2018-03-31": "2015.36100", "2017-12-31": "2019.20600", "2017-09-30": "2023.84500", "2017-06-30": "2031.23100", "2017-03-31": "1698.11300", "2016-12-31": "1675.80000", "2016-09-30": "1687.13500", "2016-06-30": "1684.04300", "2016-03-31": "1661.77000", "2015-12-31": "1792.27400", "2015-09-30": "1817.45000", "2015-06-30": "1829.15000", "2015-03-31": "1828.49000", "2014-12-31": "1827.96600", "2014-09-30": "1836.68700", "2014-06-30": "1877.59500", "2014-03-31": "1852.07800", "2013-12-31": "1871.80200", "2013-09-30": "1918.42200", "2013-06-30": "1966.93500", "2013-03-31": "1986.08900", "2012-12-31": "1990.08700", "2012-09-30": "2001.49000", "2012-06-30": "1210.92200", "2012-03-31": "1215.16000", "2011-12-31": "1227.61900", "2011-09-30": "1233.78100", "2011-06-30": "1245.25000", "2011-03-31": "1250.63800", "2010-12-31": "1240.36400", "2010-09-30": "", "2010-06-30": "", "2010-03-31": "", "2009-12-31": ""}, "Total Liabilities": {"2020-12-31": "4294.91900", "2020-09-30": "4312.94100", "2020-06-30": "3821.52200", "2020-03-31": "3937.61000", "2019-12-31": "3715.59000", "2019-09-30": "3728.67500", "2019-06-30": "3764.82700", "2019-03-31": "3156.47500", "2018-12-31": "3122.72200", "2018-09-30": "3089.04600", "2018-06-30": "3024.55100", "2018-03-31": "3044.12800", "2017-12-31": "2975.01800", "2017-09-30": "2993.35200", "2017-06-30": "2976.49800", "2017-03-31": "2799.51400", "2016-12-31": "2596.82200", "2016-09-30": "2577.28200", "2016-06-30": "2579.40600", "2016-03-31": "2601.68300", "2015-12-31": "2585.75100", "2015-09-30": "2605.64100", "2015-06-30": "2645.52500", "2015-03-31": "2677.48400", "2014-12-31": "2636.82100", "2014-09-30": "2664.80400", "2014-06-30": "2733.56400", "2014-03-31": "2769.18200", "2013-12-31": "2771.44500", "2013-09-30": "2794.38400", "2013-06-30": "2879.83000", "2013-03-31": "2950.73500", "2012-12-31": "2966.38400", "2012-09-30": "2970.54400", "2012-06-30": "2089.17400", "2012-03-31": "2129.60600", "2011-12-31": "2065.07900", "2011-09-30": "2065.39100", "2011-06-30": "2053.40700", "2011-03-31": "2116.77300", "2010-12-31": "2314.02600", "2010-09-30": "0.00000", "2010-06-30": "0.00000", "2010-03-31": "", "2009-12-31": "0.00000"}, "Common Stock Net": {"2020-12-31": "1.62200", "2020-09-30": "1.62100", "2020-06-30": "1.61800", "2020-03-31": "1.61300", "2019-12-31": "1.60600", "2019-09-30": "1.60400", "2019-06-30": "1.60200", "2019-03-31": "1.59900", "2018-12-31": "1.59300", "2018-09-30": "1.59100", "2018-06-30": "1.58800", "2018-03-31": "1.58000", "2017-12-31": "1.57500", "2017-09-30": "1.57200", "2017-06-30": "1.56800", "2017-03-31": "1.55900", "2016-12-31": "1.55500", "2016-09-30": "1.54600", "2016-06-30": "1.53900", "2016-03-31": "1.53400", "2015-12-31": "1.53100", "2015-09-30": "1.52800", "2015-06-30": "1.51200", "2015-03-31": "1.50800", "2014-12-31": "1.50500", "2014-09-30": "1.50400", "2014-06-30": "1.48100", "2014-03-31": "1.46800", "2013-12-31": "1.46300", "2013-09-30": "1.46100", "2013-06-30": "1.41900", "2013-03-31": "1.41300", "2012-12-31": "1.40900", "2012-09-30": "1.38700", "2012-06-30": "1.36700", "2012-03-31": "1.35700", "2011-12-31": "1.35500", "2011-09-30": "1.35300", "2011-06-30": "1.32300", "2011-03-31": "1.31500", "2010-12-31": "1.31500", "2010-09-30": "0.00000", "2010-06-30": "0.00000", "2010-03-31": "", "2009-12-31": "0.00000"}, "Retained Earnings (Accumulated Deficit)": {"2020-12-31": "1609.55100", "2020-09-30": "1508.20600", "2020-06-30": "1415.12900", "2020-03-31": "1330.81200", "2019-12-31": "1235.60500", "2019-09-30": "1161.67400", "2019-06-30": "1079.78500", "2019-03-31": "994.81100", "2018-12-31": "937.66300", "2018-09-30": "832.77400", "2018-06-30": "767.27800", "2018-03-31": "690.51600", "2017-12-31": "622.58000", "2017-09-30": "577.68900", "2017-06-30": "532.23000", "2017-03-31": "478.10200", "2016-12-31": "437.46300", "2016-09-30": "404.39600", "2016-06-30": "364.00400", "2016-03-31": "318.53700", "2015-12-31": "275.35600", "2015-09-30": "186.71000", "2015-06-30": "149.71100", "2015-03-31": "104.45700", "2014-12-31": "80.26400", "2014-09-30": "43.88800", "2014-06-30": "97.75500", "2014-03-31": "42.68800", "2013-12-31": "123.24000", "2013-09-30": "234.71400", "2013-06-30": "181.17400", "2013-03-31": "124.77500", "2012-12-31": "82.41900", "2012-09-30": "38.47300", "2012-06-30": "150.65200", "2012-03-31": "299.37900", "2011-12-31": "260.65800", "2011-09-30": "197.79800", "2011-06-30": "122.46600", "2011-03-31": "71.33000", "2010-12-31": "53.26000", "2010-09-30": "", "2010-06-30": "", "2010-03-31": "", "2009-12-31": ""}, "Comprehensive Income": {"2020-12-31": "-39.95200", "2020-09-30": "-43.73200", "2020-06-30": "-47.41800", "2020-03-31": "-46.00100", "2019-12-31": "-26.15700", "2019-09-30": "-31.11900", "2019-06-30": "-26.12100", "2019-03-31": "-11.19000", "2018-12-31": "-17.92800", "2018-09-30": "-11.31700", "2018-06-30": "-12.77900", "2018-03-31": "-15.10600", "2017-12-31": "-14.57200", "2017-09-30": "-16.98700", "2017-06-30": "-17.22400", "2017-03-31": "-17.07700", "2016-12-31": "-18.21800", "2016-09-30": "-18.69900", "2016-06-30": "-19.15600", "2016-03-31": "-19.61300", "2015-12-31": "-20.57700", "2015-09-30": "-21.11100", "2015-06-30": "-21.63500", "2015-03-31": "-22.15900", "2014-12-31": "-6.37900", "2014-09-30": "-6.46500", "2014-06-30": "-6.55100", "2014-03-31": "-6.63600", "2013-12-31": "-11.83500", "2013-09-30": "-12.25400", "2013-06-30": "-13.36300", "2013-03-31": "-13.78700", "2012-12-31": "-8.31100", "2012-09-30": "-8.23500", "2012-06-30": "-8.61600", "2012-03-31": "-8.71500", "2011-12-31": "-5.13200", "2011-09-30": "-5.23800", "2011-06-30": "-5.34600", "2011-03-31": "-5.45300", "2010-12-31": "-3.57200", "2010-09-30": "", "2010-06-30": "", "2010-03-31": "", "2009-12-31": ""}, "Other Share Holders Equity": {"2020-12-31": "", "2020-09-30": "", "2020-06-30": "", "2020-03-31": "", "2019-12-31": "", "2019-09-30": "", "2019-06-30": "", "2019-03-31": "", "2018-12-31": "", "2018-09-30": "", "2018-06-30": "", "2018-03-31": "", "2017-12-31": "", "2017-09-30": "", "2017-06-30": "", "2017-03-31": "", "2016-12-31": "", "2016-09-30": "", "2016-06-30": "", "2016-03-31": "", "2015-12-31": "", "2015-09-30": "", "2015-06-30": "", "2015-03-31": "", "2014-12-31": "", "2014-09-30": "", "2014-06-30": "", "2014-03-31": "", "2013-12-31": "", "2013-09-30": "", "2013-06-30": "", "2013-03-31": "", "2012-12-31": "", "2012-09-30": "", "2012-06-30": "", "2012-03-31": "", "2011-12-31": "", "2011-09-30": "", "2011-06-30": "", "2011-03-31": "", "2010-12-31": "", "2010-09-30": "0.00000", "2010-06-30": "0.00000", "2010-03-31": "", "2009-12-31": "0.00000"}, "Share Holder Equity": {"2020-12-31": "1073.26500", "2020-09-30": "971.95700", "2020-06-30": "882.46700", "2020-03-31": "856.35600", "2019-12-31": "915.03700", "2019-09-30": "840.18300", "2019-06-30": "748.82300", "2019-03-31": "675.36600", "2018-12-31": "675.25500", "2018-09-30": "646.34000", "2018-06-30": "607.48100", "2018-03-31": "562.49100", "2017-12-31": "564.27800", "2017-09-30": "536.28300", "2017-06-30": "599.02700", "2017-03-31": "573.59100", "2016-12-31": "569.71300", "2016-09-30": "516.33700", "2016-06-30": "462.27400", "2016-03-31": "408.48800", "2015-12-31": "380.75700", "2015-09-30": "268.98400", "2015-06-30": "207.65400", "2015-03-31": "186.49800", "2014-12-31": "195.24900", "2014-09-30": "164.32200", "2014-06-30": "229.84900", "2014-03-31": "171.63600", "2013-12-31": "278.68800", "2013-09-30": "390.13500", "2013-06-30": "288.19300", "2013-03-31": "226.79300", "2012-12-31": "184.52200", "2012-09-30": "119.53400", "2012-06-30": "1019.84800", "2012-03-31": "1185.18500", "2011-12-31": "1142.27000", "2011-09-30": "1070.77800", "2011-06-30": "974.16200", "2011-03-31": "907.25000", "2010-12-31": "884.50600", "2010-09-30": "0.00000", "2010-06-30": "0.00000", "2010-03-31": "", "2009-12-31": "0.00000"}, "Total Liabilities And Share Holders Equity": {"2020-12-31": "5368.18400", "2020-09-30": "5284.89800", "2020-06-30": "4703.98900", "2020-03-31": "4793.96600", "2019-12-31": "4630.62700", "2019-09-30": "4568.85800", "2019-06-30": "4513.65000", "2019-03-31": "3831.84100", "2018-12-31": "3797.97700", "2018-09-30": "3735.38600", "2018-06-30": "3632.03200", "2018-03-31": "3606.61900", "2017-12-31": "3539.29600", "2017-09-30": "3529.63500", "2017-06-30": "3575.52500", "2017-03-31": "3373.10500", "2016-12-31": "3166.53500", "2016-09-30": "3093.61900", "2016-06-30": "3041.68000", "2016-03-31": "3010.17100", "2015-12-31": "2966.50800", "2015-09-30": "2874.62500", "2015-06-30": "2853.17900", "2015-03-31": "2863.98200", "2014-12-31": "2832.07000", "2014-09-30": "2829.12600", "2014-06-30": "2963.41300", "2014-03-31": "2940.81800", "2013-12-31": "3050.13300", "2013-09-30": "3184.51900", "2013-06-30": "3168.02300", "2013-03-31": "3177.52800", "2012-12-31": "3150.90600", "2012-09-30": "3090.07800", "2012-06-30": "3109.02200", "2012-03-31": "3314.79100", "2011-12-31": "3207.34900", "2011-09-30": "3136.16900", "2011-06-30": "3027.56900", "2011-03-31": "3024.02300", "2010-12-31": "3198.53200", "2010-09-30": "0.00000", "2010-06-30": "0.00000", "2010-03-31": "", "2009-12-31": "0.00000"}}, "cash flow statement": {"Net Income/Loss": {"2020-03-31": "482.60300", "2019-03-31": "418.52900", "2018-03-31": "301.69200", "2017-03-31": "260.82500", "2016-03-31": "294.09400", "2015-03-31": "232.56900", "2014-03-31": "232.18800", "2013-03-31": "219.05800", "2012-03-31": "239.95500", "2011-03-31": "84.69400", "2010-03-31": "25.41900"}, "Total Depreciation And Amortization - Cash Flow": {"2020-03-31": "87.22000", "2019-03-31": "77.92900", "2018-03-31": "70.73000", "2017-03-31": "75.11000", "2016-03-31": "69.89500", "2015-03-31": "74.24200", "2014-03-31": "84.00900", "2013-03-31": "91.23300", "2012-03-31": "81.08500", "2011-03-31": "133.34500", "2010-03-31": "103.96800"}, "Other Non-Cash Items": {"2020-03-31": "165.59200", "2019-03-31": "48.81700", "2018-03-31": "32.02800", "2017-03-31": "28.70500", "2016-03-31": "-2.83600", "2015-03-31": "-25.63900", "2014-03-31": "-43.46700", "2013-03-31": "-49.25500", "2012-03-31": "85.88100", "2011-03-31": "75.50800", "2010-03-31": "89.81900"}, "Total Non-Cash Items": {"2020-03-31": "252.81200", "2019-03-31": "126.74600", "2018-03-31": "102.75800", "2017-03-31": "103.81500", "2016-03-31": "67.05900", "2015-03-31": "48.60300", "2014-03-31": "40.54200", "2013-03-31": "41.97800", "2012-03-31": "166.96600", "2011-03-31": "208.85300", "2010-03-31": "193.78700"}, "Change In Accounts Receivable": {"2020-03-31": "-129.10700", "2019-03-31": "-196.45300", "2018-03-31": "-126.19600", "2017-03-31": "-95.21700", "2016-03-31": "-31.22900", "2015-03-31": "60.53300", "2014-03-31": "110.30800", "2013-03-31": "125.12500", "2012-03-31": "25.27500", "2011-03-31": "-92.69300", "2010-03-31": "-92.38600"}, "Change In Inventories": {"2020-03-31": "", "2019-03-31": "", "2018-03-31": "", "2017-03-31": "", "2016-03-31": "", "2015-03-31": "", "2014-03-31": "", "2013-03-31": "", "2012-03-31": "", "2011-03-31": "", "2010-03-31": ""}, "Change In Accounts Payable": {"2020-03-31": "", "2019-03-31": "", "2018-03-31": "", "2017-03-31": "", "2016-03-31": "", "2015-03-31": "", "2014-03-31": "", "2013-03-31": "", "2012-03-31": "", "2011-03-31": "", "2010-03-31": ""}, "Change In Assets/Liabilities": {"2020-03-31": "-42.82800", "2019-03-31": "-22.34900", "2018-03-31": "30.74700", "2017-03-31": "22.80600", "2016-03-31": "-13.26600", "2015-03-31": "5.26900", "2014-03-31": "-15.10200", "2013-03-31": "26.03500", "2012-03-31": "6.57200", "2011-03-31": "32.27200", "2010-03-31": "22.21800"}, "Total Change In Assets/Liabilities": {"2020-03-31": "-183.98700", "2019-03-31": "-45.66500", "2018-03-31": "-35.30700", "2017-03-31": "17.63700", "2016-03-31": "-111.91900", "2015-03-31": "28.78600", "2014-03-31": "59.98800", "2013-03-31": "203.61800", "2012-03-31": "-46.87500", "2011-03-31": "2.79200", "2010-03-31": "51.27800"}, "Cash Flow From Operating Activities": {"2020-03-31": "551.42800", "2019-03-31": "499.61000", "2018-03-31": "369.14300", "2017-03-31": "382.27700", "2016-03-31": "249.23400", "2015-03-31": "309.95800", "2014-03-31": "332.71800", "2013-03-31": "464.65400", "2012-03-31": "360.04600", "2011-03-31": "296.33900", "2010-03-31": "270.48400"}, "Net Change In Property, Plant, And Equipment": {"2020-03-31": "", "2019-03-31": "", "2018-03-31": "", "2017-03-31": "-53.91900", "2016-03-31": "-66.63500", "2015-03-31": "-36.04100", "2014-03-31": "-20.90500", "2013-03-31": "-33.11300", "2012-03-31": "-76.92500", "2011-03-31": "-88.78400", "2010-03-31": "-49.27100"}, "Net Change In Intangible Assets": {"2020-03-31": "", "2019-03-31": "", "2018-03-31": "", "2017-03-31": "", "2016-03-31": "", "2015-03-31": "", "2014-03-31": "", "2013-03-31": "", "2012-03-31": "", "2011-03-31": "", "2010-03-31": ""}, "Net Acquisitions/Divestitures": {"2020-03-31": "", "2019-03-31": "5.46900", "2018-03-31": "-19.11300", "2017-03-31": "-247.62700", "2016-03-31": "-51.11800", "2015-03-31": "-24.53400", "2014-03-31": "3.56300", "2013-03-31": "-157.33900", "2012-03-31": "23.33200", "2011-03-31": "", "2010-03-31": ""}, "Net Change In Short-term Investments": {"2020-03-31": "", "2019-03-31": "", "2018-03-31": "", "2017-03-31": "", "2016-03-31": "", "2015-03-31": "", "2014-03-31": "", "2013-03-31": "", "2012-03-31": "", "2011-03-31": "", "2010-03-31": ""}, "Net Change In Long-Term Investments": {"2020-03-31": "", "2019-03-31": "", "2018-03-31": "", "2017-03-31": "", "2016-03-31": "", "2015-03-31": "", "2014-03-31": "", "2013-03-31": "", "2012-03-31": "", "2011-03-31": "", "2010-03-31": ""}, "Net Change In Investments - Total": {"2020-03-31": "", "2019-03-31": "", "2018-03-31": "", "2017-03-31": "", "2016-03-31": "", "2015-03-31": "", "2014-03-31": "", "2013-03-31": "", "2012-03-31": "", "2011-03-31": "", "2010-03-31": ""}, "Investing Activities - Other": {"2020-03-31": "-128.07900", "2019-03-31": "-94.68100", "2018-03-31": "-77.34000", "2017-03-31": "0.65000", "2016-03-31": "", "2015-03-31": "", "2014-03-31": "3.78600", "2013-03-31": "", "2012-03-31": "", "2011-03-31": "1.38400", "2010-03-31": "38.28000"}, "Cash Flow From Investing Activities": {"2020-03-31": "-128.07900", "2019-03-31": "-89.21200", "2018-03-31": "-96.45300", "2017-03-31": "-300.89600", "2016-03-31": "-117.75300", "2015-03-31": "-60.57500", "2014-03-31": "-13.55600", "2013-03-31": "-190.45200", "2012-03-31": "-53.59300", "2011-03-31": "-87.40000", "2010-03-31": "-10.99100"}, "Net Long-Term Debt": {"2020-03-31": "420.96900", "2019-03-31": "-68.44100", "2018-03-31": "150.52900", "2017-03-31": "51.05800", "2016-03-31": "-22.06300", "2015-03-31": "-39.73500", "2014-03-31": "-61.78600", "2013-03-31": "746.50000", "2012-03-31": "-30.00000", "2011-03-31": "-596.04200", "2010-03-31": "314.59200"}, "Net Current Debt": {"2020-03-31": "", "2019-03-31": "", "2018-03-31": "", "2017-03-31": "", "2016-03-31": "", "2015-03-31": "", "2014-03-31": "", "2013-03-31": "", "2012-03-31": "", "2011-03-31": "", "2010-03-31": ""}, "Debt Issuance/Retirement Net - Total": {"2020-03-31": "420.96900", "2019-03-31": "-68.44100", "2018-03-31": "150.52900", "2017-03-31": "51.05800", "2016-03-31": "-22.06300", "2015-03-31": "-39.73500", "2014-03-31": "-61.78600", "2013-03-31": "746.50000", "2012-03-31": "-30.00000", "2011-03-31": "-596.04200", "2010-03-31": "314.59200"}, "Net Common Equity Issued/Repurchased": {"2020-03-31": "-158.31200", "2019-03-31": "-229.44200", "2018-03-31": "-249.31600", "2017-03-31": "-25.54700", "2016-03-31": "-49.21300", "2015-03-31": "-51.02100", "2014-03-31": "15.98900", "2013-03-31": "20.28300", "2012-03-31": "10.72900", "2011-03-31": "255.92500", "2010-03-31": "1.33400"}, "Net Total Equity Issued/Repurchased": {"2020-03-31": "-158.31200", "2019-03-31": "-229.44200", "2018-03-31": "-249.31600", "2017-03-31": "-25.54700", "2016-03-31": "-49.21300", "2015-03-31": "-51.02100", "2014-03-31": "15.98900", "2013-03-31": "20.28300", "2012-03-31": "10.72900", "2011-03-31": "255.92500", "2010-03-31": "1.33400"}, "Total Common And Preferred Stock Dividends Paid": {"2020-03-31": "-146.60200", "2019-03-31": "-114.23400", "2018-03-31": "-103.41100", "2017-03-31": "-95.17900", "2016-03-31": "-111.81700", "2015-03-31": "-262.20400", "2014-03-31": "-401.94000", "2013-03-31": "-1172.22200", "2012-03-31": "-11.90600", "2011-03-31": "", "2010-03-31": "-612.40100"}, "Financial Activities - Other": {"2020-03-31": "-81.49300", "2019-03-31": "-1.24900", "2018-03-31": "-0.95100", "2017-03-31": "18.17500", "2016-03-31": "31.92400", "2015-03-31": "50.80000", "2014-03-31": "38.18500", "2013-03-31": "-2.74700", "2012-03-31": "16.46100", "2011-03-31": "15.97400", "2010-03-31": "-76.08500"}, "Cash Flow From Financial Activities": {"2020-03-31": "34.56200", "2019-03-31": "-413.36600", "2018-03-31": "-203.14900", "2017-03-31": "-51.49300", "2016-03-31": "-151.16900", "2015-03-31": "-302.16000", "2014-03-31": "-409.55200", "2013-03-31": "-408.18600", "2012-03-31": "-14.71600", "2011-03-31": "-324.14300", "2010-03-31": "-372.56000"}, "Net Cash Flow": {"2020-03-31": "457.91100", "2019-03-31": "-2.96800", "2018-03-31": "69.54100", "2017-03-31": "29.88800", "2016-03-31": "-19.68800", "2015-03-31": "-52.77700", "2014-03-31": "-90.39000", "2013-03-31": "-133.98400", "2012-03-31": "291.73700", "2011-03-31": "-115.20400", "2010-03-31": "-113.06700"}, "Stock-Based Compensation": {"2020-03-31": "43.29000", "2019-03-31": "31.27500", "2018-03-31": "23.31800", "2017-03-31": "21.24900", "2016-03-31": "24.99200", "2015-03-31": "26.16300", "2014-03-31": "20.06500", "2013-03-31": "24.84100", "2012-03-31": "31.26300", "2011-03-31": "48.67800", "2010-03-31": "71.89700"}, "Common Stock Dividends Paid": {"2020-03-31": "-146.60200", "2019-03-31": "-114.23400", "2018-03-31": "-103.41100", "2017-03-31": "-95.17900", "2016-03-31": "-111.81700", "2015-03-31": "-262.20400", "2014-03-31": "-401.94000", "2013-03-31": "-1172.22200", "2012-03-31": "-11.90600", "2011-03-31": "0.00000", "2010-03-31": "-612.40100"}}, "cash flow statement, quarterly": {"Net Income/Loss": {"2020-12-31": 144.371, "2020-09-30": 136.081, "2020-06-30": "129.32900", "2020-03-31": 138.866, "2019-12-31": 112.026, "2019-09-30": 114.325, "2019-06-30": "117.38600", "2019-03-31": 89.575, "2018-12-31": 132.037, "2018-09-30": 92.713, "2018-06-30": "104.20400", "2018-03-31": 82.506, "2017-12-31": 74.927, "2017-09-30": 73.647, "2017-06-30": "70.61200", "2017-03-31": 74.588, "2016-12-31": 55.59, "2016-09-30": 62.83, "2016-06-30": "67.81700", "2016-03-31": 65.517, "2015-12-31": 108.055, "2015-09-30": 56.216, "2015-06-30": "64.30600", "2015-03-31": 43.363, "2014-12-31": 52.807, "2014-09-30": 65.284, "2014-06-30": "71.11500", "2014-03-31": 46.895, "2013-12-31": 47.167, "2013-09-30": 67.813, "2013-06-30": "70.31300", "2013-03-31": 54.813, "2012-12-31": 56.184, "2012-09-30": 46.116, "2012-06-30": "61.94500", "2012-03-31": 50.627, "2011-12-31": 62.86, "2011-09-30": 75.332, "2011-06-30": "51.13600", "2011-03-31": 18.07, "2010-12-31": 23.638, "2010-09-30": 14.817, "2010-06-30": "28.16900", "2010-03-31": 4.881, "2009-12-31": 20.529}, "Total Depreciation And Amortization - Cash Flow": {"2020-12-31": 22.239, "2020-09-30": 22.121, "2020-06-30": "21.80200", "2020-03-31": 23.28, "2019-12-31": 21.828, "2019-09-30": 20.872, "2019-06-30": "21.24000", "2019-03-31": 19.42, "2018-12-31": 19.01, "2018-09-30": 21.986, "2018-06-30": "17.51300", "2018-03-31": 18.531, "2017-12-31": 18.071, "2017-09-30": 17.39, "2017-06-30": "16.73800", "2017-03-31": 18.063, "2016-12-31": 15.598, "2016-09-30": 24.865, "2016-06-30": "16.58400", "2016-03-31": 17.002, "2015-12-31": 18.25, "2015-09-30": 17.454, "2015-06-30": "17.18900", "2015-03-31": 17.471, "2014-12-31": 17.275, "2014-09-30": 17.883, "2014-06-30": "21.61300", "2014-03-31": 20.188, "2013-12-31": 20.238, "2013-09-30": 23.169, "2013-06-30": "20.41400", "2013-03-31": 21.694, "2012-12-31": 20.226, "2012-09-30": 29.334, "2012-06-30": "19.97900", "2012-03-31": 20.733, "2011-12-31": 21.008, "2011-09-30": 20.019, "2011-06-30": "19.32500", "2011-03-31": 50.41, "2010-12-31": 34.553, "2010-09-30": 26.341, "2010-06-30": "22.04100", "2010-03-31": 25.664, "2009-12-31": 78.296}, "Other Non-Cash Items": {"2020-12-31": 10.862, "2020-09-30": 58.528, "2020-06-30": "59.10500", "2020-03-31": 95.09, "2019-12-31": 56.724, "2019-09-30": -49.001, "2019-06-30": "62.77900", "2019-03-31": 33.914, "2018-12-31": 15.907, "2018-09-30": -7.52, "2018-06-30": "6.51600", "2018-03-31": 25.481, "2017-12-31": 3.518, "2017-09-30": 4.47, "2017-06-30": "-1.44100", "2017-03-31": 28.111, "2016-12-31": -1.708, "2016-09-30": -0.044, "2016-06-30": "2.34600", "2016-03-31": 9.349, "2015-12-31": -5.544, "2015-09-30": -9.262, "2015-06-30": "2.62100", "2015-03-31": 1.463, "2014-12-31": -3.771, "2014-09-30": -28.08, "2014-06-30": "4.74900", "2014-03-31": -21.653, "2013-12-31": 3.11, "2013-09-30": -29.694, "2013-06-30": "4.77000", "2013-03-31": -39.106, "2012-12-31": -9.167, "2012-09-30": -8.237, "2012-06-30": "7.25500", "2012-03-31": 87.344, "2011-12-31": 5.553, "2011-09-30": -15.084, "2011-06-30": "8.06800", "2011-03-31": 52.279, "2010-12-31": 11.713, "2010-09-30": -3.592, "2010-06-30": "15.10800", "2010-03-31": -57.35, "2009-12-31": 57.35}, "Total Non-Cash Items": {"2020-12-31": 33.101, "2020-09-30": 80.649, "2020-06-30": "80.90700", "2020-03-31": 118.37, "2019-12-31": 78.552, "2019-09-30": -28.129, "2019-06-30": "84.01900", "2019-03-31": 53.334, "2018-12-31": 34.917, "2018-09-30": 14.466, "2018-06-30": "24.02900", "2018-03-31": 44.012, "2017-12-31": 21.589, "2017-09-30": 21.86, "2017-06-30": "15.29700", "2017-03-31": 46.174, "2016-12-31": 13.89, "2016-09-30": 24.821, "2016-06-30": "18.93000", "2016-03-31": 26.351, "2015-12-31": 12.706, "2015-09-30": 8.192, "2015-06-30": "19.81000", "2015-03-31": 18.934, "2014-12-31": 13.504, "2014-09-30": -10.197, "2014-06-30": "26.36200", "2014-03-31": -1.465, "2013-12-31": 23.348, "2013-09-30": -6.525, "2013-06-30": "25.18400", "2013-03-31": -17.412, "2012-12-31": 11.059, "2012-09-30": 21.097, "2012-06-30": "27.23400", "2012-03-31": 108.077, "2011-12-31": 26.561, "2011-09-30": 4.935, "2011-06-30": "27.39300", "2011-03-31": 102.689, "2010-12-31": 46.266, "2010-09-30": 22.749, "2010-06-30": "37.14900", "2010-03-31": -31.686, "2009-12-31": 135.646}, "Change In Accounts Receivable": {"2020-12-31": 46.876, "2020-09-30": 53.964, "2020-06-30": "-62.57000", "2020-03-31": -31.655, "2019-12-31": -106.705, "2019-09-30": 86.605, "2019-06-30": "-77.35200", "2019-03-31": -8.061, "2018-12-31": -156.771, "2018-09-30": 109.895, "2018-06-30": "-141.51600", "2018-03-31": -79.826, "2017-12-31": 14.01, "2017-09-30": 51.318, "2017-06-30": "-111.69800", "2017-03-31": -85.013, "2016-12-31": -29.838, "2016-09-30": 80.142, "2016-06-30": "-60.50800", "2016-03-31": -47.114, "2015-12-31": 6.532, "2015-09-30": 19.484, "2015-06-30": "-10.13100", "2015-03-31": -12.555, "2014-12-31": -22.944, "2014-09-30": 76.837, "2014-06-30": "19.19500", "2014-03-31": -30.477, "2013-12-31": 82.18, "2013-09-30": 24.573, "2013-06-30": "34.03200", "2013-03-31": -49.299, "2012-12-31": -63.244, "2012-09-30": 231.129, "2012-06-30": "6.53900", "2012-03-31": -12.259, "2011-12-31": -33.511, "2011-09-30": 39.985, "2011-06-30": "31.06000", "2011-03-31": -99.342, "2010-12-31": -39.12, "2010-09-30": 22.384, "2010-06-30": "23.38500", "2010-03-31": 26.965, "2009-12-31": -26.965}, "Change In Inventories": {"2020-12-31": 0, "2020-09-30": 0, "2020-06-30": "", "2020-03-31": 0, "2019-12-31": 0, "2019-09-30": 0, "2019-06-30": "", "2019-03-31": 0, "2018-12-31": 0, "2018-09-30": 0, "2018-06-30": "", "2018-03-31": 0, "2017-12-31": 0, "2017-09-30": 0, "2017-06-30": "", "2017-03-31": 0, "2016-12-31": 0, "2016-09-30": 0, "2016-06-30": "", "2016-03-31": 0, "2015-12-31": 0, "2015-09-30": 0, "2015-06-30": "", "2015-03-31": 0, "2014-12-31": 0, "2014-09-30": 0, "2014-06-30": "", "2014-03-31": 0, "2013-12-31": 0, "2013-09-30": 0, "2013-06-30": "", "2013-03-31": 0, "2012-12-31": 0, "2012-09-30": 0, "2012-06-30": "", "2012-03-31": 0, "2011-12-31": 0, "2011-09-30": 0, "2011-06-30": "", "2011-03-31": 0, "2010-12-31": 0, "2010-09-30": 0, "2010-06-30": "", "2010-03-31": 0, "2009-12-31": 0}, "Change In Accounts Payable": {"2020-12-31": 0, "2020-09-30": 0, "2020-06-30": "", "2020-03-31": 0, "2019-12-31": 0, "2019-09-30": 0, "2019-06-30": "", "2019-03-31": 0, "2018-12-31": 0, "2018-09-30": 0, "2018-06-30": "", "2018-03-31": 0, "2017-12-31": 0, "2017-09-30": 0, "2017-06-30": "", "2017-03-31": 0, "2016-12-31": 0, "2016-09-30": 0, "2016-06-30": "", "2016-03-31": 0, "2015-12-31": 0, "2015-09-30": 0, "2015-06-30": "", "2015-03-31": 0, "2014-12-31": 0, "2014-09-30": 0, "2014-06-30": "", "2014-03-31": 0, "2013-12-31": 0, "2013-09-30": 0, "2013-06-30": "", "2013-03-31": 0, "2012-12-31": 0, "2012-09-30": 0, "2012-06-30": "", "2012-03-31": 0, "2011-12-31": 0, "2011-09-30": 0, "2011-06-30": "", "2011-03-31": 0, "2010-12-31": 0, "2010-09-30": 0, "2010-06-30": "", "2010-03-31": 0, "2009-12-31": 0}, "Change In Assets/Liabilities": {"2020-12-31": -17.03, "2020-09-30": -7.446, "2020-06-30": "-21.81800", "2020-03-31": -5.508, "2019-12-31": -1.327, "2019-09-30": -9.011, "2019-06-30": "-26.98200", "2019-03-31": -10.849, "2018-12-31": -4.727, "2018-09-30": 15.327, "2018-06-30": "-22.10000", "2018-03-31": 13.1, "2017-12-31": 15.237, "2017-09-30": -14.009, "2017-06-30": "16.41900", "2017-03-31": -36.124, "2016-12-31": 15.715, "2016-09-30": 4.156, "2016-06-30": "39.05900", "2016-03-31": 35.354, "2015-12-31": -42.737, "2015-09-30": -14.567, "2015-06-30": "8.68400", "2015-03-31": -11.168, "2014-12-31": 19.511, "2014-09-30": -35.43, "2014-06-30": "32.35600", "2014-03-31": 18.576, "2013-12-31": 8.757, "2013-09-30": -30.509, "2013-06-30": "-11.92600", "2013-03-31": -25.502, "2012-12-31": 39.452, "2012-09-30": -25.613, "2012-06-30": "37.69800", "2012-03-31": 20.053, "2011-12-31": 15.874, "2011-09-30": -52.933, "2011-06-30": "23.57800", "2011-03-31": -39.679, "2010-12-31": 40.378, "2010-09-30": 10.984, "2010-06-30": "20.58900", "2010-03-31": -18.01, "2009-12-31": 18.01}, "Total Change In Assets/Liabilities": {"2020-12-31": 55.463, "2020-09-30": 208.876, "2020-06-30": "-69.81800", "2020-03-31": -72.267, "2019-12-31": -90.798, "2019-09-30": 129.5, "2019-06-30": "-150.42200", "2019-03-31": 73.498, "2018-12-31": -158.318, "2018-09-30": 194.425, "2018-06-30": "-155.27000", "2018-03-31": -4.295, "2017-12-31": -27.658, "2017-09-30": 78.56, "2017-06-30": "-81.91400", "2017-03-31": -21.527, "2016-12-31": -3.521, "2016-09-30": 117.785, "2016-06-30": "-75.10000", "2016-03-31": -23.631, "2015-12-31": -28.451, "2015-09-30": 5.183, "2015-06-30": "-65.02000", "2015-03-31": 19.603, "2014-12-31": -38.782, "2014-09-30": 53.716, "2014-06-30": "-5.75100", "2014-03-31": -5.046, "2013-12-31": 82.21, "2013-09-30": 4.474, "2013-06-30": "-21.65000", "2013-03-31": 28.319, "2012-12-31": -58.057, "2012-09-30": 248.492, "2012-06-30": "-15.13600", "2012-03-31": -50.677, "2011-12-31": -14.519, "2011-09-30": 43.006, "2011-06-30": "-24.68500", "2011-03-31": -105.225, "2010-12-31": 40.016, "2010-09-30": 123.308, "2010-06-30": "-55.30700", "2010-03-31": -11.955, "2009-12-31": 63.225}, "Cash Flow From Operating Activities": {"2020-12-31": 232.935, "2020-09-30": 425.606, "2020-06-30": "140.41800", "2020-03-31": 184.969, "2019-12-31": 99.78, "2019-09-30": 215.696, "2019-06-30": "50.98300", "2019-03-31": 216.407, "2018-12-31": 8.636, "2018-09-30": 301.604, "2018-06-30": "-27.03700", "2018-03-31": 122.223, "2017-12-31": 68.858, "2017-09-30": 174.067, "2017-06-30": "3.99500", "2017-03-31": 99.235, "2016-12-31": 65.959, "2016-09-30": 205.436, "2016-06-30": "11.64700", "2016-03-31": 68.237, "2015-12-31": 92.31, "2015-09-30": 69.591, "2015-06-30": "19.09600", "2015-03-31": 81.9, "2014-12-31": 27.529, "2014-09-30": 108.803, "2014-06-30": "91.72600", "2014-03-31": 40.384, "2013-12-31": 152.725, "2013-09-30": 65.762, "2013-06-30": "73.84700", "2013-03-31": 65.72, "2012-12-31": 9.186, "2012-09-30": 315.705, "2012-06-30": "74.04300", "2012-03-31": 108.027, "2011-12-31": 74.902, "2011-09-30": 123.273, "2011-06-30": "53.84400", "2011-03-31": 15.534, "2010-12-31": 109.92, "2010-09-30": 160.874, "2010-06-30": "10.01100", "2010-03-31": 51.08, "2009-12-31": 219.4}, "Net Change In Property, Plant, And Equipment": {"2020-12-31": -15.949, "2020-09-30": -18.026, "2020-06-30": "-20.05800", "2020-03-31": 90.712, "2019-12-31": -30.734, "2019-09-30": -32.642, "2019-06-30": "-27.33600", "2019-03-31": 58.076, "2018-12-31": -18.404, "2018-09-30": -19.207, "2018-06-30": "-20.46500", "2018-03-31": 63.067, "2017-12-31": -26.078, "2017-09-30": -25.453, "2017-06-30": "-11.53600", "2017-03-31": -23.365, "2016-12-31": -15.411, "2016-09-30": -8.972, "2016-06-30": "-6.17100", "2016-03-31": -20.806, "2015-12-31": -16.267, "2015-09-30": -16.422, "2015-06-30": "-13.14000", "2015-03-31": -18.575, "2014-12-31": -8.535, "2014-09-30": -6.279, "2014-06-30": "-2.65200", "2014-03-31": -8.561, "2013-12-31": -5.626, "2013-09-30": -4.288, "2013-06-30": "-2.43000", "2013-03-31": -12.456, "2012-12-31": -6.282, "2012-09-30": -10.406, "2012-06-30": "-3.96900", "2012-03-31": -11.367, "2011-12-31": -21.918, "2011-09-30": -26.039, "2011-06-30": "-17.60100", "2011-03-31": -27.351, "2010-12-31": -22.476, "2010-09-30": -22.744, "2010-06-30": "-16.21300", "2010-03-31": -14.404, "2009-12-31": -34.866}, "Net Change In Intangible Assets": {"2020-12-31": 0, "2020-09-30": 0, "2020-06-30": "", "2020-03-31": 0, "2019-12-31": 0, "2019-09-30": 0, "2019-06-30": "", "2019-03-31": 0, "2018-12-31": 0, "2018-09-30": 0, "2018-06-30": "", "2018-03-31": 0, "2017-12-31": 0, "2017-09-30": 0, "2017-06-30": "", "2017-03-31": 0, "2016-12-31": 0, "2016-09-30": 0, "2016-06-30": "", "2016-03-31": 0, "2015-12-31": 0, "2015-09-30": 0, "2015-06-30": "", "2015-03-31": 0, "2014-12-31": 0, "2014-09-30": 0, "2014-06-30": "", "2014-03-31": 0, "2013-12-31": 0, "2013-09-30": 0, "2013-06-30": "", "2013-03-31": 0, "2012-12-31": 0, "2012-09-30": 0, "2012-06-30": "", "2012-03-31": 0, "2011-12-31": 0, "2011-09-30": 0, "2011-06-30": "", "2011-03-31": 0, "2010-12-31": 0, "2010-09-30": 0, "2010-06-30": "", "2010-03-31": 0, "2009-12-31": 0}, "Net Acquisitions/Divestitures": {"2020-12-31": 3.33, "2020-09-30": 0, "2020-06-30": "", "2020-03-31": 0, "2019-12-31": 0, "2019-09-30": 0, "2019-06-30": "", "2019-03-31": 5.489, "2018-12-31": 0, "2018-09-30": 0, "2018-06-30": "-0.02000", "2018-03-31": 0, "2017-12-31": -18.909, "2017-09-30": 0, "2017-06-30": "-0.20400", "2017-03-31": -246.776, "2016-12-31": 0, "2016-09-30": 0, "2016-06-30": "-0.85100", "2016-03-31": -0.5, "2015-12-31": -49.618, "2015-09-30": -1, "2015-06-30": "", "2015-03-31": -0.627, "2014-12-31": -23.907, "2014-09-30": 0, "2014-06-30": "", "2014-03-31": 0, "2013-12-31": 3.563, "2013-09-30": 0, "2013-06-30": "", "2013-03-31": 0.031, "2012-12-31": -157.37, "2012-09-30": 0, "2012-06-30": "", "2012-03-31": 0, "2011-12-31": 0, "2011-09-30": 23.332, "2011-06-30": "", "2011-03-31": 0, "2010-12-31": 0, "2010-09-30": 0, "2010-06-30": "", "2010-03-31": 0, "2009-12-31": 0}, "Net Change In Short-term Investments": {"2020-12-31": 0, "2020-09-30": 0, "2020-06-30": "", "2020-03-31": 0, "2019-12-31": 0, "2019-09-30": 0, "2019-06-30": "", "2019-03-31": 0, "2018-12-31": 0, "2018-09-30": 0, "2018-06-30": "", "2018-03-31": 0, "2017-12-31": 0, "2017-09-30": 0, "2017-06-30": "", "2017-03-31": 0, "2016-12-31": 0, "2016-09-30": 0, "2016-06-30": "", "2016-03-31": 0, "2015-12-31": 0, "2015-09-30": 0, "2015-06-30": "", "2015-03-31": 0, "2014-12-31": 0, "2014-09-30": 0, "2014-06-30": "", "2014-03-31": 0, "2013-12-31": 0, "2013-09-30": 0, "2013-06-30": "", "2013-03-31": 0, "2012-12-31": 0, "2012-09-30": 0, "2012-06-30": "", "2012-03-31": 0, "2011-12-31": 0, "2011-09-30": 0, "2011-06-30": "", "2011-03-31": 0, "2010-12-31": 0, "2010-09-30": 0, "2010-06-30": "", "2010-03-31": 0, "2009-12-31": 0}, "Net Change In Long-Term Investments": {"2020-12-31": 0, "2020-09-30": 0, "2020-06-30": "", "2020-03-31": 0, "2019-12-31": 0, "2019-09-30": 0, "2019-06-30": "", "2019-03-31": 0, "2018-12-31": 0, "2018-09-30": 0, "2018-06-30": "", "2018-03-31": 0, "2017-12-31": 0, "2017-09-30": 0, "2017-06-30": "", "2017-03-31": 0, "2016-12-31": 0, "2016-09-30": 0, "2016-06-30": "", "2016-03-31": 0, "2015-12-31": 0, "2015-09-30": 0, "2015-06-30": "", "2015-03-31": 0, "2014-12-31": 0, "2014-09-30": 0, "2014-06-30": "", "2014-03-31": 0, "2013-12-31": 0, "2013-09-30": 0, "2013-06-30": "", "2013-03-31": 0, "2012-12-31": 0, "2012-09-30": 0, "2012-06-30": "", "2012-03-31": 0, "2011-12-31": 0, "2011-09-30": 0, "2011-06-30": "", "2011-03-31": 0, "2010-12-31": 0, "2010-09-30": 0, "2010-06-30": "", "2010-03-31": 0, "2009-12-31": 0}, "Net Change In Investments - Total": {"2020-12-31": 0, "2020-09-30": 0, "2020-06-30": "", "2020-03-31": 0, "2019-12-31": 0, "2019-09-30": 0, "2019-06-30": "", "2019-03-31": 0, "2018-12-31": 0, "2018-09-30": 0, "2018-06-30": "", "2018-03-31": 0, "2017-12-31": 0, "2017-09-30": 0, "2017-06-30": "", "2017-03-31": 0, "2016-12-31": 0, "2016-09-30": 0, "2016-06-30": "", "2016-03-31": 0, "2015-12-31": 0, "2015-09-30": 0, "2015-06-30": "", "2015-03-31": 0, "2014-12-31": 0, "2014-09-30": 0, "2014-06-30": "", "2014-03-31": 0, "2013-12-31": 0, "2013-09-30": 0, "2013-06-30": "", "2013-03-31": 0, "2012-12-31": 0, "2012-09-30": 0, "2012-06-30": "", "2012-03-31": 0, "2011-12-31": 0, "2011-09-30": 0, "2011-06-30": "", "2011-03-31": 0, "2010-12-31": 0, "2010-09-30": 0, "2010-06-30": "", "2010-03-31": 0, "2009-12-31": 0}, "Investing Activities - Other": {"2020-12-31": -72.152, "2020-09-30": 0, "2020-06-30": "", "2020-03-31": -128.079, "2019-12-31": 0, "2019-09-30": 0, "2019-06-30": "", "2019-03-31": -94.681, "2018-12-31": 0, "2018-09-30": 0, "2018-06-30": "", "2018-03-31": -78.15, "2017-12-31": 0.81, "2017-09-30": 0, "2017-06-30": "", "2017-03-31": 0, "2016-12-31": 0, "2016-09-30": 0.65, "2016-06-30": "", "2016-03-31": 0, "2015-12-31": 0, "2015-09-30": 0, "2015-06-30": "", "2015-03-31": 0, "2014-12-31": 0, "2014-09-30": 0, "2014-06-30": "", "2014-03-31": 0.504, "2013-12-31": -0.281, "2013-09-30": 3.563, "2013-06-30": "", "2013-03-31": 0, "2012-12-31": 0, "2012-09-30": 0, "2012-06-30": "", "2012-03-31": 0, "2011-12-31": 0, "2011-09-30": 0, "2011-06-30": "", "2011-03-31": 0, "2010-12-31": 0, "2010-09-30": 0, "2010-06-30": "1.38400", "2010-03-31": 0, "2009-12-31": 38.28}, "Cash Flow From Investing Activities": {"2020-12-31": -84.771, "2020-09-30": -18.026, "2020-06-30": "-20.05800", "2020-03-31": -37.367, "2019-12-31": -30.734, "2019-09-30": -32.642, "2019-06-30": "-27.33600", "2019-03-31": -31.116, "2018-12-31": -18.404, "2018-09-30": -19.207, "2018-06-30": "-20.48500", "2018-03-31": -15.083, "2017-12-31": -44.177, "2017-09-30": -25.453, "2017-06-30": "-11.74000", "2017-03-31": -270.141, "2016-12-31": -15.411, "2016-09-30": -8.322, "2016-06-30": "-7.02200", "2016-03-31": -21.306, "2015-12-31": -65.885, "2015-09-30": -17.422, "2015-06-30": "-13.14000", "2015-03-31": -19.202, "2014-12-31": -32.442, "2014-09-30": -6.279, "2014-06-30": "-2.65200", "2014-03-31": -8.057, "2013-12-31": -2.344, "2013-09-30": -0.725, "2013-06-30": "-2.43000", "2013-03-31": -12.425, "2012-12-31": -163.652, "2012-09-30": -10.406, "2012-06-30": "-3.96900", "2012-03-31": -11.367, "2011-12-31": -21.918, "2011-09-30": -2.707, "2011-06-30": "-17.60100", "2011-03-31": -27.351, "2010-12-31": -22.476, "2010-09-30": -22.744, "2010-06-30": "-14.82900", "2010-03-31": -14.404, "2009-12-31": 3.414}, "Net Long-Term Debt": {"2020-12-31": -19.466, "2020-09-30": -369.467, "2020-06-30": "-119.46600", "2020-03-31": 478.425, "2019-12-31": -18.494, "2019-09-30": -419.482, "2019-06-30": "380.52000", "2019-03-31": 47.59, "2018-12-31": -14.481, "2018-09-30": -85.775, "2018-06-30": "-15.77500", "2018-03-31": -15.4, "2017-12-31": -15.787, "2017-09-30": -15.787, "2017-06-30": "197.50300", "2017-03-31": 97.535, "2016-12-31": 0, "2016-09-30": -55.914, "2016-06-30": "9.43700", "2016-03-31": 19.437, "2015-12-31": -15.562, "2015-09-30": -15.563, "2015-06-30": "-10.37500", "2015-03-31": -18.985, "2014-12-31": -10.375, "2014-09-30": -10.375, "2014-06-30": "", "2014-03-31": -22.38, "2013-12-31": -16.157, "2013-09-30": -11.625, "2013-06-30": "-11.62400", "2013-03-31": -11.625, "2012-12-31": -11.625, "2012-09-30": 780.375, "2012-06-30": "-10.62500", "2012-03-31": -7.5, "2011-12-31": -7.5, "2011-09-30": -7.5, "2011-06-30": "-7.50000", "2011-03-31": -251.731, "2010-12-31": -248.386, "2010-09-30": -90.462, "2010-06-30": "-5.46300", "2010-03-31": -335.862, "2009-12-31": 335.862}, "Net Current Debt": {"2020-12-31": 0, "2020-09-30": 0, "2020-06-30": "", "2020-03-31": 0, "2019-12-31": 0, "2019-09-30": 0, "2019-06-30": "", "2019-03-31": 0, "2018-12-31": 0, "2018-09-30": 0, "2018-06-30": "", "2018-03-31": 0, "2017-12-31": 0, "2017-09-30": 0, "2017-06-30": "", "2017-03-31": 0, "2016-12-31": 0, "2016-09-30": 0, "2016-06-30": "", "2016-03-31": 0, "2015-12-31": 0, "2015-09-30": 0, "2015-06-30": "", "2015-03-31": 0, "2014-12-31": 0, "2014-09-30": 0, "2014-06-30": "", "2014-03-31": 0, "2013-12-31": 0, "2013-09-30": 0, "2013-06-30": "", "2013-03-31": 0, "2012-12-31": 0, "2012-09-30": 0, "2012-06-30": "", "2012-03-31": 0, "2011-12-31": 0, "2011-09-30": 0, "2011-06-30": "", "2011-03-31": 0, "2010-12-31": 0, "2010-09-30": 0, "2010-06-30": "", "2010-03-31": 0, "2009-12-31": 0}, "Debt Issuance/Retirement Net - Total": {"2020-12-31": -19.466, "2020-09-30": -369.467, "2020-06-30": "-119.46600", "2020-03-31": 478.425, "2019-12-31": -18.494, "2019-09-30": -419.482, "2019-06-30": "380.52000", "2019-03-31": 47.59, "2018-12-31": -14.481, "2018-09-30": -85.775, "2018-06-30": "-15.77500", "2018-03-31": -15.4, "2017-12-31": -15.787, "2017-09-30": -15.787, "2017-06-30": "197.50300", "2017-03-31": 97.535, "2016-12-31": 0, "2016-09-30": -55.914, "2016-06-30": "9.43700", "2016-03-31": 19.437, "2015-12-31": -15.562, "2015-09-30": -15.563, "2015-06-30": "-10.37500", "2015-03-31": -18.985, "2014-12-31": -10.375, "2014-09-30": -10.375, "2014-06-30": "", "2014-03-31": -22.38, "2013-12-31": -16.157, "2013-09-30": -11.625, "2013-06-30": "-11.62400", "2013-03-31": -11.625, "2012-12-31": -11.625, "2012-09-30": 780.375, "2012-06-30": "-10.62500", "2012-03-31": -7.5, "2011-12-31": -7.5, "2011-09-30": -7.5, "2011-06-30": "-7.50000", "2011-03-31": -251.731, "2010-12-31": -248.386, "2010-09-30": -90.462, "2010-06-30": "-5.46300", "2010-03-31": -21.272, "2009-12-31": 335.862}, "Net Common Equity Issued/Repurchased": {"2020-12-31": -18.506, "2020-09-30": -22.356, "2020-06-30": "-78.35100", "2020-03-31": -139.396, "2019-12-31": -14.994, "2019-09-30": 2.723, "2019-06-30": "-6.64500", "2019-03-31": -65.504, "2018-12-31": -79.329, "2018-09-30": -38.614, "2018-06-30": "-45.99500", "2018-03-31": -66.553, "2017-12-31": -24.56, "2017-09-30": -114.817, "2017-06-30": "-43.38600", "2017-03-31": -35.74, "2016-12-31": 7.13, "2016-09-30": 3.72, "2016-06-30": "-0.65700", "2016-03-31": -25.38, "2015-12-31": 4.499, "2015-09-30": 4.018, "2015-06-30": "-32.35000", "2015-03-31": -25.623, "2014-12-31": -23.602, "2014-09-30": 0.352, "2014-06-30": "-2.14800", "2014-03-31": 2.366, "2013-12-31": 2.61, "2013-09-30": 9.013, "2013-06-30": "2.00000", "2013-03-31": 3.019, "2012-12-31": 8.97, "2012-09-30": 5.703, "2012-06-30": "2.59100", "2012-03-31": 2.023, "2011-12-31": 2.886, "2011-09-30": 1.3, "2011-06-30": "4.52000", "2011-03-31": -1.593, "2010-12-31": 251.993, "2010-09-30": 3.02, "2010-06-30": "2.50500", "2010-03-31": -0.779, "2009-12-31": 0.779}, "Net Total Equity Issued/Repurchased": {"2020-12-31": -18.506, "2020-09-30": -22.356, "2020-06-30": "-78.35100", "2020-03-31": -139.396, "2019-12-31": -14.994, "2019-09-30": 2.723, "2019-06-30": "-6.64500", "2019-03-31": -65.504, "2018-12-31": -79.329, "2018-09-30": -38.614, "2018-06-30": "-45.99500", "2018-03-31": -66.553, "2017-12-31": -24.56, "2017-09-30": -114.817, "2017-06-30": "-43.38600", "2017-03-31": -35.74, "2016-12-31": 7.13, "2016-09-30": 3.72, "2016-06-30": "-0.65700", "2016-03-31": -25.38, "2015-12-31": 4.499, "2015-09-30": 4.018, "2015-06-30": "-32.35000", "2015-03-31": -25.623, "2014-12-31": -23.602, "2014-09-30": 0.352, "2014-06-30": "-2.14800", "2014-03-31": 2.366, "2013-12-31": 2.61, "2013-09-30": 9.013, "2013-06-30": "2.00000", "2013-03-31": 3.019, "2012-12-31": 8.97, "2012-09-30": 5.703, "2012-06-30": "2.59100", "2012-03-31": 2.023, "2011-12-31": 2.886, "2011-09-30": 1.3, "2011-06-30": "4.52000", "2011-03-31": -1.593, "2010-12-31": 251.993, "2010-09-30": 3.02, "2010-06-30": "2.50500", "2010-03-31": 0.551, "2009-12-31": 0.779}, "Total Common And Preferred Stock Dividends Paid": {"2020-12-31": -43.026, "2020-09-30": -43.004, "2020-06-30": "-43.83200", "2020-03-31": -43.659, "2019-12-31": -38.095, "2019-09-30": -32.436, "2019-06-30": "-32.41200", "2019-03-31": -32.427, "2018-12-31": -27.148, "2018-09-30": -26.95, "2018-06-30": "-27.70900", "2018-03-31": -26.773, "2017-12-31": -24.882, "2017-09-30": -25.454, "2017-06-30": "-26.30200", "2017-03-31": -25.711, "2016-12-31": -22.522, "2016-09-30": -22.44, "2016-06-30": "-24.50600", "2016-03-31": -22.432, "2015-12-31": -47.523, "2015-09-30": -19.217, "2015-06-30": "-22.64500", "2015-03-31": -19.274, "2014-12-31": -16.641, "2014-09-30": -205.769, "2014-06-30": "-20.52000", "2014-03-31": -163.047, "2013-12-31": -162.797, "2013-09-30": -48.317, "2013-06-30": "-27.77900", "2013-03-31": -12.446, "2012-12-31": -24.272, "2012-09-30": -924.832, "2012-06-30": "-210.67200", "2012-03-31": -11.906, "2011-12-31": 0, "2011-09-30": 0, "2011-06-30": "", "2011-03-31": 0, "2010-12-31": 0, "2010-09-30": 0, "2010-06-30": "", "2010-03-31": 0.001, "2009-12-31": -612.401}, "Financial Activities - Other": {"2020-12-31": -1.055, "2020-09-30": 681.825, "2020-06-30": "", "2020-03-31": -397.892, "2019-12-31": -82.188, "2019-09-30": 398.587, "2019-06-30": "", "2019-03-31": -62.819, "2018-12-31": -0.001, "2018-09-30": 61.805, "2018-06-30": "-0.23400", "2018-03-31": -0.951, "2017-12-31": 0, "2017-09-30": 0, "2017-06-30": "", "2017-03-31": 2.615, "2016-12-31": 7.245, "2016-09-30": 4.769, "2016-06-30": "3.54600", "2016-03-31": 1.869, "2015-12-31": 11.864, "2015-09-30": 14.518, "2015-06-30": "3.67300", "2015-03-31": 10.958, "2014-12-31": 11.15, "2014-09-30": 35.644, "2014-06-30": "-6.95200", "2014-03-31": 7.564, "2013-12-31": 1.904, "2013-09-30": 27.756, "2013-06-30": "0.96100", "2013-03-31": 0.563, "2012-12-31": 9.992, "2012-09-30": -13.617, "2012-06-30": "0.31500", "2012-03-31": 0.064, "2011-12-31": 0.437, "2011-09-30": 13.341, "2011-06-30": "2.61900", "2011-03-31": 0, "2010-12-31": 0.195, "2010-09-30": 15.227, "2010-06-30": "0.55200", "2010-03-31": 17.728, "2009-12-31": -93.808}, "Cash Flow From Financial Activities": {"2020-12-31": -82.053, "2020-09-30": 246.998, "2020-06-30": "-241.64900", "2020-03-31": -102.522, "2019-12-31": -153.771, "2019-09-30": -50.608, "2019-06-30": "341.46300", "2019-03-31": -113.16, "2018-12-31": -120.959, "2018-09-30": -89.534, "2018-06-30": "-89.71300", "2018-03-31": -109.677, "2017-12-31": -65.229, "2017-09-30": -156.058, "2017-06-30": "127.81500", "2017-03-31": 38.699, "2016-12-31": -8.147, "2016-09-30": -69.865, "2016-06-30": "-12.18000", "2016-03-31": -26.506, "2015-12-31": -46.722, "2015-09-30": -16.244, "2015-06-30": "-61.69700", "2015-03-31": -52.924, "2014-12-31": -39.468, "2014-09-30": -180.148, "2014-06-30": "-29.62000", "2014-03-31": -175.497, "2013-12-31": -174.44, "2013-09-30": -23.173, "2013-06-30": "-36.44200", "2013-03-31": -20.489, "2012-12-31": -16.935, "2012-09-30": -152.371, "2012-06-30": "-218.39100", "2012-03-31": -17.319, "2011-12-31": -4.177, "2011-09-30": 7.141, "2011-06-30": "-0.36100", "2011-03-31": -253.324, "2010-12-31": 3.802, "2010-09-30": -72.215, "2010-06-30": "-2.40600", "2010-03-31": -2.992, "2009-12-31": -369.568}, "Net Cash Flow": {"2020-12-31": 66.111, "2020-09-30": 654.578, "2020-06-30": "-121.28900", "2020-03-31": 45.08, "2019-12-31": -84.725, "2019-09-30": 132.446, "2019-06-30": "365.11000", "2019-03-31": 72.131, "2018-12-31": -130.727, "2018-09-30": 192.863, "2018-06-30": "-137.23500", "2018-03-31": -2.537, "2017-12-31": -40.548, "2017-09-30": -7.444, "2017-06-30": "120.07000", "2017-03-31": -132.207, "2016-12-31": 42.401, "2016-09-30": 127.249, "2016-06-30": "-7.55500", "2016-03-31": 20.425, "2015-12-31": -20.297, "2015-09-30": 35.925, "2015-06-30": "-55.74100", "2015-03-31": 9.774, "2014-12-31": -44.381, "2014-09-30": -77.624, "2014-06-30": "59.45400", "2014-03-31": -143.17, "2013-12-31": -24.059, "2013-09-30": 41.864, "2013-06-30": "34.97500", "2013-03-31": 32.806, "2012-12-31": -171.401, "2012-09-30": 152.928, "2012-06-30": "-148.31700", "2012-03-31": 79.341, "2011-12-31": 48.807, "2011-09-30": 127.707, "2011-06-30": "35.88200", "2011-03-31": -265.141, "2010-12-31": 91.246, "2010-09-30": 65.915, "2010-06-30": "-7.22400", "2010-03-31": 33.694, "2009-12-31": -146.754}, "Stock-Based Compensation": {"2020-12-31": 15.34, "2020-09-30": 14.799, "2020-06-30": "10.83300", "2020-03-31": 16.494, "2019-12-31": 10.988, "2019-09-30": 9.364, "2019-06-30": "6.44400", "2019-03-31": 8.044, "2018-12-31": 9.966, "2018-09-30": 7.15, "2018-06-30": "6.11500", "2018-03-31": 6.521, "2017-12-31": 5.202, "2017-09-30": 6.346, "2017-06-30": "5.24900", "2017-03-31": 5.215, "2016-12-31": 5.453, "2016-09-30": 4.692, "2016-06-30": "5.88900", "2016-03-31": 7.183, "2015-12-31": 6.288, "2015-09-30": 5.256, "2015-06-30": "6.26500", "2015-03-31": 6.209, "2014-12-31": 7.067, "2014-09-30": 6.825, "2014-06-30": "6.06200", "2014-03-31": 5.946, "2013-12-31": 4.778, "2013-09-30": 4.195, "2013-06-30": "5.14600", "2013-03-31": 4.978, "2012-12-31": 5.496, "2012-09-30": 7.605, "2012-06-30": "6.76200", "2012-03-31": 6.815, "2011-12-31": 6, "2011-09-30": 7.771, "2011-06-30": "10.67700", "2011-03-31": 9.475, "2010-12-31": 11.908, "2010-09-30": 11.635, "2010-06-30": "15.66000", "2010-03-31": -57.35, "2009-12-31": 57.35}, "Common Stock Dividends Paid": {"2020-12-31": -43.026, "2020-09-30": -43.004, "2020-06-30": "-43.83200", "2020-03-31": -43.659, "2019-12-31": -38.095, "2019-09-30": -32.436, "2019-06-30": "-32.41200", "2019-03-31": -32.427, "2018-12-31": -27.148, "2018-09-30": -26.95, "2018-06-30": "-27.70900", "2018-03-31": -26.773, "2017-12-31": -24.882, "2017-09-30": -25.454, "2017-06-30": "-26.30200", "2017-03-31": -25.711, "2016-12-31": -22.522, "2016-09-30": -22.44, "2016-06-30": "-24.50600", "2016-03-31": -22.432, "2015-12-31": -47.523, "2015-09-30": -19.217, "2015-06-30": "-22.64500", "2015-03-31": -19.274, "2014-12-31": -16.641, "2014-09-30": -205.769, "2014-06-30": "-20.52000", "2014-03-31": -163.047, "2013-12-31": -162.797, "2013-09-30": -48.317, "2013-06-30": "-27.77900", "2013-03-31": -12.446, "2012-12-31": -24.272, "2012-09-30": -924.832, "2012-06-30": "-210.67200", "2012-03-31": -11.906, "2011-12-31": 0, "2011-09-30": 0, "2011-06-30": "", "2011-03-31": 0, "2010-12-31": 0, "2010-09-30": 0, "2010-06-30": "", "2010-03-31": 612.401, "2009-12-31": -612.401}}, "financial ratios": {"Current Ratio": {"2020-03-31": "1.75360", "2019-03-31": "1.44100", "2018-03-31": "1.45030", "2017-03-31": "1.17530", "2016-03-31": "1.26580", "2015-03-31": "1.35300", "2014-03-31": "1.36950", "2013-03-31": "1.47660", "2012-03-31": "1.80840", "2011-03-31": "1.57070", "2010-03-31": "1.74340"}, "Long-term Debt / Capital": {"2020-03-31": "0.70100", "2019-03-31": "0.71590", "2018-03-31": "0.75730", "2017-03-31": "0.71930", "2016-03-31": "0.78420", "2015-03-31": "0.89300", "2014-03-31": "0.90230", "2013-03-31": "0.87980", "2012-03-31": "0.43780", "2011-03-31": "0.51520", "2010-03-31": "0.75220"}, "Debt/Equity Ratio": {"2020-03-31": "2.55250", "2019-03-31": "2.60560", "2018-03-31": "3.23310", "2017-03-31": "2.89980", "2016-03-31": "3.91020", "2015-03-31": "8.64790", "2014-03-31": "9.66530", "2013-03-31": "7.56270", "2012-03-31": "0.81460", "2011-03-31": "1.09600", "2010-03-31": "3.07830"}, "Gross Margin": {"2020-03-31": "54.72600", "2019-03-31": "53.75230", "2018-03-31": "53.52700", "2017-03-31": "53.89070", "2016-03-31": "52.27250", "2015-03-31": "50.82540", "2014-03-31": "50.42410", "2013-03-31": "50.13530", "2012-03-31": "49.91860", "2011-03-31": "49.26120", "2010-03-31": "48.18790"}, "Operating Margin": {"2020-03-31": "8.96590", "2019-03-31": "8.98550", "2018-03-31": "8.42670", "2017-03-31": "8.71010", "2016-03-31": "8.22430", "2015-03-31": "8.69840", "2014-03-31": "8.40730", "2013-03-31": "7.74970", "2012-03-31": "6.61230", "2011-03-31": "5.71320", "2010-03-31": "3.89550"}, "EBIT Margin": {"2020-03-31": "8.96590", "2019-03-31": "8.98550", "2018-03-31": "8.42670", "2017-03-31": "8.71010", "2016-03-31": "8.22430", "2015-03-31": "8.69840", "2014-03-31": "8.40730", "2013-03-31": "7.74970", "2012-03-31": "6.61230", "2011-03-31": "5.71320", "2010-03-31": "3.89550"}, "EBITDA Margin": {"2020-03-31": "10.13450", "2019-03-31": "10.14800", "2018-03-31": "9.57350", "2017-03-31": "10.00300", "2016-03-31": "9.51730", "2015-03-31": "10.10590", "2014-03-31": "9.94070", "2013-03-31": "9.33420", "2012-03-31": "7.99620", "2011-03-31": "8.09810", "2010-03-31": "5.92510"}, "Pre-Tax Profit Margin": {"2020-03-31": "7.76320", "2019-03-31": "7.68800", "2018-03-31": "6.97250", "2017-03-31": "7.32690", "2016-03-31": "7.01960", "2015-03-31": "7.31630", "2014-03-31": "6.95030", "2013-03-31": "6.39640", "2012-03-31": "5.86890", "2011-03-31": "2.29040", "2010-03-31": "0.95640"}, "Net Profit Margin": {"2020-03-31": "6.46590", "2019-03-31": "6.24290", "2018-03-31": "4.89160", "2017-03-31": "4.48960", "2016-03-31": "5.44040", "2015-03-31": "4.40910", "2014-03-31": "4.23800", "2013-03-31": "3.80440", "2012-03-31": "4.09530", "2011-03-31": "1.51470", "2010-03-31": "0.49620"}, "Asset Turnover": {"2020-03-31": "1.55690", "2019-03-31": "1.74960", "2018-03-31": "1.71010", "2017-03-31": "1.72230", "2016-03-31": "1.79580", "2015-03-31": "1.84180", "2014-03-31": "1.86300", "2013-03-31": "1.81210", "2012-03-31": "1.76760", "2011-03-31": "1.84900", "2010-03-31": "1.67280"}, "Inventory Turnover Ratio": {"2020-03-31": "", "2019-03-31": "", "2018-03-31": "", "2017-03-31": "", "2016-03-31": "", "2015-03-31": "", "2014-03-31": "", "2013-03-31": "", "2012-03-31": "", "2011-03-31": "", "2010-03-31": ""}, "Receiveable Turnover": {"2020-03-31": "5.11410", "2019-03-31": "5.03930", "2018-03-31": "5.44020", "2017-03-31": "5.85750", "2016-03-31": "6.05830", "2015-03-31": "6.15270", "2014-03-31": "5.97630", "2013-03-31": "5.59260", "2012-03-31": "5.21230", "2011-03-31": "5.03270", "2010-03-31": "5.03050"}, "Days Sales In Receivables": {"2020-03-31": "71.37170", "2019-03-31": "72.43140", "2018-03-31": "67.09290", "2017-03-31": "62.31370", "2016-03-31": "60.24810", "2015-03-31": "59.32360", "2014-03-31": "61.07460", "2013-03-31": "65.26490", "2012-03-31": "70.02640", "2011-03-31": "72.52640", "2010-03-31": "72.55710"}, "ROE - Return On Equity": {"2020-03-31": "56.35540", "2019-03-31": "61.97070", "2018-03-31": "53.63500", "2017-03-31": "45.47230", "2016-03-31": "71.99580", "2015-03-31": "124.70320", "2014-03-31": "135.27930", "2013-03-31": "96.58940", "2012-03-31": "20.24620", "2011-03-31": "9.33520", "2010-03-31": "4.98820"}, "Return On Tangible Equity": {"2020-03-31": "-47.04690", "2019-03-31": "-35.08660", "2018-03-31": "-23.25790", "2017-03-31": "-20.54580", "2016-03-31": "-25.04880", "2015-03-31": "-17.39330", "2014-03-31": "-17.54960", "2013-03-31": "-17.02350", "2012-03-31": "-105.86890", "2011-03-31": "-17.05690", "2010-03-31": "-2.75570"}, "ROA - Return On Assets": {"2020-03-31": "10.06690", "2019-03-31": "10.92240", "2018-03-31": "8.36500", "2017-03-31": "7.73250", "2016-03-31": "9.77000", "2015-03-31": "8.12050", "2014-03-31": "7.89540", "2013-03-31": "6.89400", "2012-03-31": "7.23890", "2011-03-31": "2.80070", "2010-03-31": "0.83010"}, "ROI - Return On Investment": {"2020-03-31": "16.84870", "2019-03-31": "17.60590", "2018-03-31": "13.01540", "2017-03-31": "12.76200", "2016-03-31": "15.53640", "2015-03-31": "13.34870", "2014-03-31": "13.21600", "2013-03-31": "11.61250", "2012-03-31": "11.38250", "2011-03-31": "4.52530", "2010-03-31": "1.23610"}, "Book Value Per Share": {"2020-03-31": "6.17330", "2019-03-31": "4.82310", "2018-03-31": "3.92130", "2017-03-31": "3.85250", "2016-03-31": "2.76020", "2015-03-31": "1.25090", "2014-03-31": "1.14960", "2013-03-31": "1.55120", "2012-03-31": "8.31400", "2011-03-31": "6.47040", "2010-03-31": "4.22380"}, "Operating Cash Flow Per Share": {"2020-03-31": 0.4142, "2019-03-31": 0.9916, "2018-03-31": -0.0455, "2017-03-31": 0.8792, "2016-03-31": -0.3965, "2015-03-31": -0.1766, "2014-03-31": -0.9699, "2013-03-31": 0.6508, "2012-03-31": 0.2317, "2011-03-31": -0.002, "2010-03-31": 2.3272}, "Free Cash Flow Per Share": {"2020-03-31": 0.4142, "2019-03-31": 0.9916, "2018-03-31": 0.3133, "2017-03-31": 0.9655, "2016-03-31": -0.6019, "2015-03-31": -0.2757, "2014-03-31": -0.8819, "2013-03-31": 0.9685, "2012-03-31": 0.3821, "2011-03-31": -0.2748, "2010-03-31": 1.9033}}, "financial ratios, quarterly": {"Current Ratio": {"2020-12-31": "1.98550", "2020-09-30": "2.00560", "2020-06-30": "1.81110", "2020-03-31": "1.75360", "2019-12-31": "1.92640", "2019-09-30": "1.78710", "2019-06-30": "1.74690", "2019-03-31": "1.44100", "2018-12-31": "1.50470", "2018-09-30": "1.44990", "2018-06-30": "1.47820", "2018-03-31": "1.45030", "2017-12-31": "1.49100", "2017-09-30": "1.49490", "2017-06-30": "1.59420", "2017-03-31": "1.17530", "2016-12-31": "1.47530", "2016-09-30": "1.42880", "2016-06-30": "1.35170", "2016-03-31": "1.26580", "2015-12-31": "1.42940", "2015-09-30": "1.45600", "2015-06-30": "1.38280", "2015-03-31": "1.35300", "2014-12-31": "1.42740", "2014-09-30": "1.42340", "2014-06-30": "1.51960", "2014-03-31": "1.36950", "2013-12-31": "1.49850", "2013-09-30": "1.67130", "2013-06-30": "1.56790", "2013-03-31": "1.47660", "2012-12-31": "1.43060", "2012-09-30": "1.48870", "2012-06-30": "1.67740", "2012-03-31": "1.80840", "2011-12-31": "1.83610", "2011-09-30": "1.76940", "2011-06-30": "1.70360", "2011-03-31": "1.57070", "2010-12-31": "1.42690", "2010-09-30": "", "2010-06-30": "", "2010-03-31": "", "2009-12-31": ""}, "Long-term Debt / Capital": {"2020-12-31": "0.68160", "2020-09-30": "0.70440", "2020-06-30": "0.69270", "2020-03-31": "0.70100", "2019-12-31": "0.68890", "2019-09-30": "0.70880", "2019-06-30": "0.73370", "2019-03-31": "0.71590", "2018-12-31": "0.71750", "2018-09-30": "0.72730", "2018-06-30": "0.74130", "2018-03-31": "0.75730", "2017-12-31": "0.75820", "2017-09-30": "0.76890", "2017-06-30": "0.75020", "2017-03-31": "0.71930", "2016-12-31": "0.72270", "2016-09-30": "0.74390", "2016-06-30": "0.76460", "2016-03-31": "0.78420", "2015-12-31": "0.79910", "2015-09-30": "0.85090", "2015-06-30": "0.88220", "2015-03-31": "0.89300", "2014-12-31": "0.89030", "2014-09-30": "0.90680", "2014-06-30": "0.87530", "2014-03-31": "0.90230", "2013-12-31": "0.85210", "2013-09-30": "0.80640", "2013-06-30": "0.85080", "2013-03-31": "0.87980", "2012-12-31": "0.90080", "2012-09-30": "0.93400", "2012-06-30": "0.47140", "2012-03-31": "0.43780", "2011-12-31": "0.44970", "2011-09-30": "0.46840", "2011-06-30": "0.49480", "2011-03-31": "0.51520", "2010-12-31": "0.52190", "2010-09-30": "", "2010-06-30": "", "2010-03-31": "", "2009-12-31": ""}, "Debt/Equity Ratio": {"2020-12-31": "2.21290", "2020-09-30": "2.46270", "2020-06-30": "2.34250", "2020-03-31": "2.55250", "2019-12-31": "2.29990", "2019-09-30": "2.52650", "2019-06-30": "2.85950", "2019-03-31": "2.60560", "2018-12-31": "2.62610", "2018-09-30": "2.76450", "2018-06-30": "2.96940", "2018-03-31": "3.23310", "2017-12-31": "3.24720", "2017-09-30": "3.44420", "2017-06-30": "3.10800", "2017-03-31": "2.89980", "2016-12-31": "2.74520", "2016-09-30": "3.02730", "2016-06-30": "3.47910", "2016-03-31": "3.91020", "2015-12-31": "4.16850", "2015-09-30": "5.95560", "2015-06-30": "7.78570", "2015-03-31": "8.64790", "2014-12-31": "8.37880", "2014-09-30": "10.01410", "2014-06-30": "7.20100", "2014-03-31": "9.66530", "2013-12-31": "6.00850", "2013-09-30": "4.33200", "2013-06-30": "5.91260", "2013-03-31": "7.56270", "2012-12-31": "9.35600", "2012-09-30": "14.53640", "2012-06-30": "0.93650", "2012-03-31": "0.81460", "2011-12-31": "0.85150", "2011-09-30": "0.91510", "2011-06-30": "1.01330", "2011-03-31": "1.09600", "2010-12-31": "1.38980", "2010-09-30": "", "2010-06-30": "", "2010-03-31": "", "2009-12-31": ""}, "Gross Margin": {"2020-12-31": "54.47680", "2020-09-30": "53.31800", "2020-06-30": "51.49890", "2020-03-31": "55.26690", "2019-12-31": "56.01370", "2019-09-30": "53.61880", "2019-06-30": "53.94120", "2019-03-31": "54.19290", "2018-12-31": "54.86290", "2018-09-30": "53.62010", "2018-06-30": "52.28390", "2018-03-31": "53.69870", "2017-12-31": "53.86080", "2017-09-30": "54.84260", "2017-06-30": "51.68820", "2017-03-31": "55.17750", "2016-12-31": "53.56550", "2016-09-30": "52.82170", "2016-06-30": "53.82420", "2016-03-31": "52.21220", "2015-12-31": "51.80800", "2015-09-30": "52.64130", "2015-06-30": "52.42450", "2015-03-31": "50.49080", "2014-12-31": "50.82790", "2014-09-30": "50.76600", "2014-06-30": "51.22120", "2014-03-31": "52.31930", "2013-12-31": "47.99880", "2013-09-30": "50.28100", "2013-06-30": "50.86670", "2013-03-31": "51.53760", "2012-12-31": "50.24610", "2012-09-30": "49.40610", "2012-06-30": "49.22110", "2012-03-31": "50.54410", "2011-12-31": "49.40270", "2011-09-30": "49.92160", "2011-06-30": "49.76410", "2011-03-31": "50.25220", "2010-12-31": "48.27340", "2010-09-30": "48.90610", "2010-06-30": "49.54320", "2010-03-31": "", "2009-12-31": "47.60020"}, "Operating Margin": {"2020-12-31": "9.67730", "2020-09-30": "10.26260", "2020-06-30": "9.80790", "2020-03-31": "7.56860", "2019-12-31": "9.14030", "2019-09-30": "9.45470", "2019-06-30": "9.80980", "2019-03-31": "7.58950", "2018-12-31": "9.73670", "2018-09-30": "8.90650", "2018-06-30": "9.81340", "2018-03-31": "8.07420", "2017-12-31": "8.73540", "2017-09-30": "8.61350", "2017-06-30": "8.31680", "2017-03-31": "9.50860", "2016-12-31": "7.69760", "2016-09-30": "8.43540", "2016-06-30": "9.08830", "2016-03-31": "7.33740", "2015-12-31": "8.03850", "2015-09-30": "8.23020", "2015-06-30": "9.33290", "2015-03-31": "6.89230", "2014-12-31": "8.06750", "2014-09-30": "9.34850", "2014-06-30": "10.51380", "2014-03-31": "6.37480", "2013-12-31": "7.62160", "2013-09-30": "9.84510", "2013-06-30": "9.71310", "2013-03-31": "7.30430", "2012-12-31": "8.37200", "2012-09-30": "7.35270", "2012-06-30": "8.00990", "2012-03-31": "6.32580", "2011-12-31": "6.80580", "2011-09-30": "6.55440", "2011-06-30": "6.78180", "2011-03-31": "5.60350", "2010-12-31": "5.40830", "2010-09-30": "5.25950", "2010-06-30": "6.61320", "2010-03-31": "", "2009-12-31": "3.22760"}, "EBIT Margin": {"2020-12-31": "9.67730", "2020-09-30": "10.26260", "2020-06-30": "9.80790", "2020-03-31": "7.56860", "2019-12-31": "9.14030", "2019-09-30": "9.45470", "2019-06-30": "9.80980", "2019-03-31": "7.58950", "2018-12-31": "9.73670", "2018-09-30": "8.90650", "2018-06-30": "9.81340", "2018-03-31": "8.07420", "2017-12-31": "8.73540", "2017-09-30": "8.61350", "2017-06-30": "8.31680", "2017-03-31": "9.50860", "2016-12-31": "7.69760", "2016-09-30": "8.43540", "2016-06-30": "9.08830", "2016-03-31": "7.33740", "2015-12-31": "8.03850", "2015-09-30": "8.23020", "2015-06-30": "9.33290", "2015-03-31": "6.89230", "2014-12-31": "8.06750", "2014-09-30": "9.34850", "2014-06-30": "10.51380", "2014-03-31": "6.37480", "2013-12-31": "7.62160", "2013-09-30": "9.84510", "2013-06-30": "9.71310", "2013-03-31": "7.30430", "2012-12-31": "8.37200", "2012-09-30": "7.35270", "2012-06-30": "8.00990", "2012-03-31": "6.32580", "2011-12-31": "6.80580", "2011-09-30": "6.55440", "2011-06-30": "6.78180", "2011-03-31": "5.60350", "2010-12-31": "5.40830", "2010-09-30": "5.25950", "2010-06-30": "6.61320", "2010-03-31": "", "2009-12-31": "3.22760"}, "EBITDA Margin": {"2020-12-31": "", "2020-09-30": "", "2020-06-30": "", "2020-03-31": "", "2019-12-31": "", "2019-09-30": "", "2019-06-30": "", "2019-03-31": "", "2018-12-31": "", "2018-09-30": "", "2018-06-30": "", "2018-03-31": "", "2017-12-31": "", "2017-09-30": "", "2017-06-30": "", "2017-03-31": "", "2016-12-31": "", "2016-09-30": "", "2016-06-30": "", "2016-03-31": "", "2015-12-31": "", "2015-09-30": "", "2015-06-30": "", "2015-03-31": "", "2014-12-31": "", "2014-09-30": "", "2014-06-30": "", "2014-03-31": "", "2013-12-31": "", "2013-09-30": "", "2013-06-30": "", "2013-03-31": "", "2012-12-31": "", "2012-09-30": "", "2012-06-30": "", "2012-03-31": "", "2011-12-31": "", "2011-09-30": "", "2011-06-30": "", "2011-03-31": "", "2010-12-31": "", "2010-09-30": "", "2010-06-30": "", "2010-03-31": "", "2009-12-31": ""}, "Pre-Tax Profit Margin": {"2020-12-31": "8.71750", "2020-09-30": "8.68670", "2020-06-30": "8.73090", "2020-03-31": "6.53440", "2019-12-31": "7.93340", "2019-09-30": "8.14350", "2019-06-30": "8.53780", "2019-03-31": "6.62220", "2018-12-31": "8.43410", "2018-09-30": "7.42800", "2018-06-30": "8.34120", "2018-03-31": "6.50900", "2017-12-31": "7.24130", "2017-09-30": "7.16830", "2017-06-30": "7.01090", "2017-03-31": "7.68180", "2016-12-31": "6.59350", "2016-09-30": "7.00770", "2016-06-30": "7.96810", "2016-03-31": "6.46020", "2015-12-31": "6.72260", "2015-09-30": "6.87920", "2015-06-30": "8.03390", "2015-03-31": "5.60560", "2014-12-31": "6.63880", "2014-09-30": "8.04490", "2014-06-30": "9.00320", "2014-03-31": "5.05720", "2013-12-31": "6.14080", "2013-09-30": "8.25810", "2013-06-30": "8.26610", "2013-03-31": "6.04610", "2012-12-31": "6.82120", "2012-09-30": "5.53990", "2012-06-30": "7.19110", "2012-03-31": "5.61950", "2011-12-31": "5.98810", "2011-09-30": "5.98460", "2011-06-30": "5.90160", "2011-03-31": "2.12730", "2010-12-31": "1.57960", "2010-09-30": "1.92190", "2010-06-30": "3.58330", "2010-03-31": "", "2009-12-31": "0.21370"}, "Net Profit Margin": {"2020-12-31": "7.58240", "2020-09-30": "6.73940", "2020-06-30": "6.61040", "2020-03-31": "7.05030", "2019-12-31": "6.05730", "2019-09-30": "6.28310", "2019-06-30": "6.43150", "2019-03-31": "5.03210", "2018-12-31": "7.93920", "2018-09-30": "5.74430", "2018-06-30": "6.32750", "2018-03-31": "5.05840", "2017-12-31": "5.09460", "2017-09-30": "4.77360", "2017-06-30": "4.63630", "2017-03-31": "4.69910", "2016-12-31": "3.95760", "2016-09-30": "4.50440", "2016-06-30": "4.76670", "2016-03-31": "4.59990", "2015-12-31": "8.26320", "2015-09-30": "4.25180", "2015-06-30": "4.75780", "2015-03-31": "3.22890", "2014-12-31": "4.04750", "2014-09-30": "5.00320", "2014-06-30": "5.37810", "2014-03-31": "3.35000", "2013-12-31": "3.70470", "2013-09-30": "4.92100", "2013-06-30": "4.92490", "2013-03-31": "3.54710", "2012-12-31": "4.03420", "2012-09-30": "3.32330", "2012-06-30": "4.32450", "2012-03-31": "3.28610", "2011-12-31": "4.35710", "2011-09-30": "5.27150", "2011-06-30": "3.53430", "2011-03-31": "1.21030", "2010-12-31": "1.70160", "2010-09-30": "1.08370", "2010-06-30": "2.09910", "2010-03-31": "", "2009-12-31": "0.10260"}, "Asset Turnover": {"2020-12-31": "0.35470", "2020-09-30": "0.38210", "2020-06-30": "0.41590", "2020-03-31": "0.41090", "2019-12-31": "0.39940", "2019-09-30": "0.39830", "2019-06-30": "0.40440", "2019-03-31": "0.46450", "2018-12-31": "0.43790", "2018-09-30": "0.43210", "2018-06-30": "0.45340", "2018-03-31": "0.45220", "2017-12-31": "0.41550", "2017-09-30": "0.43710", "2017-06-30": "0.42600", "2017-03-31": "0.47060", "2016-12-31": "0.44360", "2016-09-30": "0.45090", "2016-06-30": "0.46770", "2016-03-31": "0.47320", "2015-12-31": "0.44080", "2015-09-30": "0.45990", "2015-06-30": "0.47370", "2015-03-31": "0.46890", "2014-12-31": "0.46070", "2014-09-30": "0.46120", "2014-06-30": "0.44620", "2014-03-31": "0.47600", "2013-12-31": "0.41740", "2013-09-30": "0.43270", "2013-06-30": "0.45070", "2013-03-31": "0.48630", "2012-12-31": "0.44200", "2012-09-30": "0.44910", "2012-06-30": "0.46070", "2012-03-31": "0.46480", "2011-12-31": "0.44980", "2011-09-30": "0.45570", "2011-06-30": "0.47790", "2011-03-31": "0.49370", "2010-12-31": "0.43430", "2010-09-30": "", "2010-06-30": "", "2010-03-31": "", "2009-12-31": ""}, "Inventory Turnover Ratio": {"2020-12-31": "", "2020-09-30": "", "2020-06-30": "", "2020-03-31": "", "2019-12-31": "", "2019-09-30": "", "2019-06-30": "", "2019-03-31": "", "2018-12-31": "", "2018-09-30": "", "2018-06-30": "", "2018-03-31": "", "2017-12-31": "", "2017-09-30": "", "2017-06-30": "", "2017-03-31": "", "2016-12-31": "", "2016-09-30": "", "2016-06-30": "", "2016-03-31": "", "2015-12-31": "", "2015-09-30": "", "2015-06-30": "", "2015-03-31": "", "2014-12-31": "", "2014-09-30": "", "2014-06-30": "", "2014-03-31": "", "2013-12-31": "", "2013-09-30": "", "2013-06-30": "", "2013-03-31": "", "2012-12-31": "", "2012-09-30": "", "2012-06-30": "", "2012-03-31": "", "2011-12-31": "", "2011-09-30": "", "2011-06-30": "", "2011-03-31": "", "2010-12-31": "", "2010-09-30": "", "2010-06-30": "", "2010-03-31": "", "2009-12-31": ""}, "Receiveable Turnover": {"2020-12-31": "1.34020", "2020-09-30": "1.37590", "2020-06-30": "1.28580", "2020-03-31": "1.34960", "2019-12-31": "1.29530", "2019-09-30": "1.37730", "2019-06-30": "1.29660", "2019-03-31": "1.33800", "2018-12-31": "1.25790", "2018-09-30": "1.38500", "2018-06-30": "1.29140", "2018-03-31": "1.43870", "2017-12-31": "1.40700", "2017-09-30": "1.50300", "2017-06-30": "1.41810", "2017-03-31": "1.60040", "2016-12-31": "1.55640", "2016-09-30": "1.59840", "2016-06-30": "1.49320", "2016-03-31": "1.59630", "2015-12-31": "1.54720", "2015-09-30": "1.55920", "2015-06-30": "1.55820", "2015-03-31": "1.56650", "2014-12-31": "1.54450", "2014-09-30": "1.58990", "2014-06-30": "1.47320", "2014-03-31": "1.52700", "2013-12-31": "1.43650", "2013-09-30": "1.42290", "2013-06-30": "1.43410", "2013-03-31": "1.50090", "2012-12-31": "1.42070", "2012-09-30": "1.65270", "2012-06-30": "1.33770", "2012-03-31": "1.37050", "2011-12-31": "1.35460", "2011-09-30": "1.38530", "2011-06-30": "1.33970", "2011-03-31": "1.34380", "2010-12-31": "1.37320", "2010-09-30": "", "2010-06-30": "", "2010-03-31": "", "2009-12-31": ""}, "Days Sales In Receivables": {"2020-12-31": "67.15450", "2020-09-30": "65.41370", "2020-06-30": "69.99350", "2020-03-31": "66.68830", "2019-12-31": "69.48230", "2019-09-30": "65.34490", "2019-06-30": "69.41490", "2019-03-31": "67.26260", "2018-12-31": "71.54580", "2018-09-30": "64.98110", "2018-06-30": "69.69060", "2018-03-31": "62.55590", "2017-12-31": "63.96710", "2017-09-30": "59.87990", "2017-06-30": "63.46450", "2017-03-31": "56.23650", "2016-12-31": "57.82580", "2016-09-30": "56.30630", "2016-06-30": "60.27300", "2016-03-31": "56.38210", "2015-12-31": "58.16920", "2015-09-30": "57.72110", "2015-06-30": "57.76080", "2015-03-31": "57.45420", "2014-12-31": "58.27230", "2014-09-30": "56.60720", "2014-06-30": "61.08970", "2014-03-31": "58.94020", "2013-12-31": "62.65040", "2013-09-30": "63.24990", "2013-06-30": "62.75860", "2013-03-31": "59.96460", "2012-12-31": "63.34900", "2012-09-30": "54.45770", "2012-06-30": "67.27750", "2012-03-31": "65.66820", "2011-12-31": "66.44060", "2011-09-30": "64.96590", "2011-06-30": "67.17760", "2011-03-31": "66.97380", "2010-12-31": "65.54210", "2010-09-30": "", "2010-06-30": "", "2010-03-31": "", "2009-12-31": ""}, "ROE - Return On Equity": {"2020-12-31": "13.45160", "2020-09-30": "14.00070", "2020-06-30": "14.65540", "2020-03-31": "16.21590", "2019-12-31": "12.24280", "2019-09-30": "13.60720", "2019-06-30": "15.67610", "2019-03-31": "13.26320", "2018-12-31": "19.55370", "2018-09-30": "14.34430", "2018-06-30": "17.15350", "2018-03-31": "14.66800", "2017-12-31": "13.27840", "2017-09-30": "13.73290", "2017-06-30": "11.78780", "2017-03-31": "13.00370", "2016-12-31": "9.75750", "2016-09-30": "12.16840", "2016-06-30": "14.67030", "2016-03-31": "16.03890", "2015-12-31": "28.37900", "2015-09-30": "20.89940", "2015-06-30": "30.96790", "2015-03-31": "23.25120", "2014-12-31": "27.04600", "2014-09-30": "39.72930", "2014-06-30": "30.93990", "2014-03-31": "27.32240", "2013-12-31": "16.92470", "2013-09-30": "17.38190", "2013-06-30": "24.39790", "2013-03-31": "24.16870", "2012-12-31": "30.44840", "2012-09-30": "38.57980", "2012-06-30": "6.07390", "2012-03-31": "4.27170", "2011-12-31": "5.50310", "2011-09-30": "7.03530", "2011-06-30": "5.24920", "2011-03-31": "1.99170", "2010-12-31": "2.67250", "2010-09-30": "", "2010-06-30": "", "2010-03-31": "", "2009-12-31": ""}, "Return On Tangible Equity": {"2020-12-31": "-17.77880", "2020-09-30": "-14.90530", "2020-06-30": "-12.90500", "2020-03-31": "-13.53750", "2019-12-31": "-11.61620", "2019-09-30": "-11.04290", "2019-06-30": "-10.44390", "2019-03-31": "-7.50940", "2018-12-31": "-11.06400", "2018-09-30": "-7.58220", "2018-06-30": "-8.27260", "2018-03-31": "-6.36050", "2017-12-31": "-5.84330", "2017-09-30": "-5.67050", "2017-06-30": "-5.69430", "2017-03-31": "-5.87550", "2016-12-31": "-5.53950", "2016-09-30": "-5.92730", "2016-06-30": "-6.07030", "2016-03-31": "-5.58030", "2015-12-31": "-8.97600", "2015-09-30": "-4.49590", "2015-06-30": "-4.89810", "2015-03-31": "-3.24300", "2014-12-31": "-3.98090", "2014-09-30": "-4.92700", "2014-06-30": "-5.63430", "2014-03-31": "-3.54450", "2013-12-31": "-3.86620", "2013-09-30": "-6.08240", "2013-06-30": "-5.75890", "2013-03-31": "-4.25960", "2012-12-31": "-4.21460", "2012-09-30": "-3.58670", "2012-06-30": "-15.93000", "2012-03-31": "-22.33680", "2011-12-31": "-22.96090", "2011-09-30": "-22.26980", "2011-06-30": "-12.01230", "2011-03-31": "-3.63920", "2010-12-31": "-4.49090", "2010-09-30": "", "2010-06-30": "", "2010-03-31": "", "2009-12-31": ""}, "ROA - Return On Assets": {"2020-12-31": "2.68940", "2020-09-30": "2.57490", "2020-06-30": "2.74930", "2020-03-31": "2.89670", "2019-12-31": "2.41920", "2019-09-30": "2.50230", "2019-06-30": "2.60070", "2019-03-31": "2.33760", "2018-12-31": "3.47650", "2018-09-30": "2.48200", "2018-06-30": "2.86900", "2018-03-31": "2.28760", "2017-12-31": "2.11700", "2017-09-30": "2.08650", "2017-06-30": "1.97490", "2017-03-31": "2.21130", "2016-12-31": "1.75550", "2016-09-30": "2.03100", "2016-06-30": "2.22960", "2016-03-31": "2.17650", "2015-12-31": "3.64250", "2015-09-30": "1.95560", "2015-06-30": "2.25380", "2015-03-31": "1.51410", "2014-12-31": "1.86460", "2014-09-30": "2.30760", "2014-06-30": "2.39980", "2014-03-31": "1.59460", "2013-12-31": "1.54640", "2013-09-30": "2.12950", "2013-06-30": "2.21950", "2013-03-31": "1.72500", "2012-12-31": "1.78310", "2012-09-30": "1.49240", "2012-06-30": "1.99240", "2012-03-31": "1.52730", "2011-12-31": "1.95990", "2011-09-30": "2.40200", "2011-06-30": "1.68900", "2011-03-31": "0.59750", "2010-12-31": "0.73900", "2010-09-30": "", "2010-06-30": "", "2010-03-31": "", "2009-12-31": ""}, "ROI - Return On Investment": {"2020-12-31": "4.28350", "2020-09-30": "4.13910", "2020-06-30": "4.50340", "2020-03-31": "4.84810", "2019-12-31": "3.80820", "2019-09-30": "3.96270", "2019-06-30": "4.17430", "2019-03-31": "3.76810", "2018-12-31": "5.52310", "2018-09-30": "3.91190", "2018-06-30": "4.43750", "2018-03-31": "3.55940", "2017-12-31": "3.21100", "2017-09-30": "3.17420", "2017-06-30": "2.94500", "2017-03-31": "3.64950", "2016-12-31": "2.70540", "2016-09-30": "3.11610", "2016-06-30": "3.45330", "2016-03-31": "3.46110", "2015-12-31": "5.70110", "2015-09-30": "3.11700", "2015-06-30": "3.64930", "2015-03-31": "2.48890", "2014-12-31": "2.96780", "2014-09-30": "3.70260", "2014-06-30": "3.85760", "2014-03-31": "2.66920", "2013-12-31": "2.50350", "2013-09-30": "3.36440", "2013-06-30": "3.63920", "2013-03-31": "2.90570", "2012-12-31": "3.02080", "2012-09-30": "2.54700", "2012-06-30": "3.21070", "2012-03-31": "2.40150", "2011-12-31": "3.02860", "2011-09-30": "3.73970", "2011-06-30": "2.65210", "2011-03-31": "0.96550", "2010-12-31": "1.27760", "2010-09-30": "", "2010-06-30": "", "2010-03-31": "", "2009-12-31": ""}, "Book Value Per Share": {"2020-12-31": "7.78490", "2020-09-30": "7.04190", "2020-06-30": "6.38560", "2020-03-31": "6.17330", "2019-12-31": "6.52120", "2019-09-30": "5.98540", "2019-06-30": "5.34040", "2019-03-31": "4.82310", "2018-12-31": "4.79000", "2018-09-30": "4.53410", "2018-06-30": "4.24450", "2018-03-31": "3.92130", "2017-12-31": "3.89020", "2017-09-30": "3.68350", "2017-06-30": "4.02910", "2017-03-31": "3.85250", "2016-12-31": "3.79930", "2016-09-30": "3.46370", "2016-06-30": "3.11480", "2016-03-31": "2.76020", "2015-12-31": "2.55920", "2015-09-30": "1.81200", "2015-06-30": "1.40220", "2015-03-31": "1.25090", "2014-12-31": "1.30370", "2014-09-30": "1.09060", "2014-06-30": "1.52800", "2014-03-31": "1.14960", "2013-12-31": "1.87150", "2013-09-30": "2.62540", "2013-06-30": "1.96760", "2013-03-31": "1.55120", "2012-12-31": "1.26600", "2012-09-30": "0.82680", "2012-06-30": "7.10640", "2012-03-31": "8.31400", "2011-12-31": "8.02080", "2011-09-30": "7.53430", "2011-06-30": "6.91400", "2011-03-31": "6.47040", "2010-12-31": "6.30820", "2010-09-30": "", "2010-06-30": "", "2010-03-31": "", "2009-12-31": ""}, "Operating Cash Flow Per Share": {"2020-12-31": 1.6731, "2020-09-30": 3.0705, "2020-06-30": "1.00900", "2020-03-31": 1.3154, "2019-12-31": 0.7023, "2019-09-30": 1.5252, "2019-06-30": "0.36130", "2019-03-31": 1.5103, "2018-12-31": 0.0691, "2018-09-30": 2.0975, "2018-06-30": "-0.18690", "2018-03-31": 0.8138, "2017-12-31": 0.4886, "2017-09-30": 1.1693, "2017-06-30": "0.02670", "2017-03-31": 0.6646, "2016-12-31": 0.434, "2016-09-30": 1.3675, "2016-06-30": "0.07780", "2016-03-31": 0.4573, "2015-12-31": 0.6137, "2015-09-30": 0.4658, "2015-06-30": "0.12790", "2015-03-31": 0.5477, "2014-12-31": 0.1802, "2014-09-30": 0.7203, "2014-06-30": "0.61300", "2014-03-31": 0.2737, "2013-12-31": 1.024, "2013-09-30": 0.4386, "2013-06-30": "0.50150", "2013-03-31": 0.4576, "2012-12-31": 0.0482, "2012-09-30": 2.1829, "2012-06-30": "0.51900", "2012-03-31": 0.7796, "2011-12-31": 0.5235, "2011-09-30": 0.869, "2011-06-30": "0.38480", "2011-03-31": 0.1852, "2010-12-31": 0.7451, "2010-09-30": 1.3121, "2010-06-30": "0.08280", "2010-03-31": -1.8389, "2009-12-31": 1.8389}, "Free Cash Flow Per Share": {"2020-12-31": 1.5586, "2020-09-30": 2.9402, "2020-06-30": "0.86480", "2020-03-31": 1.9563, "2019-12-31": 0.4857, "2019-09-30": 1.2946, "2019-06-30": "0.16760", "2019-03-31": 1.9163, "2018-12-31": -0.0608, "2018-09-30": 1.9628, "2018-06-30": "-0.32830", "2018-03-31": 1.244, "2017-12-31": 0.3069, "2017-09-30": 0.9978, "2017-06-30": "-0.05030", "2017-03-31": 0.5086, "2016-12-31": 0.332, "2016-09-30": 1.3079, "2016-06-30": "0.03660", "2016-03-31": 0.3179, "2015-12-31": 0.5059, "2015-09-30": 0.3559, "2015-06-30": "0.03990", "2015-03-31": 0.4239, "2014-12-31": 0.1237, "2014-09-30": 0.6786, "2014-06-30": "0.59530", "2014-03-31": 0.216, "2013-12-31": 0.9863, "2013-09-30": 0.4099, "2013-06-30": "0.48500", "2013-03-31": 0.3714, "2012-12-31": 0.0054, "2012-09-30": 2.1112, "2012-06-30": "0.49110", "2012-03-31": 0.6956, "2011-12-31": 0.3701, "2011-09-30": 0.6859, "2011-06-30": "0.25900", "2011-03-31": -0.0433, "2010-12-31": 0.5949, "2010-09-30": 1.1282, "2010-06-30": "-0.05130", "2010-03-31": -1.5467, "2009-12-31": 1.5467}}, "revenue": {"Booz Allen Hamilton Holding Annual Revenue (Millions of US $)": {"2020": "$7,464", "2019": "$6,704", "2018": "$6,168", "2017": "$5,809", "2016": "$5,406", "2015": "$5,275", "2014": "$5,479", "2013": "$5,758", "2012": "$5,859", "2011": "$5,591", "2010": "$5,123"}, "Booz Allen Hamilton Holding Quarterly Revenue (Millions of US $)": {"2020-12-31": "$1,904", "2020-09-30": "$2,019", "2020-06-30": "$1,956", "2020-03-31": "$1,970", "2019-12-31": "$1,849", "2019-09-30": "$1,820", "2019-06-30": "$1,825", "2019-03-31": "$1,780", "2018-12-31": "$1,663", "2018-09-30": "$1,614", "2018-06-30": "$1,647", "2018-03-31": "$1,631", "2017-12-31": "$1,471", "2017-09-30": "$1,543", "2017-06-30": "$1,523", "2017-03-31": "$1,587", "2016-12-31": "$1,405", "2016-09-30": "$1,395", "2016-06-30": "$1,423", "2016-03-31": "$1,424", "2015-12-31": "$1,308", "2015-09-30": "$1,322", "2015-06-30": "$1,352", "2015-03-31": "$1,343", "2014-12-31": "$1,305", "2014-09-30": "$1,305", "2014-06-30": "$1,322", "2014-03-31": "$1,400", "2013-12-31": "$1,273", "2013-09-30": "$1,378", "2013-06-30": "$1,428", "2013-03-31": "$1,545", "2012-12-31": "$1,393", "2012-09-30": "$1,388", "2012-06-30": "$1,432", "2012-03-31": "$1,541", "2011-12-31": "$1,443", "2011-09-30": "$1,429", "2011-06-30": "$1,447", "2011-03-31": "$1,493", "2010-12-31": "$1,389", "2010-09-30": "$1,367", "2010-06-30": "$1,342", "2010-03-31": "", "2009-12-31": "$1,261"}}, "gross-profit": {"Booz Allen Hamilton Holding Annual Gross Profit (Millions of US $)": {"2020": "$4,085", "2019": "$3,604", "2018": "$3,301", "2017": "$3,131", "2016": "$2,826", "2015": "$2,681", "2014": "$2,763", "2013": "$2,887", "2012": "$2,925", "2011": "$2,754", "2010": "$2,468"}, "Booz Allen Hamilton Holding Quarterly Gross Profit (Millions of US $)": {"2020-12-31": "$1,037", "2020-09-30": "$1,077", "2020-06-30": "$1,008", "2020-03-31": "$1,089", "2019-12-31": "$1,036", "2019-09-30": "$976", "2019-06-30": "$985", "2019-03-31": "$965", "2018-12-31": "$912", "2018-09-30": "$865", "2018-06-30": "$861", "2018-03-31": "$876", "2017-12-31": "$792", "2017-09-30": "$846", "2017-06-30": "$787", "2017-03-31": "$876", "2016-12-31": "$752", "2016-09-30": "$737", "2016-06-30": "$766", "2016-03-31": "$744", "2015-12-31": "$677", "2015-09-30": "$696", "2015-06-30": "$709", "2015-03-31": "$678", "2014-12-31": "$663", "2014-09-30": "$662", "2014-06-30": "$677", "2014-03-31": "$732", "2013-12-31": "$611", "2013-09-30": "$693", "2013-06-30": "$726", "2013-03-31": "$796", "2012-12-31": "$700", "2012-09-30": "$686", "2012-06-30": "$705", "2012-03-31": "$779", "2011-12-31": "$713", "2011-09-30": "$713", "2011-06-30": "$720", "2011-03-31": "$750", "2010-12-31": "$671", "2010-09-30": "$669", "2010-06-30": "$665", "2010-03-31": "", "2009-12-31": "$600"}}, "operating-income": {"Booz Allen Hamilton Holding Annual Operating Income (Millions of US $)": {"2020": "$669", "2019": "$602", "2018": "$520", "2017": "$506", "2016": "$445", "2015": "$459", "2014": "$461", "2013": "$446", "2012": "$387", "2011": "$319", "2010": "$200"}, "Booz Allen Hamilton Holding Quarterly Operating Income (Millions of US $)": {"2020-12-31": "$184", "2020-09-30": "$207", "2020-06-30": "$192", "2020-03-31": "$149", "2019-12-31": "$169", "2019-09-30": "$172", "2019-06-30": "$179", "2019-03-31": "$135", "2018-12-31": "$162", "2018-09-30": "$144", "2018-06-30": "$162", "2018-03-31": "$132", "2017-12-31": "$128", "2017-09-30": "$133", "2017-06-30": "$127", "2017-03-31": "$151", "2016-12-31": "$108", "2016-09-30": "$118", "2016-06-30": "$129", "2016-03-31": "$105", "2015-12-31": "$105", "2015-09-30": "$109", "2015-06-30": "$126", "2015-03-31": "$93", "2014-12-31": "$105", "2014-09-30": "$122", "2014-06-30": "$139", "2014-03-31": "$89", "2013-12-31": "$97", "2013-09-30": "$136", "2013-06-30": "$139", "2013-03-31": "$113", "2012-12-31": "$117", "2012-09-30": "$102", "2012-06-30": "$115", "2012-03-31": "$97", "2011-12-31": "$98", "2011-09-30": "$94", "2011-06-30": "$98", "2011-03-31": "$84", "2010-12-31": "$75", "2010-09-30": "$72", "2010-06-30": "$89", "2010-03-31": "", "2009-12-31": "$41"}}, "ebitda": {"Booz Allen Hamilton Holding Annual EBITDA (Millions of US $)": {"2020": "$756", "2019": "$680", "2018": "$590", "2017": "$581", "2016": "$514", "2015": "$533", "2014": "$545", "2013": "$537", "2012": "$469", "2011": "$453", "2010": "$304"}, "Booz Allen Hamilton Holding Quarterly EBITDA (Millions of US $)": {"2020-12-31": "$206", "2020-09-30": "$229", "2020-06-30": "$214", "2020-03-31": "$172", "2019-12-31": "$191", "2019-09-30": "$193", "2019-06-30": "$200", "2019-03-31": "$155", "2018-12-31": "$181", "2018-09-30": "$166", "2018-06-30": "$179", "2018-03-31": "$150", "2017-12-31": "$147", "2017-09-30": "$150", "2017-06-30": "$143", "2017-03-31": "$169", "2016-12-31": "$124", "2016-09-30": "$143", "2016-06-30": "$146", "2016-03-31": "$122", "2015-12-31": "$123", "2015-09-30": "$126", "2015-06-30": "$143", "2015-03-31": "$110", "2014-12-31": "$123", "2014-09-30": "$140", "2014-06-30": "$161", "2014-03-31": "$109", "2013-12-31": "$117", "2013-09-30": "$159", "2013-06-30": "$159", "2013-03-31": "$135", "2012-12-31": "$137", "2012-09-30": "$131", "2012-06-30": "$135", "2012-03-31": "$118", "2011-12-31": "$119", "2011-09-30": "$114", "2011-06-30": "$117", "2011-03-31": "$134", "2010-12-31": "$110", "2010-09-30": "$98", "2010-06-30": "$111", "2010-03-31": "", "2009-12-31": "$41"}}, "net-income": {"Booz Allen Hamilton Holding Annual Net Income (Millions of US $)": {"2020": "$483", "2019": "$419", "2018": "$302", "2017": "$261", "2016": "$294", "2015": "$233", "2014": "$232", "2013": "$219", "2012": "$240", "2011": "$85", "2010": "$25"}, "Booz Allen Hamilton Holding Quarterly Net Income (Millions of US $)": {"2020-12-31": "$144", "2020-09-30": "$136", "2020-06-30": "$129", "2020-03-31": "$139", "2019-12-31": "$112", "2019-09-30": "$114", "2019-06-30": "$117", "2019-03-31": "$90", "2018-12-31": "$132", "2018-09-30": "$93", "2018-06-30": "$104", "2018-03-31": "$83", "2017-12-31": "$75", "2017-09-30": "$74", "2017-06-30": "$71", "2017-03-31": "$75", "2016-12-31": "$56", "2016-09-30": "$63", "2016-06-30": "$68", "2016-03-31": "$66", "2015-12-31": "$108", "2015-09-30": "$56", "2015-06-30": "$64", "2015-03-31": "$43", "2014-12-31": "$53", "2014-09-30": "$65", "2014-06-30": "$71", "2014-03-31": "$47", "2013-12-31": "$47", "2013-09-30": "$68", "2013-06-30": "$70", "2013-03-31": "$55", "2012-12-31": "$56", "2012-09-30": "$46", "2012-06-30": "$62", "2012-03-31": "$51", "2011-12-31": "$63", "2011-09-30": "$75", "2011-06-30": "$51", "2011-03-31": "$18", "2010-12-31": "$24", "2010-09-30": "$15", "2010-06-30": "$28", "2010-03-31": "", "2009-12-31": "$1"}}, "eps-earnings-per-share-diluted": {"Booz Allen Hamilton Holding Annual EPS": {"2020": "$3.41", "2019": "$2.91", "2018": "$2.03", "2017": "$1.72", "2016": "$1.94", "2015": "$1.52", "2014": "$1.54", "2013": "$1.45", "2012": "$1.70", "2011": "$0.66", "2010": "$0.22"}, "Booz Allen Hamilton Holding Quarterly EPS": {"2020-12-31": "$1.03", "2020-09-30": "$0.98", "2020-06-30": "$0.92", "2020-03-31": "$0.99", "2019-12-31": "$0.79", "2019-09-30": "$0.80", "2019-06-30": "$0.83", "2019-03-31": "$0.63", "2018-12-31": "$0.92", "2018-09-30": "$0.64", "2018-06-30": "$0.72", "2018-03-31": "$0.56", "2017-12-31": "$0.51", "2017-09-30": "$0.49", "2017-06-30": "$0.47", "2017-03-31": "$0.49", "2016-12-31": "$0.37", "2016-09-30": "$0.41", "2016-06-30": "$0.45", "2016-03-31": "$0.43", "2015-12-31": "$0.71", "2015-09-30": "$0.37", "2015-06-30": "$0.43", "2015-03-31": "$0.28", "2014-12-31": "$0.35", "2014-09-30": "$0.42", "2014-06-30": "$0.47", "2014-03-31": "$0.30", "2013-12-31": "$0.31", "2013-09-30": "$0.45", "2013-06-30": "$0.48", "2013-03-31": "$0.37", "2012-12-31": "$0.38", "2012-09-30": "$0.27", "2012-06-30": "$0.43", "2012-03-31": "$0.36", "2011-12-31": "$0.44", "2011-09-30": "$0.53", "2011-06-30": "$0.37", "2011-03-31": "$0.13", "2010-12-31": "$0.18", "2010-09-30": "$0.12", "2010-06-30": "$0.23", "2010-03-31": "$0.00", "2009-12-31": "$0.01"}}, "shares-outstanding": {"Booz Allen Hamilton Holding Annual Shares Outstanding (Millions of Shares)": {"2020": "141", "2019": "143", "2018": "148", "2017": "150", "2016": "150", "2015": "150", "2014": "149", "2013": "145", "2012": "141", "2011": "127", "2010": "116"}, "Booz Allen Hamilton Holding Quarterly Shares Outstanding (Millions of Shares)": {"2020-12-31": "139", "2020-09-30": "139", "2020-06-30": "139", "2020-03-31": "141", "2019-12-31": "142", "2019-09-30": "141", "2019-06-30": "141", "2019-03-31": "143", "2018-12-31": "143", "2018-09-30": "144", "2018-06-30": "145", "2018-03-31": "148", "2017-12-31": "147", "2017-09-30": "149", "2017-06-30": "150", "2017-03-31": "150", "2016-12-31": "151", "2016-09-30": "150", "2016-06-30": "150", "2016-03-31": "150", "2015-12-31": "150", "2015-09-30": "149", "2015-06-30": "149", "2015-03-31": "150", "2014-12-31": "151", "2014-09-30": "150", "2014-06-30": "150", "2014-03-31": "149", "2013-12-31": "149", "2013-09-30": "149", "2013-06-30": "147", "2013-03-31": "145", "2012-12-31": "145", "2012-09-30": "144", "2012-06-30": "143", "2012-03-31": "141", "2011-12-31": "142", "2011-09-30": "141", "2011-06-30": "140", "2011-03-31": "127", "2010-12-31": "131", "2010-09-30": "123", "2010-06-30": "121", "2010-03-31": "", "2009-12-31": "119"}}, "total-assets": {"Booz Allen Hamilton Holding Annual Total Assets (Millions of US $)": {"2020": "$4,794", "2019": "$3,832", "2018": "$3,607", "2017": "$3,373", "2016": "$3,010", "2015": "$2,864", "2014": "$2,941", "2013": "$3,178", "2012": "$3,315", "2011": "$3,024", "2010": "$3,062"}, "Booz Allen Hamilton Holding Quarterly Total Assets (Millions of US $)": {"2020-12-31": "$5,368", "2020-09-30": "$5,285", "2020-06-30": "$4,704", "2020-03-31": "$4,794", "2019-12-31": "$4,631", "2019-09-30": "$4,569", "2019-06-30": "$4,514", "2019-03-31": "$3,832", "2018-12-31": "$3,798", "2018-09-30": "$3,735", "2018-06-30": "$3,632", "2018-03-31": "$3,607", "2017-12-31": "$3,539", "2017-09-30": "$3,530", "2017-06-30": "$3,576", "2017-03-31": "$3,373", "2016-12-31": "$3,167", "2016-09-30": "$3,094", "2016-06-30": "$3,042", "2016-03-31": "$3,010", "2015-12-31": "$2,967", "2015-09-30": "$2,875", "2015-06-30": "$2,853", "2015-03-31": "$2,864", "2014-12-31": "$2,832", "2014-09-30": "$2,829", "2014-06-30": "$2,963", "2014-03-31": "$2,941", "2013-12-31": "$3,050", "2013-09-30": "$3,185", "2013-06-30": "$3,168", "2013-03-31": "$3,178", "2012-12-31": "$3,151", "2012-09-30": "$3,090", "2012-06-30": "$3,109", "2012-03-31": "$3,315", "2011-12-31": "$3,207", "2011-09-30": "$3,136", "2011-06-30": "$3,028", "2011-03-31": "$3,024", "2010-12-31": "$3,199", "2010-09-30": "$0", "2010-06-30": "$0", "2010-03-31": "$0", "2009-12-31": "$0"}}, "cash-on-hand": {"Booz Allen Hamilton Holding Annual Cash on Hand (Millions of US $)": {"2020": "$742", "2019": "$284", "2018": "$287", "2017": "$217", "2016": "$188", "2015": "$207", "2014": "$260", "2013": "$350", "2012": "$484", "2011": "$193", "2010": "$308"}, "Booz Allen Hamilton Holding Quarterly Cash on Hand (Millions of US $)": {"2020-12-31": "$1,341", "2020-09-30": "$1,275", "2020-06-30": "$621", "2020-03-31": "$742", "2019-12-31": "$697", "2019-09-30": "$782", "2019-06-30": "$649", "2019-03-31": "$284", "2018-12-31": "$212", "2018-09-30": "$343", "2018-06-30": "$150", "2018-03-31": "$287", "2017-12-31": "$289", "2017-09-30": "$330", "2017-06-30": "$337", "2017-03-31": "$217", "2016-12-31": "$350", "2016-09-30": "$307", "2016-06-30": "$180", "2016-03-31": "$188", "2015-12-31": "$167", "2015-09-30": "$187", "2015-06-30": "$151", "2015-03-31": "$207", "2014-12-31": "$197", "2014-09-30": "$242", "2014-06-30": "$319", "2014-03-31": "$260", "2013-12-31": "$403", "2013-09-30": "$427", "2013-06-30": "$385", "2013-03-31": "$350", "2012-12-31": "$318", "2012-09-30": "$489", "2012-06-30": "$336", "2012-03-31": "$484", "2011-12-31": "$405", "2011-09-30": "$356", "2011-06-30": "$229", "2011-03-31": "$193", "2010-12-31": "$458", "2010-09-30": "", "2010-06-30": "", "2010-03-31": "", "2009-12-31": ""}}, "long-term-debt": {"Booz Allen Hamilton Holding Annual Long Term Debt (Millions of US $)": {"2020": "$2,008", "2019": "$1,702", "2018": "$1,755", "2017": "$1,470", "2016": "$1,484", "2015": "$1,556", "2014": "$1,585", "2013": "$1,660", "2012": "$923", "2011": "$964", "2010": "$1,547"}, "Booz Allen Hamilton Holding Quarterly Long Term Debt (Millions of US $)": {"2020-12-31": "$2,297", "2020-09-30": "$2,316", "2020-06-30": "$1,989", "2020-03-31": "$2,008", "2019-12-31": "$2,027", "2019-09-30": "$2,045", "2019-06-30": "$2,063", "2019-03-31": "$1,702", "2018-12-31": "$1,715", "2018-09-30": "$1,724", "2018-06-30": "$1,741", "2018-03-31": "$1,755", "2017-12-31": "$1,769", "2017-09-30": "$1,784", "2017-06-30": "$1,799", "2017-03-31": "$1,470", "2016-12-31": "$1,485", "2016-09-30": "$1,500", "2016-06-30": "$1,502", "2016-03-31": "$1,484", "2015-12-31": "$1,515", "2015-09-30": "$1,535", "2015-06-30": "$1,554", "2015-03-31": "$1,556", "2014-12-31": "$1,584", "2014-09-30": "$1,599", "2014-06-30": "$1,614", "2014-03-31": "$1,585", "2013-12-31": "$1,605", "2013-09-30": "$1,625", "2013-06-30": "$1,644", "2013-03-31": "$1,660", "2012-12-31": "$1,675", "2012-09-30": "$1,691", "2012-06-30": "$909", "2012-03-31": "$923", "2011-12-31": "$933", "2011-09-30": "$944", "2011-06-30": "$954", "2011-03-31": "$964", "2010-12-31": "$966", "2010-09-30": "", "2010-06-30": "", "2010-03-31": "", "2009-12-31": ""}}, "total-liabilities": {"Booz Allen Hamilton Holding Annual Total Liabilities (Millions of US $)": {"2020": "$3,938", "2019": "$3,156", "2018": "$3,044", "2017": "$2,800", "2016": "$2,602", "2015": "$2,677", "2014": "$2,769", "2013": "$2,951", "2012": "$2,130", "2011": "$2,117", "2010": "$2,553"}, "Booz Allen Hamilton Holding Quarterly Total Liabilities (Millions of US $)": {"2020-12-31": "$4,295", "2020-09-30": "$4,313", "2020-06-30": "$3,822", "2020-03-31": "$3,938", "2019-12-31": "$3,716", "2019-09-30": "$3,729", "2019-06-30": "$3,765", "2019-03-31": "$3,156", "2018-12-31": "$3,123", "2018-09-30": "$3,089", "2018-06-30": "$3,025", "2018-03-31": "$3,044", "2017-12-31": "$2,975", "2017-09-30": "$2,993", "2017-06-30": "$2,976", "2017-03-31": "$2,800", "2016-12-31": "$2,597", "2016-09-30": "$2,577", "2016-06-30": "$2,579", "2016-03-31": "$2,602", "2015-12-31": "$2,586", "2015-09-30": "$2,606", "2015-06-30": "$2,646", "2015-03-31": "$2,677", "2014-12-31": "$2,637", "2014-09-30": "$2,665", "2014-06-30": "$2,734", "2014-03-31": "$2,769", "2013-12-31": "$2,771", "2013-09-30": "$2,794", "2013-06-30": "$2,880", "2013-03-31": "$2,951", "2012-12-31": "$2,966", "2012-09-30": "$2,971", "2012-06-30": "$2,089", "2012-03-31": "$2,130", "2011-12-31": "$2,065", "2011-09-30": "$2,065", "2011-06-30": "$2,053", "2011-03-31": "$2,117", "2010-12-31": "$2,314", "2010-09-30": "$0", "2010-06-30": "$0", "2010-03-31": "", "2009-12-31": "$0"}}, "total-share-holder-equity": {"Booz Allen Hamilton Holding Annual Share Holder Equity (Millions of US $)": {"2020": "$856", "2019": "$675", "2018": "$562", "2017": "$574", "2016": "$408", "2015": "$186", "2014": "$172", "2013": "$227", "2012": "$1,185", "2011": "$907", "2010": "$510"}, "Booz Allen Hamilton Holding Quarterly Share Holder Equity (Millions of US $)": {"2020-12-31": "$1,073", "2020-09-30": "$972", "2020-06-30": "$882", "2020-03-31": "$856", "2019-12-31": "$915", "2019-09-30": "$840", "2019-06-30": "$749", "2019-03-31": "$675", "2018-12-31": "$675", "2018-09-30": "$646", "2018-06-30": "$607", "2018-03-31": "$562", "2017-12-31": "$564", "2017-09-30": "$536", "2017-06-30": "$599", "2017-03-31": "$574", "2016-12-31": "$570", "2016-09-30": "$516", "2016-06-30": "$462", "2016-03-31": "$408", "2015-12-31": "$381", "2015-09-30": "$269", "2015-06-30": "$208", "2015-03-31": "$186", "2014-12-31": "$195", "2014-09-30": "$164", "2014-06-30": "$230", "2014-03-31": "$172", "2013-12-31": "$279", "2013-09-30": "$390", "2013-06-30": "$288", "2013-03-31": "$227", "2012-12-31": "$185", "2012-09-30": "$120", "2012-06-30": "$1,020", "2012-03-31": "$1,185", "2011-12-31": "$1,142", "2011-09-30": "$1,071", "2011-06-30": "$974", "2011-03-31": "$907", "2010-12-31": "$885", "2010-09-30": "$0", "2010-06-30": "$0", "2010-03-31": "", "2009-12-31": "$0"}}, "profit-margins": {"current": "6.99%"}, "gross margin": {"2020-12-31": "53.65%", "2020-09-30": "54.02%", "2020-06-30": "54.10%", "2020-03-31": "54.74%", "2019-12-31": "54.47%", "2019-09-30": "54.15%", "2019-06-30": "54.16%", "2019-03-31": "53.74%", "2018-12-31": "53.61%", "2018-09-30": "53.34%", "2018-06-30": "53.64%", "2018-03-31": "53.52%", "2017-12-31": "53.90%", "2017-09-30": "53.83%", "2017-06-30": "53.33%", "2017-03-31": "53.89%", "2016-12-31": "53.11%", "2016-09-30": "52.68%", "2016-06-30": "52.64%", "2016-03-31": "52.28%", "2015-12-31": "51.83%", "2015-09-30": "51.60%", "2015-06-30": "51.12%", "2015-03-31": "50.81%", "2014-12-31": "51.28%", "2014-09-30": "50.60%", "2014-06-30": "50.49%", "2014-03-31": "50.41%", "2013-12-31": "50.25%", "2013-09-30": "50.75%", "2013-06-30": "50.54%", "2013-03-31": "50.14%", "2012-12-31": "49.88%", "2012-09-30": "49.67%", "2012-06-30": "49.79%", "2012-03-31": "49.91%", "2011-12-31": "49.83%", "2011-09-30": "49.57%", "2011-06-30": "49.33%", "2011-03-31": "49.28%", "2010-09-30": "48.72%"}, "operating margin": {"2020-12-31": "9.33%", "2020-09-30": "9.20%", "2020-06-30": "8.98%", "2020-03-31": "8.96%", "2019-12-31": "9.00%", "2019-09-30": "9.14%", "2019-06-30": "9.01%", "2019-03-31": "8.99%", "2018-12-31": "9.15%", "2018-09-30": "8.90%", "2018-06-30": "8.82%", "2018-03-31": "8.43%", "2017-12-31": "8.80%", "2017-09-30": "8.57%", "2017-06-30": "8.53%", "2017-03-31": "8.71%", "2016-12-31": "8.15%", "2016-09-30": "8.23%", "2016-06-30": "8.18%", "2016-03-31": "8.23%", "2015-12-31": "8.13%", "2015-09-30": "8.14%", "2015-06-30": "8.41%", "2015-03-31": "8.70%", "2014-12-31": "8.53%", "2014-09-30": "8.43%", "2014-06-30": "8.58%", "2014-03-31": "8.41%", "2013-12-31": "8.62%", "2013-09-30": "8.79%", "2013-06-30": "8.19%", "2013-03-31": "7.76%", "2012-12-31": "7.49%", "2012-09-30": "7.10%", "2012-06-30": "6.91%", "2012-03-31": "6.60%", "2011-12-31": "6.43%", "2011-09-30": "6.10%", "2011-06-30": "5.78%", "2011-03-31": "5.72%", "2010-09-30": "5.09%"}, "ebitda margin": {"2020-12-31": "10.46%", "2020-09-30": "10.34%", "2020-06-30": "10.14%", "2020-03-31": "10.13%", "2019-12-31": "10.16%", "2019-09-30": "10.28%", "2019-06-30": "10.20%", "2019-03-31": "10.16%", "2018-12-31": "10.31%", "2018-09-30": "10.09%", "2018-06-30": "9.95%", "2018-03-31": "9.57%", "2017-12-31": "9.94%", "2017-09-30": "9.67%", "2017-06-30": "9.80%", "2017-03-31": "10.02%", "2016-12-31": "9.47%", "2016-09-30": "9.62%", "2016-06-30": "9.44%", "2016-03-31": "9.51%", "2015-12-31": "9.43%", "2015-09-30": "9.43%", "2015-06-30": "9.73%", "2015-03-31": "10.12%", "2014-12-31": "10.00%", "2014-09-30": "9.94%", "2014-06-30": "10.16%", "2014-03-31": "9.93%", "2013-12-31": "10.14%", "2013-09-30": "10.27%", "2013-06-30": "9.77%", "2013-03-31": "9.34%", "2012-12-31": "9.05%", "2012-09-30": "8.67%", "2012-06-30": "8.31%", "2012-03-31": "7.99%", "2011-12-31": "8.33%", "2011-09-30": "8.25%", "2011-06-30": "8.06%", "2011-03-31": "8.10%", "2010-09-30": "6.30%"}, "pre tax profit margin": {"2020-12-31": "8.17%", "2020-09-30": "7.98%", "2020-06-30": "7.83%", "2020-03-31": "7.77%", "2019-12-31": "7.82%", "2019-09-30": "7.93%", "2019-06-30": "7.76%", "2019-03-31": "7.68%", "2018-12-31": "7.67%", "2018-09-30": "7.37%", "2018-06-30": "7.31%", "2018-03-31": "6.97%", "2017-12-31": "7.28%", "2017-09-30": "7.15%", "2017-06-30": "7.11%", "2017-03-31": "7.33%", "2016-12-31": "7.01%", "2016-09-30": "7.05%", "2016-06-30": "7.01%", "2016-03-31": "7.03%", "2015-12-31": "6.82%", "2015-09-30": "6.80%", "2015-06-30": "7.09%", "2015-03-31": "7.32%", "2014-12-31": "7.16%", "2014-09-30": "7.04%", "2014-06-30": "7.11%", "2014-03-31": "6.95%", "2013-12-31": "7.17%", "2013-09-30": "7.31%", "2013-06-30": "6.66%", "2013-03-31": "6.39%", "2012-12-31": "6.29%", "2012-09-30": "6.08%", "2012-06-30": "6.19%", "2012-03-31": "5.87%", "2011-12-31": "4.97%", "2011-09-30": "3.91%", "2011-06-30": "2.90%", "2011-03-31": "2.29%", "2010-09-30": "1.94%"}, "net profit margin": {"2020-12-31": "6.98%", "2020-09-30": "6.62%", "2020-06-30": "6.50%", "2020-03-31": "6.46%", "2019-12-31": "5.95%", "2019-09-30": "6.39%", "2019-06-30": "6.28%", "2019-03-31": "6.25%", "2018-12-31": "6.29%", "2018-09-30": "5.58%", "2018-06-30": "5.34%", "2018-03-31": "4.91%", "2017-12-31": "4.82%", "2017-09-30": "4.56%", "2017-06-30": "4.48%", "2017-03-31": "4.51%", "2016-12-31": "4.48%", "2016-09-30": "5.50%", "2016-06-30": "5.44%", "2016-03-31": "5.44%", "2015-12-31": "5.09%", "2015-09-30": "4.06%", "2015-06-30": "4.24%", "2015-03-31": "4.40%", "2014-12-31": "4.43%", "2014-09-30": "4.34%", "2014-06-30": "4.34%", "2014-03-31": "4.23%", "2013-12-31": "4.27%", "2013-09-30": "4.33%", "2013-06-30": "3.95%", "2013-03-31": "3.80%", "2012-12-31": "3.74%", "2012-09-30": "3.82%", "2012-06-30": "4.29%", "2012-03-31": "4.10%", "2011-12-31": "3.56%", "2011-09-30": "2.92%", "2011-06-30": "1.90%", "2011-03-31": "1.52%", "2010-09-30": "1.11%"}, "pe ratio": {"current": "22.01", "2021-02-05": "20.99", "2020-12-31": "22.30", "2020-09-30": "22.53", "2020-06-30": "22.13", "2020-03-31": "19.96", "2019-12-31": "22.97", "2019-09-30": "21.91", "2019-06-30": "21.44", "2019-03-31": "19.47", "2018-12-31": "15.29", "2018-09-30": "19.91", "2018-06-30": "18.80", "2018-03-31": "18.12", "2017-12-31": "19.05", "2017-09-30": "19.62", "2017-06-30": "17.57", "2017-03-31": "19.94", "2016-12-31": "20.34", "2016-09-30": "14.73", "2016-06-30": "14.02", "2016-03-31": "14.40", "2015-12-31": "15.72", "2015-09-30": "16.62", "2015-06-30": "15.39", "2015-03-31": "17.10", "2014-12-31": "15.50", "2014-09-30": "13.98", "2014-06-30": "11.81", "2014-03-31": "12.10", "2013-12-31": "9.50", "2013-09-30": "8.65", "2013-06-30": "8.67", "2013-03-31": "6.90", "2012-12-31": "7.14", "2012-09-30": "6.78", "2012-06-30": "4.12", "2012-03-31": "4.31", "2011-12-31": "5.03", "2011-09-30": "5.26"}, "price sales": {"2021-02-05": "1.46", "2020-12-31": "1.55", "2020-09-30": "1.49", "2020-06-30": "1.43", "2020-03-31": "1.29", "2019-12-31": "1.37", "2019-09-30": "1.40", "2019-06-30": "1.34", "2019-03-31": "1.21", "2018-12-31": "0.97", "2018-09-30": "1.10", "2018-06-30": "0.98", "2018-03-31": "0.89", "2017-12-31": "0.88", "2017-09-30": "0.88", "2017-06-30": "0.78", "2017-03-31": "0.86", "2016-12-31": "0.90", "2016-09-30": "0.80", "2016-06-30": "0.75", "2016-03-31": "0.77", "2015-12-31": "0.80", "2015-09-30": "0.67", "2015-06-30": "0.65", "2015-03-31": "0.75", "2014-12-31": "0.67", "2014-09-30": "0.59", "2014-06-30": "0.50", "2014-03-31": "0.50", "2013-12-31": "0.40", "2013-09-30": "0.37", "2013-06-30": "0.33", "2013-03-31": "0.25", "2012-12-31": "0.26", "2012-09-30": "0.25", "2012-06-30": "0.18", "2012-03-31": "0.18", "2011-12-31": "0.17", "2011-09-30": "0.15"}, "price book": {"current": "10.53", "2021-02-05": "10.54", "2020-12-31": "11.20", "2020-09-30": "11.74", "2020-06-30": "12.10", "2020-03-31": "11.00", "2019-12-31": "10.74", "2019-09-30": "11.64", "2019-06-30": "12.13", "2019-03-31": "11.75", "2018-12-31": "9.13", "2018-09-30": "10.58", "2018-06-30": "9.92", "2018-03-31": "9.47", "2017-12-31": "9.35", "2017-09-30": "9.64", "2017-06-30": "7.63", "2017-03-31": "8.64", "2016-12-31": "8.89", "2016-09-30": "8.50", "2016-06-30": "8.82", "2016-03-31": "10.12", "2015-12-31": "11.06", "2015-09-30": "13.21", "2015-06-30": "16.36", "2015-03-31": "20.91", "2014-12-31": "18.31", "2014-09-30": "19.22", "2014-06-30": "11.83", "2014-03-31": "16.21", "2013-12-31": "8.17", "2013-09-30": "5.53", "2013-06-30": "6.61", "2013-03-31": "6.45", "2012-12-31": "8.13", "2012-09-30": "12.30", "2012-06-30": "1.02", "2012-03-31": "0.88", "2011-12-31": "0.92", "2011-09-30": "0.85", "2011-06-30": "1.18", "2011-03-31": "1.19", "2010-12-31": "1.32"}, "price fcf": {"2021-02-05": "", "2020-12-31": "$7.32", "2020-09-30": "$6.25", "2020-06-30": "$4.60", "2020-03-31": "$3.90", "2019-12-31": "$3.86", "2019-09-30": "$3.32", "2019-06-30": "$3.99", "2019-03-31": "$3.49", "2018-12-31": "$2.82", "2018-09-30": "$3.19", "2018-06-30": "$2.22", "2018-03-31": "$2.50", "2017-12-31": "$1.76", "2017-09-30": "$1.79", "2017-06-30": "$2.10", "2017-03-31": "$2.19", "2016-12-31": "$1.99", "2016-09-30": "$2.17", "2016-06-30": "$1.22", "2016-03-31": "$1.22", "2015-12-31": "$1.33", "2015-09-30": "$0.94", "2015-06-30": "$1.27", "2015-03-31": "$1.82", "2014-12-31": "$1.61", "2014-09-30": "$2.48", "2014-06-30": "$2.21", "2014-03-31": "$2.10", "2013-12-31": "$2.25", "2013-09-30": "$1.27", "2013-06-30": "$2.97", "2013-03-31": "$2.98", "2012-12-31": "$3.30", "2012-09-30": "$3.67", "2012-06-30": "$2.24", "2012-03-31": "$2.01", "2011-12-31": "$1.27", "2011-09-30": "$2.57"}, "net worth": {"value": "$11.3B"}, "current ratio": {"current": "1.99", "2020-12-31": "1.99", "2020-09-30": "2.01", "2020-06-30": "1.81", "2020-03-31": "1.75", "2019-12-31": "1.93", "2019-09-30": "1.79", "2019-06-30": "1.75", "2019-03-31": "1.44", "2018-12-31": "1.51", "2018-09-30": "1.45", "2018-06-30": "1.48", "2018-03-31": "1.45", "2017-12-31": "1.49", "2017-09-30": "1.50", "2017-06-30": "1.59", "2017-03-31": "1.18", "2016-12-31": "1.48", "2016-09-30": "1.43", "2016-06-30": "1.35", "2016-03-31": "1.27", "2015-12-31": "1.43", "2015-09-30": "1.46", "2015-06-30": "1.38", "2015-03-31": "1.35", "2014-12-31": "1.43", "2014-09-30": "1.42", "2014-06-30": "1.52", "2014-03-31": "1.37", "2013-12-31": "1.50", "2013-09-30": "1.67", "2013-06-30": "1.57", "2013-03-31": "1.48", "2012-12-31": "1.43", "2012-09-30": "1.49", "2012-06-30": "1.68", "2012-03-31": "1.81", "2011-12-31": "1.84", "2011-09-30": "1.77", "2011-06-30": "1.70", "2011-03-31": "1.57", "2010-12-31": "1.43", "2010-09-30": "0.00", "2010-06-30": "0.00", "2010-03-31": "0.00", "2009-12-31": "0.00"}, "quick ratio": {"2020-12-31": "0.00", "2020-09-30": "0.00", "2020-06-30": "0.00", "2020-03-31": "0.00", "2019-12-31": "0.00", "2019-09-30": "0.00", "2019-06-30": "0.00", "2019-03-31": "0.00", "2018-12-31": "0.00", "2018-09-30": "0.00", "2018-06-30": "0.00", "2018-03-31": "0.00", "2017-12-31": "0.00", "2017-09-30": "0.00", "2017-06-30": "0.00", "2017-03-31": "0.00", "2016-12-31": "0.00", "2016-09-30": "0.00", "2016-06-30": "0.00", "2016-03-31": "0.00", "2015-12-31": "0.00", "2015-09-30": "0.00", "2015-06-30": "0.00", "2015-03-31": "0.00", "2014-12-31": "0.00", "2014-09-30": "0.00", "2014-06-30": "0.00", "2014-03-31": "0.00", "2013-12-31": "0.00", "2013-09-30": "0.00", "2013-06-30": "0.00", "2013-03-31": "0.00", "2012-12-31": "0.00", "2012-09-30": "0.00", "2012-06-30": "0.00", "2012-03-31": "0.00", "2011-12-31": "0.00", "2011-09-30": "0.00", "2011-06-30": "0.00", "2011-03-31": "0.00", "2010-12-31": "0.00", "2010-09-30": "0.00", "2010-06-30": "0.00", "2010-03-31": "0.00", "2009-12-31": "0.00"}, "debt equity ratio": {"current": "2.14", "2020-12-31": "4.00", "2020-09-30": "4.44", "2020-06-30": "4.33", "2020-03-31": "4.60", "2019-12-31": "4.06", "2019-09-30": "4.44", "2019-06-30": "5.03", "2019-03-31": "4.67", "2018-12-31": "4.63", "2018-09-30": "4.78", "2018-06-30": "4.98", "2018-03-31": "5.41", "2017-12-31": "5.27", "2017-09-30": "5.58", "2017-06-30": "4.97", "2017-03-31": "4.88", "2016-12-31": "4.56", "2016-09-30": "4.99", "2016-06-30": "5.58", "2016-03-31": "6.37", "2015-12-31": "6.79", "2015-09-30": "9.69", "2015-06-30": "12.74", "2015-03-31": "14.36", "2014-12-31": "13.51", "2014-09-30": "16.22", "2014-06-30": "11.89", "2014-03-31": "16.13", "2013-12-31": "9.95", "2013-09-30": "7.16", "2013-06-30": "9.99", "2013-03-31": "13.01", "2012-12-31": "16.08", "2012-09-30": "24.85", "2012-06-30": "2.05", "2012-03-31": "1.80", "2011-12-31": "1.81", "2011-09-30": "1.93", "2011-06-30": "2.11", "2011-03-31": "2.33", "2010-12-31": "2.62", "2010-09-30": "0.00", "2010-06-30": "0.00", "2010-03-31": "0.00", "2009-12-31": "0.00"}, "return on equity": {"2020-12-31": "57.94%", "2020-09-30": "56.94%", "2020-06-30": "56.57%", "2020-03-31": "57.38%", "2019-12-31": "54.48%", "2019-09-30": "61.65%", "2019-06-30": "62.95%", "2019-03-31": "64.39%", "2018-12-31": "66.18%", "2018-09-30": "59.69%", "2018-06-30": "59.23%", "2018-03-31": "53.60%", "2017-12-31": "51.91%", "2017-09-30": "48.44%", "2017-06-30": "46.92%", "2017-03-31": "49.39%", "2016-12-31": "51.74%", "2016-09-30": "69.04%", "2016-06-30": "78.42%", "2016-03-31": "92.89%", "2015-12-31": "103.83%", "2015-09-30": "100.70%", "2015-06-30": "119.52%", "2015-03-31": "119.74%", "2014-12-31": "124.05%", "2014-09-30": "108.88%", "2014-06-30": "87.02%", "2014-03-31": "82.20%", "2013-12-31": "81.08%", "2013-09-30": "91.38%", "2013-06-30": "110.73%", "2013-03-31": "56.44%", "2012-12-31": "34.26%", "2012-09-30": "25.61%", "2012-06-30": "22.73%", "2012-03-31": "21.96%", "2011-12-31": "20.22%", "2011-09-30": "17.51%", "2011-06-30": "15.62%", "2011-03-31": "18.97%", "2010-09-30": "inf%"}, "return on assets": {"2020-12-31": "10.88%", "2020-09-30": "10.63%", "2020-06-30": "10.57%", "2020-03-31": "10.42%", "2019-12-31": "9.87%", "2019-09-30": "10.84%", "2019-06-30": "10.88%", "2019-03-31": "11.18%", "2018-12-31": "11.16%", "2018-09-30": "9.78%", "2018-06-30": "9.39%", "2018-03-31": "8.50%", "2017-12-31": "8.42%", "2017-09-30": "8.09%", "2017-06-30": "8.02%", "2017-03-31": "8.27%", "2016-12-31": "8.22%", "2016-09-30": "10.07%", "2016-06-30": "10.02%", "2016-03-31": "10.05%", "2015-12-31": "9.38%", "2015-09-30": "7.56%", "2015-06-30": "7.91%", "2015-03-31": "8.08%", "2014-12-31": "8.16%", "2014-09-30": "7.81%", "2014-06-30": "7.68%", "2014-03-31": "7.52%", "2013-12-31": "7.63%", "2013-09-30": "7.85%", "2013-06-30": "7.21%", "2013-03-31": "6.99%", "2012-12-31": "6.79%", "2012-09-30": "6.98%", "2012-06-30": "7.86%", "2012-03-31": "7.57%", "2011-12-31": "6.68%", "2011-09-30": "5.43%", "2011-06-30": "4.67%", "2011-03-31": "5.46%", "2010-09-30": "inf%"}, "return on investments": {"2020-12-31": "23.62%", "2020-09-30": "23.97%", "2020-06-30": "23.59%", "2020-03-31": "23.26%", "2019-12-31": "23.78%", "2019-09-30": "24.77%", "2019-06-30": "24.92%", "2019-03-31": "25.43%", "2018-12-31": "25.46%", "2018-09-30": "24.16%", "2018-06-30": "23.82%", "2018-03-31": "22.20%", "2017-12-31": "23.71%", "2017-09-30": "23.55%", "2017-06-30": "23.68%", "2017-03-31": "25.05%", "2016-12-31": "23.21%", "2016-09-30": "23.53%", "2016-06-30": "23.72%", "2016-03-31": "24.20%", "2015-12-31": "24.05%", "2015-09-30": "24.44%", "2015-06-30": "25.32%", "2015-03-31": "25.76%", "2014-12-31": "25.48%", "2014-09-30": "24.67%", "2014-06-30": "24.59%", "2014-03-31": "24.30%", "2013-12-31": "25.14%", "2013-09-30": "26.25%", "2013-06-30": "25.16%", "2013-03-31": "23.88%", "2012-12-31": "22.37%", "2012-09-30": "20.80%", "2012-06-30": "19.88%", "2012-03-31": "19.05%", "2011-12-31": "18.96%", "2011-09-30": "18.32%", "2011-06-30": "23.29%", "2011-03-31": "34.39%", "2010-09-30": "inf%"}, "return on tangible equity": {"2020-12-31": "-58.41%", "2020-09-30": "-52.86%", "2020-06-30": "-49.07%", "2020-03-31": "-46.47%", "2019-12-31": "-40.13%", "2019-09-30": "-39.87%", "2019-06-30": "-36.51%", "2019-03-31": "-34.42%", "2018-12-31": "-33.14%", "2018-09-30": "-28.05%", "2018-06-30": "-26.16%", "2018-03-31": "-23.68%", "2017-12-31": "-23.18%", "2017-09-30": "-22.94%", "2017-06-30": "-23.18%", "2017-03-31": "-23.55%", "2016-12-31": "-23.24%", "2016-09-30": "-26.78%", "2016-06-30": "-25.12%", "2016-03-31": "-23.80%", "2015-12-31": "-21.24%", "2015-09-30": "-16.53%", "2015-06-30": "-16.98%", "2015-03-31": "-17.68%", "2014-12-31": "-18.03%", "2014-09-30": "-17.93%", "2014-06-30": "-18.94%", "2014-03-31": "-19.02%", "2013-12-31": "-19.82%", "2013-09-30": "-20.10%", "2013-06-30": "-17.71%", "2013-03-31": "-20.40%", "2012-12-31": "-26.58%", "2012-09-30": "-40.81%", "2012-06-30": "-81.76%", "2012-03-31": "-75.89%", "2011-12-31": "-53.94%", "2011-09-30": "-37.60%", "2011-06-30": "-29.81%", "2011-03-31": "-33.24%", "2010-09-30": "inf%"}, "dividend yield history": {"last payout": "$1.24", "last yield": "1.51%"}}