{"ticker": "BWA", "price": {"title": "BorgWarner Historical Annual Stock Price Data", "value": 43.1, "historical": {"2021": {"Average Stock Price": "41.3983", "Year Open": "38.0600", "Year High": "44.9000", "Year Low": "38.0600", "Year Close": "43.1000", "Annual % Change": "11.54%"}, "2020": {"Average Stock Price": "35.1225", "Year Open": "43.9500", "Year High": "43.9500", "Year Low": "19.7300", "Year Close": "38.6400", "Annual % Change": "-10.93%"}, "2019": {"Average Stock Price": "39.4439", "Year Open": "35.1300", "Year High": "46.3100", "Year Low": "30.8800", "Year Close": "43.3800", "Annual % Change": "24.87%"}, "2018": {"Average Stock Price": "46.3571", "Year Open": "51.7800", "Year High": "57.9100", "Year Low": "33.2000", "Year Close": "34.7400", "Annual % Change": "-32.00%"}, "2017": {"Average Stock Price": "45.3863", "Year Open": "40.0700", "Year High": "55.6800", "Year Low": "37.9900", "Year Close": "51.0900", "Annual % Change": "29.54%"}, "2016": {"Average Stock Price": "34.5459", "Year Open": "42.2500", "Year High": "42.2500", "Year Low": "27.6900", "Year Close": "39.4400", "Annual % Change": "-8.77%"}, "2015": {"Average Stock Price": "51.9754", "Year Open": "54.7400", "Year High": "63.0100", "Year Low": "38.8900", "Year Close": "43.2300", "Annual % Change": "-21.33%"}, "2014": {"Average Stock Price": "59.5316", "Year Open": "54.9400", "Year High": "67.3800", "Year Low": "50.2400", "Year Close": "54.9500", "Annual % Change": "-1.72%"}, "2013": {"Average Stock Price": "44.6244", "Year Open": "37.2550", "Year High": "55.9600", "Year Low": "35.4200", "Year Close": "55.9100", "Annual % Change": "56.13%"}, "2012": {"Average Stock Price": "36.0898", "Year Open": "32.7150", "Year High": "43.5250", "Year Low": "30.2700", "Year Close": "35.8100", "Annual % Change": "12.36%"}, "2011": {"Average Stock Price": "35.6508", "Year Open": "36.6800", "Year High": "40.8300", "Year Low": "28.0700", "Year Close": "31.8700", "Annual % Change": "-11.91%"}, "2010": {"Average Stock Price": "22.7426", "Year Open": "16.8900", "Year High": "36.5700", "Year Low": "16.8900", "Year Close": "36.1800", "Annual % Change": "117.82%"}, "2009": {"Average Stock Price": "14.0713", "Year Open": "11.4800", "Year High": "17.9250", "Year Low": "7.5900", "Year Close": "16.6100", "Annual % Change": "52.60%"}, "2008": {"Average Stock Price": "19.3711", "Year Open": "23.3350", "Year High": "27.6400", "Year Low": "8.0550", "Year Close": "10.8850", "Annual % Change": "-55.03%"}, "2007": {"Average Stock Price": "21.0489", "Year Open": "14.8925", "Year High": "26.4275", "Year Low": "14.6500", "Year Close": "24.2050", "Annual % Change": "64.05%"}, "2006": {"Average Stock Price": "14.8040", "Year Open": "15.4400", "Year High": "16.8250", "Year Low": "13.3725", "Year Close": "14.7550", "Annual % Change": "-2.66%"}, "2005": {"Average Stock Price": "13.6981", "Year Open": "13.2700", "Year High": "15.4025", "Year Low": "11.3125", "Year Close": "15.1575", "Annual % Change": "11.93%"}, "2004": {"Average Stock Price": "11.2419", "Year Open": "10.6738", "Year High": "13.5425", "Year Low": "9.6125", "Year Close": "13.5425", "Annual % Change": "27.35%"}, "2003": {"Average Stock Price": "8.0444", "Year Open": "6.5688", "Year High": "10.6663", "Year Low": "5.5088", "Year Close": "10.6338", "Annual % Change": "68.72%"}, "2002": {"Average Stock Price": "6.9636", "Year Open": "6.5475", "Year High": "8.5625", "Year Low": "4.9275", "Year Close": "6.3025", "Annual % Change": "-3.50%"}, "2001": {"Average Stock Price": "5.6917", "Year Open": "4.9688", "Year High": "6.8125", "Year Low": "4.5613", "Year Close": "6.5313", "Annual % Change": "30.63%"}, "2000": {"Average Stock Price": "4.5486", "Year Open": "4.8363", "Year High": "5.5163", "Year Low": "3.7575", "Year Close": "5.0000", "Annual % Change": "-1.23%"}, "1999": {"Average Stock Price": "5.9961", "Year Open": "6.8125", "Year High": "7.4688", "Year Low": "4.6175", "Year Close": "5.0625", "Annual % Change": "-27.43%"}, "1998": {"Average Stock Price": "6.4024", "Year Open": "6.4613", "Year High": "8.5163", "Year Low": "4.1638", "Year Close": "6.9763", "Annual % Change": "7.33%"}, "1997": {"Average Stock Price": "6.1141", "Year Open": "4.7975", "Year High": "7.6100", "Year Low": "4.7975", "Year Close": "6.5000", "Annual % Change": "35.06%"}, "1996": {"Average Stock Price": "4.5279", "Year Open": "4.0150", "Year High": "5.3281", "Year Low": "3.6250", "Year Close": "4.8125", "Annual % Change": "20.31%"}, "1995": {"Average Stock Price": "3.5165", "Year Open": "3.1413", "Year High": "4.1875", "Year Low": "2.8288", "Year Close": "4.0000", "Annual % Change": "27.34%"}, "1994": {"Average Stock Price": "3.3216", "Year Open": "3.3750", "Year High": "4.2188", "Year Low": "2.7663", "Year Close": "3.1413", "Annual % Change": "-10.25%"}}}, "market cap": {"value": "$10.54B"}, "income statement": {"Revenue": {"2019-12-31": "10168.00000", "2018-12-31": "10530.00000", "2017-12-31": "9799.00000", "2016-12-31": "9071.00000", "2015-12-31": "8023.20000", "2014-12-31": "8305.10000", "2013-12-31": "7436.60000", "2012-12-31": "7183.20000", "2011-12-31": "7114.70000", "2010-12-31": "5652.80000", "2009-12-31": "3961.80000", "2008-12-31": "5263.90000", "2007-12-31": "5328.60000", "2006-12-31": "4585.40000", "2005-12-31": "4293.80000"}, "Cost Of Goods Sold": {"2019-12-31": "8067.00000", "2018-12-31": "8300.00000", "2017-12-31": "7684.00000", "2016-12-31": "7142.30000", "2015-12-31": "6320.10000", "2014-12-31": "6548.70000", "2013-12-31": "5879.10000", "2012-12-31": "5716.30000", "2011-12-31": "5704.30000", "2010-12-31": "4559.50000", "2009-12-31": "3401.00000", "2008-12-31": "4425.40000", "2007-12-31": "4378.70000", "2006-12-31": "3735.50000", "2005-12-31": "3440.00000"}, "Gross Profit": {"2019-12-31": "2101.00000", "2018-12-31": "2230.00000", "2017-12-31": "2115.00000", "2016-12-31": "1928.70000", "2015-12-31": "1703.10000", "2014-12-31": "1756.39900", "2013-12-31": "1557.50000", "2012-12-31": "1466.90000", "2011-12-31": "1410.40000", "2010-12-31": "1093.30000", "2009-12-31": "560.80000", "2008-12-31": "838.50000", "2007-12-31": "949.89990", "2006-12-31": "849.89990", "2005-12-31": "853.79980"}, "Research And Development Expenses": {"2019-12-31": "", "2018-12-31": "", "2017-12-31": "", "2016-12-31": "", "2015-12-31": "", "2014-12-31": "", "2013-12-31": "", "2012-12-31": "", "2011-12-31": "", "2010-12-31": "", "2009-12-31": "", "2008-12-31": "", "2007-12-31": "", "2006-12-31": "", "2005-12-31": ""}, "SG&A Expenses": {"2019-12-31": "873.00000", "2018-12-31": "946.00000", "2017-12-31": "899.00000", "2016-12-31": "818.00000", "2015-12-31": "662.00000", "2014-12-31": "698.90000", "2013-12-31": "639.70000", "2012-12-31": "629.30000", "2011-12-31": "621.00000", "2010-12-31": "566.60000", "2009-12-31": "459.80000", "2008-12-31": "542.90000", "2007-12-31": "531.90000", "2006-12-31": "498.10000", "2005-12-31": "495.90000"}, "Other Operating Income Or Expenses": {"2019-12-31": "75.00000", "2018-12-31": "-94.00000", "2017-12-31": "-144.00000", "2016-12-31": "-137.50000", "2015-12-31": "-152.80000", "2014-12-31": "-93.80000", "2013-12-31": "-62.60000", "2012-12-31": "-84.70000", "2011-12-31": "8.10000", "2010-12-31": "-22.40000", "2009-12-31": "0.10000", "2008-12-31": "-4.00000", "2007-12-31": "0.10000", "2006-12-31": "7.50000", "2005-12-31": "-34.80000"}, "Operating Expenses": {"2019-12-31": "8865.00000", "2018-12-31": "9340.00000", "2017-12-31": "8727.00000", "2016-12-31": "8097.80000", "2015-12-31": "7134.90000", "2014-12-31": "7341.40000", "2013-12-31": "6581.40000", "2012-12-31": "6430.30000", "2011-12-31": "6317.20000", "2010-12-31": "5148.50000", "2009-12-31": "3911.00000", "2008-12-31": "5256.60000", "2007-12-31": "4910.50000", "2006-12-31": "4310.80000", "2005-12-31": "3970.70000"}, "Operating Income": {"2019-12-31": "1303.00000", "2018-12-31": "1190.00000", "2017-12-31": "1072.00000", "2016-12-31": "973.20020", "2015-12-31": "888.30030", "2014-12-31": "963.69970", "2013-12-31": "855.19970", "2012-12-31": "752.90040", "2011-12-31": "797.50050", "2010-12-31": "504.29980", "2009-12-31": "50.80010", "2008-12-31": "7.30030", "2007-12-31": "418.10010", "2006-12-31": "274.59960", "2005-12-31": "323.09990"}, "Total Non-Operating Income/Expense": {"2019-12-31": "-38.00000", "2018-12-31": "6.00000", "2017-12-31": "-9.00000", "2016-12-31": "-30.50000", "2015-12-31": "-12.90000", "2014-12-31": "16.40000", "2013-12-31": "14.10000", "2012-12-31": "8.10000", "2011-12-31": "-31.60000", "2010-12-31": "-26.40000", "2009-12-31": "-32.90000", "2008-12-31": "6.70000", "2007-12-31": "12.30000", "2006-12-31": "-4.30000", "2005-12-31": "-8.90000"}, "Pre-Tax Income": {"2019-12-31": "1265.00000", "2018-12-31": "1196.00000", "2017-12-31": "1063.00000", "2016-12-31": "942.70000", "2015-12-31": "875.40000", "2014-12-31": "980.10000", "2013-12-31": "869.30000", "2012-12-31": "761.00000", "2011-12-31": "765.90000", "2010-12-31": "477.90000", "2009-12-31": "17.90000", "2008-12-31": "14.00000", "2007-12-31": "430.40000", "2006-12-31": "270.30000", "2005-12-31": "314.20000"}, "Income Taxes": {"2019-12-31": "468.00000", "2018-12-31": "211.00000", "2017-12-31": "580.00000", "2016-12-31": "306.00000", "2015-12-31": "261.50000", "2014-12-31": "292.60000", "2013-12-31": "218.30000", "2012-12-31": "238.60000", "2011-12-31": "195.30000", "2010-12-31": "81.70000", "2009-12-31": "-18.50000", "2008-12-31": "33.30000", "2007-12-31": "113.90000", "2006-12-31": "32.40000", "2005-12-31": "55.10000"}, "Income After Taxes": {"2019-12-31": "797.00000", "2018-12-31": "985.00000", "2017-12-31": "483.00000", "2016-12-31": "636.70000", "2015-12-31": "613.90000", "2014-12-31": "687.50000", "2013-12-31": "651.00000", "2012-12-31": "522.40000", "2011-12-31": "570.60000", "2010-12-31": "396.20000", "2009-12-31": "36.40000", "2008-12-31": "-19.30000", "2007-12-31": "316.50000", "2006-12-31": "237.90000", "2005-12-31": "259.10000"}, "Other Income": {"2019-12-31": "", "2018-12-31": "", "2017-12-31": "", "2016-12-31": "", "2015-12-31": "", "2014-12-31": "", "2013-12-31": "", "2012-12-31": "", "2011-12-31": "", "2010-12-31": "", "2009-12-31": "", "2008-12-31": "", "2007-12-31": "", "2006-12-31": "", "2005-12-31": ""}, "Income From Continuous Operations": {"2019-12-31": "797.00000", "2018-12-31": "985.00000", "2017-12-31": "483.00000", "2016-12-31": "636.70000", "2015-12-31": "613.90000", "2014-12-31": "687.50000", "2013-12-31": "651.00000", "2012-12-31": "522.40000", "2011-12-31": "570.60000", "2010-12-31": "396.20000", "2009-12-31": "36.40000", "2008-12-31": "-19.30000", "2007-12-31": "316.50000", "2006-12-31": "211.60000", "2005-12-31": "239.60000"}, "Income From Discontinued Operations": {"2019-12-31": "", "2018-12-31": "", "2017-12-31": "", "2016-12-31": "", "2015-12-31": "", "2014-12-31": "", "2013-12-31": "", "2012-12-31": "", "2011-12-31": "", "2010-12-31": "", "2009-12-31": "", "2008-12-31": "", "2007-12-31": "", "2006-12-31": "", "2005-12-31": ""}, "Net Income": {"2019-12-31": "746.00000", "2018-12-31": "931.00000", "2017-12-31": "440.00000", "2016-12-31": "595.00000", "2015-12-31": "577.20000", "2014-12-31": "655.80000", "2013-12-31": "624.30000", "2012-12-31": "500.90000", "2011-12-31": "550.10000", "2010-12-31": "377.40000", "2009-12-31": "27.00000", "2008-12-31": "-35.60000", "2007-12-31": "288.50000", "2006-12-31": "211.60000", "2005-12-31": "239.60000"}, "EBITDA": {"2019-12-31": "1742.00000", "2018-12-31": "1621.00000", "2017-12-31": "1480.00000", "2016-12-31": "1364.60000", "2015-12-31": "1208.50000", "2014-12-31": "1294.10000", "2013-12-31": "1154.60000", "2012-12-31": "1041.50000", "2011-12-31": "1100.80100", "2010-12-31": "775.49980", "2009-12-31": "324.40010", "2008-12-31": "450.90030", "2007-12-31": "682.70010", "2006-12-31": "531.19960", "2005-12-31": "578.59990"}, "EBIT": {"2019-12-31": "1303.00000", "2018-12-31": "1190.00000", "2017-12-31": "1072.00000", "2016-12-31": "973.20020", "2015-12-31": "888.30030", "2014-12-31": "963.69970", "2013-12-31": "855.19970", "2012-12-31": "752.90040", "2011-12-31": "797.50050", "2010-12-31": "504.29980", "2009-12-31": "50.80010", "2008-12-31": "7.30030", "2007-12-31": "418.10010", "2006-12-31": "274.59960", "2005-12-31": "323.09990"}, "Basic Shares Outstanding": {"2019-12-31": "205.70000", "2018-12-31": "208.20000", "2017-12-31": "210.40000", "2016-12-31": "214.37400", "2015-12-31": "224.41400", "2014-12-31": "227.15000", "2013-12-31": "228.60000", "2012-12-31": "225.30400", "2011-12-31": "218.45800", "2010-12-31": "228.31000", "2009-12-31": "233.04400", "2008-12-31": "232.01400", "2007-12-31": "232.00400", "2006-12-31": "229.61200", "2005-12-31": "226.83200"}, "Shares Outstanding": {"2019-12-31": "206.80000", "2018-12-31": "209.50000", "2017-12-31": "211.50000", "2016-12-31": "215.32800", "2015-12-31": "225.64800", "2014-12-31": "228.92400", "2013-12-31": "231.33700", "2012-12-31": "242.75400", "2011-12-31": "256.93600", "2010-12-31": "259.15000", "2009-12-31": "233.87800", "2008-12-31": "232.01400", "2007-12-31": "235.68000", "2006-12-31": "231.88400", "2005-12-31": "229.59200"}, "Basic EPS": {"2019-12-31": "3.63000", "2018-12-31": "4.47000", "2017-12-31": "2.09000", "2016-12-31": "2.78000", "2015-12-31": "2.57000", "2014-12-31": "2.89000", "2013-12-31": "2.73000", "2012-12-31": "2.22000", "2011-12-31": "2.52000", "2010-12-31": "1.65500", "2009-12-31": "0.11500", "2008-12-31": "-0.15500", "2007-12-31": "1.24500", "2006-12-31": "0.92000", "2005-12-31": "1.05500"}, "EPS - Earnings Per Share": {"2019-12-31": "3.61000", "2018-12-31": "4.44000", "2017-12-31": "2.08000", "2016-12-31": "2.76000", "2015-12-31": "2.56000", "2014-12-31": "2.86000", "2013-12-31": "2.70000", "2012-12-31": "2.09000", "2011-12-31": "2.22000", "2010-12-31": "1.53500", "2009-12-31": "0.11500", "2008-12-31": "-0.15500", "2007-12-31": "1.22500", "2006-12-31": "0.91500", "2005-12-31": "1.04500"}}, "income statement, quarterly": {"Revenue": {"2020-09-30": "2534.00000", "2020-06-30": "1426.00000", "2020-03-31": "2279.00000", "2019-12-31": "2559.00000", "2019-09-30": "2492.00000", "2019-06-30": "2551.00000", "2019-03-31": "2566.00000", "2018-12-31": "2574.00000", "2018-09-30": "2478.00000", "2018-06-30": "2694.00000", "2018-03-31": "2784.00000", "2017-12-31": "2586.10000", "2017-09-30": "2416.20000", "2017-06-30": "2389.70000", "2017-03-31": "2407.00000", "2016-12-31": "2259.00000", "2016-09-30": "2214.20000", "2016-06-30": "2329.20000", "2016-03-31": "2268.60000", "2015-12-31": "2123.10000", "2015-09-30": "1884.00000", "2015-06-30": "2031.90000", "2015-03-31": "1984.20000", "2014-12-31": "1991.89900", "2014-09-30": "2032.10000", "2014-06-30": "2197.00000", "2014-03-31": "2084.10000", "2013-12-31": "1885.40100", "2013-09-30": "1806.20000", "2013-06-30": "1893.90000", "2013-03-31": "1851.10000", "2012-12-31": "1719.10000", "2012-09-30": "1695.20000", "2012-06-30": "1856.40000", "2012-03-31": "1912.50000", "2011-12-31": "1773.70000", "2011-09-30": "1791.80000", "2011-06-30": "1818.80000", "2011-03-31": "1730.40000", "2010-12-31": "1533.40000", "2010-09-30": "1410.90000", "2010-06-30": "1421.70000", "2010-03-31": "1286.80000", "2009-12-31": "1198.30000", "2009-09-30": "1027.80000", "2009-06-30": "916.20000", "2009-03-31": "819.50000", "2008-12-31": "931.49990", "2008-09-30": "1316.90000", "2008-06-30": "1516.60000", "2008-03-31": "1498.90000", "2007-12-31": "1372.90000", "2007-09-30": "1313.60000", "2007-06-30": "1364.30000", "2007-03-31": "1277.80000", "2006-12-31": "1201.70000", "2006-09-30": "1059.80000", "2006-06-30": "1168.70000", "2006-03-31": "1155.20000", "2005-12-31": "1048.00000", "2005-09-30": "1050.90000", "2005-06-30": "1111.40000", "2005-03-31": "1083.50000"}, "Cost Of Goods Sold": {"2020-09-30": "2017.00000", "2020-06-30": "1252.00000", "2020-03-31": "1832.00000", "2019-12-31": "2014.00000", "2019-09-30": "1968.00000", "2019-06-30": "2038.00000", "2019-03-31": "2047.00000", "2018-12-31": "2030.00000", "2018-09-30": "1963.00000", "2018-06-30": "2114.00000", "2018-03-31": "2193.00000", "2017-12-31": "2021.90000", "2017-09-30": "1894.60000", "2017-06-30": "1876.80000", "2017-03-31": "1890.70000", "2016-12-31": "1762.40000", "2016-09-30": "1743.10000", "2016-06-30": "1832.50000", "2016-03-31": "1804.30000", "2015-12-31": "1676.20000", "2015-09-30": "1485.80000", "2015-06-30": "1602.90000", "2015-03-31": "1555.20000", "2014-12-31": "1578.60000", "2014-09-30": "1607.60000", "2014-06-30": "1724.20000", "2014-03-31": "1638.30000", "2013-12-31": "1478.80000", "2013-09-30": "1426.60000", "2013-06-30": "1497.30000", "2013-03-31": "1476.40000", "2012-12-31": "1374.90000", "2012-09-30": "1351.50000", "2012-06-30": "1473.20000", "2012-03-31": "1516.70000", "2011-12-31": "1414.00000", "2011-09-30": "1441.00000", "2011-06-30": "1461.70000", "2011-03-31": "1387.60000", "2010-12-31": "1227.30000", "2010-09-30": "1137.60000", "2010-06-30": "1146.30000", "2010-03-31": "1048.30000", "2009-12-31": "985.10000", "2009-09-30": "876.00000", "2009-06-30": "800.00000", "2009-03-31": "739.90000", "2008-12-31": "857.59970", "2008-09-30": "1114.60000", "2008-06-30": "1237.80000", "2008-03-31": "1215.40000", "2007-12-31": "1115.20000", "2007-09-30": "1084.90000", "2007-06-30": "1116.70000", "2007-03-31": "1061.90000", "2006-12-31": "989.50000", "2006-09-30": "876.50000", "2006-06-30": "937.60000", "2006-03-31": "931.90000", "2005-12-31": "848.50010", "2005-09-30": "842.70000", "2005-06-30": "879.00000", "2005-03-31": "869.80000"}, "Gross Profit": {"2020-09-30": "517.00000", "2020-06-30": "174.00000", "2020-03-31": "447.00000", "2019-12-31": "545.00000", "2019-09-30": "524.00000", "2019-06-30": "513.00000", "2019-03-31": "519.00000", "2018-12-31": "544.00000", "2018-09-30": "515.00000", "2018-06-30": "580.00000", "2018-03-31": "591.00000", "2017-12-31": "564.19970", "2017-09-30": "521.60000", "2017-06-30": "512.89990", "2017-03-31": "516.30000", "2016-12-31": "496.59990", "2016-09-30": "471.10000", "2016-06-30": "496.70000", "2016-03-31": "464.30000", "2015-12-31": "446.90040", "2015-09-30": "398.20000", "2015-06-30": "429.00000", "2015-03-31": "429.00000", "2014-12-31": "413.29930", "2014-09-30": "424.50000", "2014-06-30": "472.80000", "2014-03-31": "445.80000", "2013-12-31": "406.60060", "2013-09-30": "379.60000", "2013-06-30": "396.60000", "2013-03-31": "374.70000", "2012-12-31": "344.20020", "2012-09-30": "343.70000", "2012-06-30": "383.20010", "2012-03-31": "395.80000", "2011-12-31": "359.70040", "2011-09-30": "350.80000", "2011-06-30": "357.10010", "2011-03-31": "342.80000", "2010-12-31": "306.10010", "2010-09-30": "273.30000", "2010-06-30": "275.39990", "2010-03-31": "238.50000", "2009-12-31": "213.20010", "2009-09-30": "151.80000", "2009-06-30": "116.20000", "2009-03-31": "79.60000", "2008-12-31": "73.90020", "2008-09-30": "202.30000", "2008-06-30": "278.79990", "2008-03-31": "283.50000", "2007-12-31": "257.69960", "2007-09-30": "228.70000", "2007-06-30": "247.60010", "2007-03-31": "215.90000", "2006-12-31": "212.20000", "2006-09-30": "183.30000", "2006-06-30": "231.10000", "2006-03-31": "223.29990", "2005-12-31": "199.49990", "2005-09-30": "208.20000", "2005-06-30": "232.40000", "2005-03-31": "213.70000"}, "Research And Development Expenses": {"2020-09-30": "", "2020-06-30": "", "2020-03-31": "", "2019-12-31": "", "2019-09-30": "", "2019-06-30": "", "2019-03-31": "", "2018-12-31": "", "2018-09-30": "", "2018-06-30": "", "2018-03-31": "", "2017-12-31": "", "2017-09-30": "", "2017-06-30": "", "2017-03-31": "", "2016-12-31": "", "2016-09-30": "", "2016-06-30": "", "2016-03-31": "", "2015-12-31": "", "2015-09-30": "", "2015-06-30": "", "2015-03-31": "", "2014-12-31": "", "2014-09-30": "", "2014-06-30": "", "2014-03-31": "", "2013-12-31": "", "2013-09-30": "", "2013-06-30": "", "2013-03-31": "", "2012-12-31": "", "2012-09-30": "", "2012-06-30": "", "2012-03-31": "", "2011-12-31": "", "2011-09-30": "", "2011-06-30": "", "2011-03-31": "", "2010-12-31": "", "2010-09-30": "", "2010-06-30": "", "2010-03-31": "", "2009-12-31": "", "2009-09-30": "", "2009-06-30": "", "2009-03-31": "", "2008-12-31": "", "2008-09-30": "", "2008-06-30": "", "2008-03-31": "", "2007-12-31": "", "2007-09-30": "", "2007-06-30": "", "2007-03-31": "", "2006-12-31": "", "2006-09-30": "", "2006-06-30": "", "2006-03-31": "", "2005-12-31": "", "2005-09-30": "", "2005-06-30": "", "2005-03-31": ""}, "SG&A Expenses": {"2020-09-30": "204.00000", "2020-06-30": "184.00000", "2020-03-31": "213.00000", "2019-12-31": "205.00000", "2019-09-30": "230.00000", "2019-06-30": "212.00000", "2019-03-31": "226.00000", "2018-12-31": "226.00000", "2018-09-30": "230.00000", "2018-06-30": "237.00000", "2018-03-31": "253.00000", "2017-12-31": "239.90000", "2017-09-30": "225.00000", "2017-06-30": "215.10000", "2017-03-31": "219.00000", "2016-12-31": "217.60000", "2016-09-30": "209.70000", "2016-06-30": "202.30000", "2016-03-31": "188.40000", "2015-12-31": "178.40000", "2015-09-30": "148.00000", "2015-06-30": "167.40000", "2015-03-31": "168.20000", "2014-12-31": "169.40000", "2014-09-30": "174.50000", "2014-06-30": "181.20000", "2014-03-31": "173.80000", "2013-12-31": "167.10000", "2013-09-30": "157.70000", "2013-06-30": "155.60000", "2013-03-31": "159.30000", "2012-12-31": "156.20000", "2012-09-30": "151.00000", "2012-06-30": "153.10000", "2012-03-31": "169.00000", "2011-12-31": "146.80000", "2011-09-30": "151.40000", "2011-06-30": "157.70000", "2011-03-31": "165.10000", "2010-12-31": "148.30000", "2010-09-30": "150.20000", "2010-06-30": "137.80000", "2010-03-31": "130.30000", "2009-12-31": "144.40000", "2009-09-30": "125.90000", "2009-06-30": "115.40000", "2009-03-31": "74.10000", "2008-12-31": "92.50010", "2008-09-30": "134.80000", "2008-06-30": "159.90000", "2008-03-31": "155.70000", "2007-12-31": "135.90000", "2007-09-30": "134.10000", "2007-06-30": "135.20000", "2007-03-31": "126.70000", "2006-12-31": "127.50000", "2006-09-30": "116.80000", "2006-06-30": "124.30000", "2006-03-31": "129.50000", "2005-12-31": "110.10000", "2005-09-30": "120.00000", "2005-06-30": "131.60000", "2005-03-31": "134.20000"}, "Other Operating Income Or Expenses": {"2020-09-30": "-29.00000", "2020-06-30": "-68.00000", "2020-03-31": "-45.00000", "2019-12-31": "138.00000", "2019-09-30": "-18.00000", "2019-06-30": "-16.00000", "2019-03-31": "-29.00000", "2018-12-31": "-52.00000", "2018-09-30": "-7.00000", "2018-06-30": "-30.00000", "2018-03-31": "-5.00000", "2017-12-31": "-116.50000", "2017-09-30": "-22.00000", "2017-06-30": "0.30000", "2017-03-31": "-5.80000", "2016-12-31": "10.30000", "2016-09-30": "-111.10000", "2016-06-30": "-25.00000", "2016-03-31": "-11.70000", "2015-12-31": "-119.40000", "2015-09-30": "-13.10000", "2015-06-30": "-19.10000", "2015-03-31": "-1.20000", "2014-12-31": "-31.70000", "2014-09-30": "-12.30000", "2014-06-30": "-11.00000", "2014-03-31": "-38.80000", "2013-12-31": "-51.80000", "2013-09-30": "3.70000", "2013-06-30": "2.40000", "2013-03-31": "-16.90000", "2012-12-31": "-17.30000", "2012-09-30": "-29.70000", "2012-06-30": "-36.60000", "2012-03-31": "-1.10000", "2011-12-31": "-21.80000", "2011-09-30": "-0.60000", "2011-06-30": "28.90000", "2011-03-31": "1.60000", "2010-12-31": "-0.40000", "2010-09-30": "-0.10000", "2010-06-30": "-20.30000", "2010-03-31": "-1.60000", "2009-12-31": "-1.50000", "2009-09-30": "1.60000", "2009-06-30": "", "2009-03-31": "", "2008-12-31": "-1.20000", "2008-09-30": "0.40000", "2008-06-30": "-0.20000", "2008-03-31": "-3.00000", "2007-12-31": "-5.50000", "2007-09-30": "3.70000", "2007-06-30": "1.20000", "2007-03-31": "0.70000", "2006-12-31": "0.70000", "2006-09-30": "5.60000", "2006-06-30": "0.70000", "2006-03-31": "0.50000", "2005-12-31": "0.90000", "2005-09-30": "2.30000", "2005-06-30": "-42.10000", "2005-03-31": "4.10000"}, "Operating Expenses": {"2020-09-30": "2250.00000", "2020-06-30": "1504.00000", "2020-03-31": "2090.00000", "2019-12-31": "2081.00000", "2019-09-30": "2216.00000", "2019-06-30": "2266.00000", "2019-03-31": "2302.00000", "2018-12-31": "2308.00000", "2018-09-30": "2200.00000", "2018-06-30": "2381.00000", "2018-03-31": "2451.00000", "2017-12-31": "2378.30000", "2017-09-30": "2141.60000", "2017-06-30": "2091.60000", "2017-03-31": "2115.50000", "2016-12-31": "1969.70000", "2016-09-30": "2063.90000", "2016-06-30": "2059.80000", "2016-03-31": "2004.40000", "2015-12-31": "1974.00000", "2015-09-30": "1646.90000", "2015-06-30": "1789.40000", "2015-03-31": "1724.60000", "2014-12-31": "1779.70000", "2014-09-30": "1794.40000", "2014-06-30": "1916.40000", "2014-03-31": "1850.90000", "2013-12-31": "1697.70000", "2013-09-30": "1580.60000", "2013-06-30": "1650.50000", "2013-03-31": "1652.60000", "2012-12-31": "1548.40000", "2012-09-30": "1532.20000", "2012-06-30": "1662.90000", "2012-03-31": "1686.80000", "2011-12-31": "1582.60000", "2011-09-30": "1593.00000", "2011-06-30": "1590.50000", "2011-03-31": "1551.10000", "2010-12-31": "1376.00000", "2010-09-30": "1287.90000", "2010-06-30": "1304.40000", "2010-03-31": "1180.20000", "2009-12-31": "1131.00000", "2009-09-30": "1000.30000", "2009-06-30": "965.70000", "2009-03-31": "814.00000", "2008-12-31": "1063.79900", "2008-09-30": "1420.80000", "2008-06-30": "1397.90000", "2008-03-31": "1374.10000", "2007-12-31": "1256.60000", "2007-09-30": "1215.30000", "2007-06-30": "1250.70000", "2007-03-31": "1187.90000", "2006-12-31": "1189.50000", "2006-09-30": "999.20000", "2006-06-30": "1061.20000", "2006-03-31": "1060.90000", "2005-12-31": "957.69980", "2005-09-30": "960.40000", "2005-06-30": "1052.70000", "2005-03-31": "999.90000"}, "Operating Income": {"2020-09-30": "284.00000", "2020-06-30": "-78.00000", "2020-03-31": "189.00000", "2019-12-31": "478.00000", "2019-09-30": "276.00000", "2019-06-30": "285.00000", "2019-03-31": "264.00000", "2018-12-31": "266.00000", "2018-09-30": "278.00000", "2018-06-30": "313.00000", "2018-03-31": "333.00000", "2017-12-31": "207.79980", "2017-09-30": "274.59990", "2017-06-30": "298.09990", "2017-03-31": "291.50000", "2016-12-31": "289.29970", "2016-09-30": "150.30000", "2016-06-30": "269.39990", "2016-03-31": "264.20010", "2015-12-31": "149.10010", "2015-09-30": "237.10000", "2015-06-30": "242.50000", "2015-03-31": "259.60010", "2014-12-31": "212.19950", "2014-09-30": "237.70000", "2014-06-30": "280.60010", "2014-03-31": "233.20000", "2013-12-31": "187.70030", "2013-09-30": "225.60000", "2013-06-30": "243.40000", "2013-03-31": "198.49990", "2012-12-31": "170.70030", "2012-09-30": "163.00000", "2012-06-30": "193.50010", "2012-03-31": "225.70010", "2011-12-31": "191.10060", "2011-09-30": "198.80000", "2011-06-30": "228.30020", "2011-03-31": "179.30000", "2010-12-31": "157.40000", "2010-09-30": "123.00010", "2010-06-30": "117.29980", "2010-03-31": "106.60000", "2009-12-31": "67.30010", "2009-09-30": "27.50000", "2009-06-30": "-49.50000", "2009-03-31": "5.50000", "2008-12-31": "-132.29960", "2008-09-30": "-103.90000", "2008-06-30": "118.70000", "2008-03-31": "124.80000", "2007-12-31": "116.29990", "2007-09-30": "98.29990", "2007-06-30": "113.60010", "2007-03-31": "89.90000", "2006-12-31": "12.19960", "2006-09-30": "60.60000", "2006-06-30": "107.49990", "2006-03-31": "94.29990", "2005-12-31": "90.30020", "2005-09-30": "90.50000", "2005-06-30": "58.70010", "2005-03-31": "83.60000"}, "Total Non-Operating Income/Expense": {"2020-09-30": "-12.00000", "2020-06-30": "-12.00000", "2020-03-31": "-3.00000", "2019-12-31": "-3.00000", "2019-09-30": "-3.00000", "2019-06-30": "-30.00000", "2019-03-31": "-2.00000", "2018-12-31": "1.00000", "2018-09-30": "5.00000", "2018-06-30": "1.00000", "2018-03-31": "-1.00000", "2017-12-31": "-2.00000", "2017-09-30": "-0.60000", "2017-06-30": "-0.80000", "2017-03-31": "-5.60000", "2016-12-31": "-1.70000", "2016-09-30": "-8.40000", "2016-06-30": "-9.80000", "2016-03-31": "-10.60000", "2015-12-31": "-3.90000", "2015-09-30": "-4.30000", "2015-06-30": "-4.90000", "2015-03-31": "0.20000", "2014-12-31": "2.50000", "2014-09-30": "7.20000", "2014-06-30": "4.60000", "2014-03-31": "2.10000", "2013-12-31": "6.20000", "2013-09-30": "3.60000", "2013-06-30": "3.30000", "2013-03-31": "1.00000", "2012-12-31": "4.30000", "2012-09-30": "7.10000", "2012-06-30": "1.20000", "2012-03-31": "-4.50000", "2011-12-31": "-5.70000", "2011-09-30": "-5.70000", "2011-06-30": "-11.20000", "2011-03-31": "-9.00000", "2010-12-31": "-11.20000", "2010-09-30": "-7.30000", "2010-06-30": "-3.60000", "2010-03-31": "-4.30000", "2009-12-31": "-5.00000", "2009-09-30": "-6.00000", "2009-06-30": "-3.50000", "2009-03-31": "-18.40000", "2008-12-31": "-1.40000", "2008-09-30": "0.20000", "2008-06-30": "3.40000", "2008-03-31": "4.50000", "2007-12-31": "11.00000", "2007-09-30": "1.50000", "2007-06-30": "-0.50000", "2007-03-31": "0.30000", "2006-12-31": "-1.80000", "2006-09-30": "-1.70000", "2006-06-30": "-1.40000", "2006-03-31": "0.60000", "2005-12-31": "2.20000", "2005-09-30": "-3.90000", "2005-06-30": "-1.90000", "2005-03-31": "-5.30000"}, "Pre-Tax Income": {"2020-09-30": "272.00000", "2020-06-30": "-90.00000", "2020-03-31": "186.00000", "2019-12-31": "475.00000", "2019-09-30": "273.00000", "2019-06-30": "255.00000", "2019-03-31": "262.00000", "2018-12-31": "267.00000", "2018-09-30": "283.00000", "2018-06-30": "314.00000", "2018-03-31": "332.00000", "2017-12-31": "205.80000", "2017-09-30": "274.00000", "2017-06-30": "297.30000", "2017-03-31": "285.90000", "2016-12-31": "287.60010", "2016-09-30": "141.90000", "2016-06-30": "259.60000", "2016-03-31": "253.60000", "2015-12-31": "145.20000", "2015-09-30": "232.80000", "2015-06-30": "237.60000", "2015-03-31": "259.80000", "2014-12-31": "214.69990", "2014-09-30": "244.90000", "2014-06-30": "285.20000", "2014-03-31": "235.30000", "2013-12-31": "193.90000", "2013-09-30": "229.20000", "2013-06-30": "246.70000", "2013-03-31": "199.50000", "2012-12-31": "175.00000", "2012-09-30": "170.10000", "2012-06-30": "194.70000", "2012-03-31": "221.20000", "2011-12-31": "185.40000", "2011-09-30": "193.10000", "2011-06-30": "217.10000", "2011-03-31": "170.30000", "2010-12-31": "146.20000", "2010-09-30": "115.70000", "2010-06-30": "113.70000", "2010-03-31": "102.30000", "2009-12-31": "62.30000", "2009-09-30": "21.50000", "2009-06-30": "-53.00000", "2009-03-31": "-12.90000", "2008-12-31": "-133.70000", "2008-09-30": "-103.70000", "2008-06-30": "122.10000", "2008-03-31": "129.30000", "2007-12-31": "127.30000", "2007-09-30": "99.80000", "2007-06-30": "113.10000", "2007-03-31": "90.20000", "2006-12-31": "10.40000", "2006-09-30": "58.90000", "2006-06-30": "106.10000", "2006-03-31": "94.90000", "2005-12-31": "92.50000", "2005-09-30": "86.60000", "2005-06-30": "56.80000", "2005-03-31": "78.30000"}, "Income Taxes": {"2020-09-30": "143.00000", "2020-06-30": "-6.00000", "2020-03-31": "49.00000", "2019-12-31": "238.00000", "2019-09-30": "66.00000", "2019-06-30": "73.00000", "2019-03-31": "91.00000", "2018-12-31": "19.00000", "2018-09-30": "67.00000", "2018-06-30": "30.00000", "2018-03-31": "95.00000", "2017-12-31": "338.10000", "2017-09-30": "79.40000", "2017-06-30": "76.20000", "2017-03-31": "86.30000", "2016-12-31": "92.60000", "2016-09-30": "48.80000", "2016-06-30": "84.20000", "2016-03-31": "80.40000", "2015-12-31": "42.30000", "2015-09-30": "66.90000", "2015-06-30": "80.20000", "2015-03-31": "72.10000", "2014-12-31": "67.30000", "2014-09-30": "71.90000", "2014-06-30": "85.30000", "2014-03-31": "68.10000", "2013-12-31": "44.50000", "2013-09-30": "56.30000", "2013-06-30": "66.60000", "2013-03-31": "50.90000", "2012-12-31": "48.40000", "2012-09-30": "64.20000", "2012-06-30": "68.50000", "2012-03-31": "57.50000", "2011-12-31": "58.20000", "2011-09-30": "46.40000", "2011-06-30": "49.80000", "2011-03-31": "40.90000", "2010-12-31": "30.60000", "2010-09-30": "4.20000", "2010-06-30": "26.00000", "2010-03-31": "20.90000", "2009-12-31": "5.70000", "2009-09-30": "1.50000", "2009-06-30": "-19.10000", "2009-03-31": "-6.60000", "2008-12-31": "-54.40000", "2008-09-30": "24.30000", "2008-06-30": "29.80000", "2008-03-31": "33.60000", "2007-12-31": "48.10000", "2007-09-30": "10.90000", "2007-06-30": "30.50000", "2007-03-31": "24.40000", "2006-12-31": "-37.80000", "2006-09-30": "13.90000", "2006-06-30": "29.70000", "2006-03-31": "26.60000", "2005-12-31": "23.00000", "2005-09-30": "19.60000", "2005-06-30": "12.80000", "2005-03-31": "-0.30000"}, "Income After Taxes": {"2020-09-30": "129.00000", "2020-06-30": "-84.00000", "2020-03-31": "137.00000", "2019-12-31": "237.00000", "2019-09-30": "207.00000", "2019-06-30": "182.00000", "2019-03-31": "171.00000", "2018-12-31": "248.00000", "2018-09-30": "216.00000", "2018-06-30": "284.00000", "2018-03-31": "237.00000", "2017-12-31": "-132.30000", "2017-09-30": "194.60000", "2017-06-30": "221.10000", "2017-03-31": "199.60000", "2016-12-31": "195.00000", "2016-09-30": "93.10000", "2016-06-30": "175.40000", "2016-03-31": "173.20000", "2015-12-31": "102.90010", "2015-09-30": "165.90000", "2015-06-30": "157.40000", "2015-03-31": "187.70000", "2014-12-31": "147.40000", "2014-09-30": "173.00000", "2014-06-30": "199.90000", "2014-03-31": "167.20000", "2013-12-31": "149.40000", "2013-09-30": "172.90000", "2013-06-30": "180.10000", "2013-03-31": "148.60000", "2012-12-31": "126.60000", "2012-09-30": "105.90000", "2012-06-30": "126.20000", "2012-03-31": "163.70000", "2011-12-31": "127.20000", "2011-09-30": "146.70000", "2011-06-30": "167.30000", "2011-03-31": "129.40000", "2010-12-31": "115.60000", "2010-09-30": "111.50000", "2010-06-30": "87.70000", "2010-03-31": "81.40000", "2009-12-31": "56.60000", "2009-09-30": "20.00000", "2009-06-30": "-33.90000", "2009-03-31": "-6.30000", "2008-12-31": "-79.30000", "2008-09-30": "-128.00000", "2008-06-30": "92.30000", "2008-03-31": "95.70000", "2007-12-31": "79.20000", "2007-09-30": "88.90000", "2007-06-30": "82.60000", "2007-03-31": "65.80000", "2006-12-31": "48.20000", "2006-09-30": "45.00000", "2006-06-30": "76.40000", "2006-03-31": "68.30000", "2005-12-31": "69.50000", "2005-09-30": "67.00000", "2005-06-30": "44.00000", "2005-03-31": "78.60000"}, "Other Income": {"2020-09-30": "", "2020-06-30": "", "2020-03-31": "", "2019-12-31": "", "2019-09-30": "", "2019-06-30": "", "2019-03-31": "", "2018-12-31": "", "2018-09-30": "", "2018-06-30": "", "2018-03-31": "", "2017-12-31": "", "2017-09-30": "", "2017-06-30": "", "2017-03-31": "", "2016-12-31": "", "2016-09-30": "", "2016-06-30": "", "2016-03-31": "", "2015-12-31": "", "2015-09-30": "", "2015-06-30": "", "2015-03-31": "", "2014-12-31": "", "2014-09-30": "", "2014-06-30": "", "2014-03-31": "", "2013-12-31": "", "2013-09-30": "", "2013-06-30": "", "2013-03-31": "", "2012-12-31": "", "2012-09-30": "", "2012-06-30": "", "2012-03-31": "", "2011-12-31": "", "2011-09-30": "", "2011-06-30": "", "2011-03-31": "", "2010-12-31": "", "2010-09-30": "", "2010-06-30": "", "2010-03-31": "", "2009-12-31": "", "2009-09-30": "", "2009-06-30": "", "2009-03-31": "", "2008-12-31": "", "2008-09-30": "", "2008-06-30": "", "2008-03-31": "", "2007-12-31": "", "2007-09-30": "", "2007-06-30": "", "2007-03-31": "", "2006-12-31": "", "2006-09-30": "", "2006-06-30": "", "2006-03-31": "", "2005-12-31": "", "2005-09-30": "", "2005-06-30": "", "2005-03-31": ""}, "Income From Continuous Operations": {"2020-09-30": "129.00000", "2020-06-30": "-84.00000", "2020-03-31": "137.00000", "2019-12-31": "237.00000", "2019-09-30": "207.00000", "2019-06-30": "182.00000", "2019-03-31": "171.00000", "2018-12-31": "248.00000", "2018-09-30": "216.00000", "2018-06-30": "284.00000", "2018-03-31": "237.00000", "2017-12-31": "-132.30000", "2017-09-30": "194.60000", "2017-06-30": "221.10000", "2017-03-31": "199.60000", "2016-12-31": "195.00000", "2016-09-30": "93.10000", "2016-06-30": "175.40000", "2016-03-31": "173.20000", "2015-12-31": "102.90010", "2015-09-30": "165.90000", "2015-06-30": "157.40000", "2015-03-31": "187.70000", "2014-12-31": "147.40000", "2014-09-30": "173.00000", "2014-06-30": "199.90000", "2014-03-31": "167.20000", "2013-12-31": "149.40000", "2013-09-30": "172.90000", "2013-06-30": "180.10000", "2013-03-31": "148.60000", "2012-12-31": "126.60000", "2012-09-30": "105.90000", "2012-06-30": "126.20000", "2012-03-31": "163.70000", "2011-12-31": "127.20000", "2011-09-30": "146.70000", "2011-06-30": "167.30000", "2011-03-31": "129.40000", "2010-12-31": "115.60000", "2010-09-30": "111.50000", "2010-06-30": "87.70000", "2010-03-31": "81.40000", "2009-12-31": "56.60000", "2009-09-30": "20.00000", "2009-06-30": "-33.90000", "2009-03-31": "-6.30000", "2008-12-31": "-79.30000", "2008-09-30": "-128.00000", "2008-06-30": "92.30000", "2008-03-31": "95.70000", "2007-12-31": "99.20000", "2007-09-30": "83.20000", "2007-06-30": "75.70000", "2007-03-31": "58.40000", "2006-12-31": "40.90000", "2006-09-30": "39.20000", "2006-06-30": "70.20000", "2006-03-31": "61.30000", "2005-12-31": "64.70000", "2005-09-30": "61.40000", "2005-06-30": "35.90000", "2005-03-31": "77.60000"}, "Income From Discontinued Operations": {"2020-09-30": "", "2020-06-30": "", "2020-03-31": "", "2019-12-31": "", "2019-09-30": "", "2019-06-30": "", "2019-03-31": "", "2018-12-31": "", "2018-09-30": "", "2018-06-30": "", "2018-03-31": "", "2017-12-31": "", "2017-09-30": "", "2017-06-30": "", "2017-03-31": "", "2016-12-31": "", "2016-09-30": "", "2016-06-30": "", "2016-03-31": "", "2015-12-31": "", "2015-09-30": "", "2015-06-30": "", "2015-03-31": "", "2014-12-31": "", "2014-09-30": "", "2014-06-30": "", "2014-03-31": "", "2013-12-31": "", "2013-09-30": "", "2013-06-30": "", "2013-03-31": "", "2012-12-31": "", "2012-09-30": "", "2012-06-30": "", "2012-03-31": "", "2011-12-31": "", "2011-09-30": "", "2011-06-30": "", "2011-03-31": "", "2010-12-31": "", "2010-09-30": "", "2010-06-30": "", "2010-03-31": "", "2009-12-31": "", "2009-09-30": "", "2009-06-30": "", "2009-03-31": "", "2008-12-31": "", "2008-09-30": "", "2008-06-30": "", "2008-03-31": "", "2007-12-31": "", "2007-09-30": "", "2007-06-30": "", "2007-03-31": "", "2006-12-31": "", "2006-09-30": "", "2006-06-30": "", "2006-03-31": "", "2005-12-31": "", "2005-09-30": "", "2005-06-30": "", "2005-03-31": ""}, "Net Income": {"2020-09-30": "111.00000", "2020-06-30": "-98.00000", "2020-03-31": "129.00000", "2019-12-31": "220.00000", "2019-09-30": "194.00000", "2019-06-30": "172.00000", "2019-03-31": "160.00000", "2018-12-31": "230.00000", "2018-09-30": "204.00000", "2018-06-30": "272.00000", "2018-03-31": "225.00000", "2017-12-31": "-146.10000", "2017-09-30": "184.90000", "2017-06-30": "212.00000", "2017-03-31": "189.20000", "2016-12-31": "183.20000", "2016-09-30": "83.30000", "2016-06-30": "164.40000", "2016-03-31": "164.10000", "2015-12-31": "92.80000", "2015-09-30": "157.40000", "2015-06-30": "148.10000", "2015-03-31": "178.90000", "2014-12-31": "139.90000", "2014-09-30": "166.60000", "2014-06-30": "190.20000", "2014-03-31": "159.10000", "2013-12-31": "141.40000", "2013-09-30": "166.80000", "2013-06-30": "174.10000", "2013-03-31": "142.00000", "2012-12-31": "121.20000", "2012-09-30": "101.10000", "2012-06-30": "120.60000", "2012-03-31": "158.00000", "2011-12-31": "122.00000", "2011-09-30": "141.60000", "2011-06-30": "162.00000", "2011-03-31": "124.50000", "2010-12-31": "111.70000", "2010-09-30": "106.70000", "2010-06-30": "82.80000", "2010-03-31": "76.20000", "2009-12-31": "52.70000", "2009-09-30": "17.20000", "2009-06-30": "-35.90000", "2009-03-31": "-7.00000", "2008-12-31": "-81.40000", "2008-09-30": "-130.40000", "2008-06-30": "87.50000", "2008-03-31": "88.70000", "2007-12-31": "71.20000", "2007-09-30": "83.20000", "2007-06-30": "75.70000", "2007-03-31": "58.40000", "2006-12-31": "40.90000", "2006-09-30": "39.20000", "2006-06-30": "70.20000", "2006-03-31": "61.30000", "2005-12-31": "64.70000", "2005-09-30": "61.40000", "2005-06-30": "35.90000", "2005-03-31": "77.60000"}, "EBITDA": {"2020-09-30": "399.00000", "2020-06-30": "60.00000", "2020-03-31": "301.00000", "2019-12-31": "593.00000", "2019-09-30": "386.00000", "2019-06-30": "392.00000", "2019-03-31": "371.00000", "2018-12-31": "371.00000", "2018-09-30": "386.00000", "2018-06-30": "422.00000", "2018-03-31": "442.00000", "2017-12-31": "313.79980", "2017-09-30": "379.49980", "2017-06-30": "397.89980", "2017-03-31": "388.80000", "2016-12-31": "389.49970", "2016-09-30": "248.10010", "2016-06-30": "368.39990", "2016-03-31": "358.60010", "2015-12-31": "233.00010", "2015-09-30": "315.40000", "2015-06-30": "323.40000", "2015-03-31": "336.70010", "2014-12-31": "295.59950", "2014-09-30": "319.49990", "2014-06-30": "365.70010", "2014-03-31": "313.30000", "2013-12-31": "264.60030", "2013-09-30": "297.20000", "2013-06-30": "319.40000", "2013-03-31": "273.39990", "2012-12-31": "242.70030", "2012-09-30": "232.80000", "2012-06-30": "264.70010", "2012-03-31": "301.30010", "2011-12-31": "269.20060", "2011-09-30": "274.10000", "2011-06-30": "305.60020", "2011-03-31": "251.90010", "2010-12-31": "222.80000", "2010-09-30": "191.80010", "2010-06-30": "186.29980", "2010-03-31": "174.60000", "2009-12-31": "140.60010", "2009-09-30": "97.60000", "2009-06-30": "17.60000", "2009-03-31": "68.60000", "2008-12-31": "-58.89950", "2008-09-30": "113.10000", "2008-06-30": "199.70000", "2008-03-31": "197.00010", "2007-12-31": "190.99990", "2007-09-30": "162.09990", "2007-06-30": "175.40010", "2007-03-31": "154.20000", "2006-12-31": "85.09960", "2006-09-30": "120.20010", "2006-06-30": "170.49990", "2006-03-31": "155.39990", "2005-12-31": "153.00020", "2005-09-30": "152.70000", "2005-06-30": "125.80010", "2005-03-31": "147.10000"}, "EBIT": {"2020-09-30": "284.00000", "2020-06-30": "-78.00000", "2020-03-31": "189.00000", "2019-12-31": "478.00000", "2019-09-30": "276.00000", "2019-06-30": "285.00000", "2019-03-31": "264.00000", "2018-12-31": "266.00000", "2018-09-30": "278.00000", "2018-06-30": "313.00000", "2018-03-31": "333.00000", "2017-12-31": "207.80030", "2017-09-30": "274.59990", "2017-06-30": "298.09990", "2017-03-31": "291.50000", "2016-12-31": "289.30020", "2016-09-30": "150.30000", "2016-06-30": "269.39990", "2016-03-31": "264.20010", "2015-12-31": "149.10020", "2015-09-30": "237.10000", "2015-06-30": "242.50000", "2015-03-31": "259.60010", "2014-12-31": "212.19970", "2014-09-30": "237.70000", "2014-06-30": "280.60010", "2014-03-31": "233.20000", "2013-12-31": "187.69980", "2013-09-30": "225.60000", "2013-06-30": "243.40000", "2013-03-31": "198.49990", "2012-12-31": "170.70020", "2012-09-30": "163.00000", "2012-06-30": "193.50010", "2012-03-31": "225.70010", "2011-12-31": "191.10020", "2011-09-30": "198.80000", "2011-06-30": "228.30020", "2011-03-31": "179.30000", "2010-12-31": "157.39990", "2010-09-30": "123.00010", "2010-06-30": "117.29980", "2010-03-31": "106.60000", "2009-12-31": "67.30010", "2009-09-30": "27.50000", "2009-06-30": "-49.50000", "2009-03-31": "5.50000", "2008-12-31": "-132.29970", "2008-09-30": "-103.90000", "2008-06-30": "118.70000", "2008-03-31": "124.80000", "2007-12-31": "116.30000", "2007-09-30": "98.29990", "2007-06-30": "113.60010", "2007-03-31": "89.90000", "2006-12-31": "12.19980", "2006-09-30": "60.60000", "2006-06-30": "107.49990", "2006-03-31": "94.29990", "2005-12-31": "90.29980", "2005-09-30": "90.50000", "2005-06-30": "58.70010", "2005-03-31": "83.60000"}, "Basic Shares Outstanding": {"2020-09-30": "206.00000", "2020-06-30": "206.00000", "2020-03-31": "205.70000", "2019-12-31": "205.70000", "2019-09-30": "205.30000", "2019-06-30": "205.70000", "2019-03-31": "206.50000", "2018-12-31": "208.20000", "2018-09-30": "207.50000", "2018-06-30": "208.60000", "2018-03-31": "209.50000", "2017-12-31": "210.40000", "2017-09-30": "209.80300", "2017-06-30": "210.57200", "2017-03-31": "211.59600", "2016-12-31": "214.37400", "2016-09-30": "212.87200", "2016-06-30": "215.73500", "2016-03-31": "217.38800", "2015-12-31": "224.41400", "2015-09-30": "224.83700", "2015-06-30": "225.35300", "2015-03-31": "225.79600", "2014-12-31": "227.15000", "2014-09-30": "227.07700", "2014-06-30": "227.67800", "2014-03-31": "227.43000", "2013-12-31": "228.60000", "2013-09-30": "227.63800", "2013-06-30": "229.49600", "2013-03-31": "230.37200", "2012-12-31": "225.30400", "2012-09-30": "228.59800", "2012-06-30": "224.27800", "2012-03-31": "216.84000", "2011-12-31": "218.45800", "2011-09-30": "217.55800", "2011-06-30": "217.52200", "2011-03-31": "221.26800", "2010-12-31": "228.31000", "2010-09-30": "225.51400", "2010-06-30": "230.72400", "2010-03-31": "232.75000", "2009-12-31": "233.04400", "2009-09-30": "233.45800", "2009-06-30": "233.12800", "2009-03-31": "232.05800", "2008-12-31": "232.01400", "2008-09-30": "231.99800", "2008-06-30": "232.50000", "2008-03-31": "232.49400", "2007-12-31": "232.00400", "2007-09-30": "231.99600", "2007-06-30": "232.20000", "2007-03-31": "231.66400", "2006-12-31": "229.61200", "2006-09-30": "229.83600", "2006-06-30": "229.31200", "2006-03-31": "228.72400", "2005-12-31": "226.83200", "2005-09-30": "227.24400", "2005-06-30": "226.02400", "2005-03-31": "225.70400"}, "Shares Outstanding": {"2020-09-30": "207.30000", "2020-06-30": "206.00000", "2020-03-31": "206.20000", "2019-12-31": "206.80000", "2019-09-30": "206.30000", "2019-06-30": "206.80000", "2019-03-31": "207.10000", "2018-12-31": "209.50000", "2018-09-30": "208.70000", "2018-06-30": "209.90000", "2018-03-31": "210.80000", "2017-12-31": "211.50000", "2017-09-30": "211.01300", "2017-06-30": "211.47800", "2017-03-31": "212.23600", "2016-12-31": "215.32800", "2016-09-30": "213.76600", "2016-06-30": "216.66300", "2016-03-31": "218.13700", "2015-12-31": "225.64800", "2015-09-30": "225.99100", "2015-06-30": "226.61500", "2015-03-31": "227.08800", "2014-12-31": "228.92400", "2014-09-30": "228.66800", "2014-06-30": "229.67000", "2014-03-31": "229.32700", "2013-12-31": "231.33700", "2013-09-30": "230.47600", "2013-06-30": "232.20200", "2013-03-31": "233.13000", "2012-12-31": "242.75400", "2012-09-30": "236.99800", "2012-06-30": "242.94600", "2012-03-31": "255.48400", "2011-12-31": "256.93600", "2011-09-30": "255.88000", "2011-06-30": "256.28400", "2011-03-31": "260.44800", "2010-12-31": "259.15000", "2010-09-30": "255.60800", "2010-06-30": "258.15600", "2010-03-31": "259.32600", "2009-12-31": "233.87800", "2009-09-30": "234.99000", "2009-06-30": "233.12800", "2009-03-31": "232.05800", "2008-12-31": "232.01400", "2008-09-30": "231.99800", "2008-06-30": "236.76400", "2008-03-31": "236.93200", "2007-12-31": "235.68000", "2007-09-30": "236.10800", "2007-06-30": "235.63200", "2007-03-31": "234.47600", "2006-12-31": "231.88400", "2006-09-30": "231.96000", "2006-06-30": "231.99200", "2006-03-31": "231.03200", "2005-12-31": "229.59200", "2005-09-30": "229.93200", "2005-06-30": "228.66800", "2005-03-31": "228.61200"}, "Basic EPS": {"2020-09-30": "0.54000", "2020-06-30": "-0.47000", "2020-03-31": "0.63000", "2019-12-31": "1.08000", "2019-09-30": "0.94000", "2019-06-30": "0.84000", "2019-03-31": "0.77000", "2018-12-31": "1.12000", "2018-09-30": "0.98000", "2018-06-30": "1.30000", "2018-03-31": "1.07000", "2017-12-31": "-0.69000", "2017-09-30": "0.88000", "2017-06-30": "1.01000", "2017-03-31": "0.89000", "2016-12-31": "0.88000", "2016-09-30": "0.39000", "2016-06-30": "0.76000", "2016-03-31": "0.75000", "2015-12-31": "0.42000", "2015-09-30": "0.70000", "2015-06-30": "0.66000", "2015-03-31": "0.79000", "2014-12-31": "0.62000", "2014-09-30": "0.73000", "2014-06-30": "0.84000", "2014-03-31": "0.70000", "2013-12-31": "0.62000", "2013-09-30": "0.73000", "2013-06-30": "0.76000", "2013-03-31": "0.62000", "2012-12-31": "0.51000", "2012-09-30": "0.44000", "2012-06-30": "0.54000", "2012-03-31": "0.73000", "2011-12-31": "0.56000", "2011-09-30": "0.65000", "2011-06-30": "0.74500", "2011-03-31": "0.56500", "2010-12-31": "0.49500", "2010-09-30": "0.47500", "2010-06-30": "0.36000", "2010-03-31": "0.32500", "2009-12-31": "0.22500", "2009-09-30": "0.07500", "2009-06-30": "-0.15500", "2009-03-31": "-0.03000", "2008-12-31": "-0.35000", "2008-09-30": "-0.56000", "2008-06-30": "0.37500", "2008-03-31": "0.38000", "2007-12-31": "0.31000", "2007-09-30": "0.36000", "2007-06-30": "0.32500", "2007-03-31": "0.25000", "2006-12-31": "0.17750", "2006-09-30": "0.17000", "2006-06-30": "0.30500", "2006-03-31": "0.26750", "2005-12-31": "0.28000", "2005-09-30": "0.27000", "2005-06-30": "0.16000", "2005-03-31": "0.34500"}, "EPS - Earnings Per Share": {"2020-09-30": "0.53000", "2020-06-30": "-0.47000", "2020-03-31": "0.63000", "2019-12-31": "1.07000", "2019-09-30": "0.94000", "2019-06-30": "0.83000", "2019-03-31": "0.77000", "2018-12-31": "1.09000", "2018-09-30": "0.98000", "2018-06-30": "1.30000", "2018-03-31": "1.07000", "2017-12-31": "-0.69000", "2017-09-30": "0.88000", "2017-06-30": "1.00000", "2017-03-31": "0.89000", "2016-12-31": "0.86000", "2016-09-30": "0.39000", "2016-06-30": "0.76000", "2016-03-31": "0.75000", "2015-12-31": "0.42000", "2015-09-30": "0.70000", "2015-06-30": "0.65000", "2015-03-31": "0.79000", "2014-12-31": "0.61000", "2014-09-30": "0.73000", "2014-06-30": "0.83000", "2014-03-31": "0.69000", "2013-12-31": "0.62000", "2013-09-30": "0.72000", "2013-06-30": "0.75000", "2013-03-31": "0.61000", "2012-12-31": "0.52500", "2012-09-30": "0.42500", "2012-06-30": "0.50000", "2012-03-31": "0.64000", "2011-12-31": "0.49000", "2011-09-30": "0.57500", "2011-06-30": "0.65500", "2011-03-31": "0.50000", "2010-12-31": "0.44500", "2010-09-30": "0.43500", "2010-06-30": "0.34000", "2010-03-31": "0.31500", "2009-12-31": "0.22500", "2009-09-30": "0.07500", "2009-06-30": "-0.15500", "2009-03-31": "-0.03000", "2008-12-31": "-0.34000", "2008-09-30": "-0.56000", "2008-06-30": "0.37000", "2008-03-31": "0.37500", "2007-12-31": "0.30500", "2007-09-30": "0.35000", "2007-06-30": "0.32000", "2007-03-31": "0.25000", "2006-12-31": "0.17750", "2006-09-30": "0.17000", "2006-06-30": "0.30250", "2006-03-31": "0.26500", "2005-12-31": "0.28000", "2005-09-30": "0.26750", "2005-06-30": "0.15750", "2005-03-31": "0.34000"}}, "balance sheet": {"Cash On Hand": {"2019-12-31": "832.00000", "2018-12-31": "739.00000", "2017-12-31": "545.30000", "2016-12-31": "443.70000", "2015-12-31": "577.70000", "2014-12-31": "797.80000", "2013-12-31": "939.50000", "2012-12-31": "715.70000", "2011-12-31": "359.60000", "2010-12-31": "449.90000", "2009-12-31": "357.40000", "2008-12-31": "103.40000", "2007-12-31": "203.10000", "2006-12-31": "182.40000", "2005-12-31": "130.30000"}, "Receivables": {"2019-12-31": "1921.00000", "2018-12-31": "1988.00000", "2017-12-31": "2018.90000", "2016-12-31": "1689.30000", "2015-12-31": "1665.00000", "2014-12-31": "1443.50000", "2013-12-31": "1248.50000", "2012-12-31": "1147.30000", "2011-12-31": "1183.00000", "2010-12-31": "1023.90000", "2009-12-31": "732.00000", "2008-12-31": "607.10000", "2007-12-31": "802.40000", "2006-12-31": "744.00000", "2005-12-31": "626.10000"}, "Inventory": {"2019-12-31": "807.00000", "2018-12-31": "781.00000", "2017-12-31": "766.30000", "2016-12-31": "641.20000", "2015-12-31": "723.60000", "2014-12-31": "505.70000", "2013-12-31": "458.10000", "2012-12-31": "447.60000", "2011-12-31": "454.30000", "2010-12-31": "430.60000", "2009-12-31": "314.30000", "2008-12-31": "451.20000", "2007-12-31": "447.60000", "2006-12-31": "386.90000", "2005-12-31": "332.00000"}, "Pre-Paid Expenses": {"2019-12-31": "276.00000", "2018-12-31": "250.00000", "2017-12-31": "145.40000", "2016-12-31": "137.40000", "2015-12-31": "168.90000", "2014-12-31": "130.20000", "2013-12-31": "83.70000", "2012-12-31": "67.50000", "2011-12-31": "82.40000", "2010-12-31": "79.70000", "2009-12-31": "87.90000", "2008-12-31": "79.00000", "2007-12-31": "84.40000", "2006-12-31": "90.50000", "2005-12-31": "52.30000"}, "Other Current Assets": {"2019-12-31": "", "2018-12-31": "47.00000", "2017-12-31": "67.30000", "2016-12-31": "", "2015-12-31": "", "2014-12-31": "", "2013-12-31": "", "2012-12-31": "", "2011-12-31": "", "2010-12-31": "", "2009-12-31": "", "2008-12-31": "", "2007-12-31": "", "2006-12-31": "", "2005-12-31": ""}, "Total Current Assets": {"2019-12-31": "3836.00000", "2018-12-31": "3805.00000", "2017-12-31": "3543.20000", "2016-12-31": "2911.60000", "2015-12-31": "3135.20000", "2014-12-31": "2970.80000", "2013-12-31": "2798.50000", "2012-12-31": "2472.80000", "2011-12-31": "2137.80000", "2010-12-31": "2059.90000", "2009-12-31": "1551.80000", "2008-12-31": "1308.20000", "2007-12-31": "1580.30000", "2006-12-31": "1437.50000", "2005-12-31": "1168.70000"}, "Property, Plant, And Equipment": {"2019-12-31": "2925.00000", "2018-12-31": "2904.00000", "2017-12-31": "2863.80000", "2016-12-31": "2501.80000", "2015-12-31": "2448.10000", "2014-12-31": "2093.90000", "2013-12-31": "1939.40000", "2012-12-31": "1788.00000", "2011-12-31": "1664.30000", "2010-12-31": "1542.60000", "2009-12-31": "1490.30000", "2008-12-31": "1586.20000", "2007-12-31": "1609.10000", "2006-12-31": "1460.70000", "2005-12-31": "1401.10000"}, "Long-Term Investments": {"2019-12-31": "318.00000", "2018-12-31": "592.00000", "2017-12-31": "547.40000", "2016-12-31": "502.20000", "2015-12-31": "460.90000", "2014-12-31": "403.30000", "2013-12-31": "405.10000", "2012-12-31": "382.70000", "2011-12-31": "345.30000", "2010-12-31": "307.90000", "2009-12-31": "257.40000", "2008-12-31": "266.50000", "2007-12-31": "255.10000", "2006-12-31": "198.00000", "2005-12-31": "197.70000"}, "Goodwill And Intangible Assets": {"2019-12-31": "2244.00000", "2018-12-31": "2292.00000", "2017-12-31": "2374.50000", "2016-12-31": "2165.70000", "2015-12-31": "2301.50000", "2014-12-31": "1356.80000", "2013-12-31": "1197.00000", "2012-12-31": "1181.40000", "2011-12-31": "1186.20000", "2010-12-31": "1113.50000", "2009-12-31": "1061.40000", "2008-12-31": "1052.40000", "2007-12-31": "1168.20000", "2006-12-31": "1086.50000", "2005-12-31": "1029.80000"}, "Other Long-Term Assets": {"2019-12-31": "379.00000", "2018-12-31": "502.00000", "2017-12-31": "458.70000", "2016-12-31": "753.40000", "2015-12-31": "480.00000", "2014-12-31": "403.20000", "2013-12-31": "577.00000", "2012-12-31": "575.90000", "2011-12-31": "625.00000", "2010-12-31": "531.10000", "2009-12-31": "450.50000", "2008-12-31": "430.70000", "2007-12-31": "345.80000", "2006-12-31": "401.30000", "2005-12-31": "292.10000"}, "Total Long-Term Assets": {"2019-12-31": "5866.00000", "2018-12-31": "6290.00000", "2017-12-31": "6244.40000", "2016-12-31": "5923.10000", "2015-12-31": "5690.50000", "2014-12-31": "4257.20000", "2013-12-31": "4118.50000", "2012-12-31": "3928.00000", "2011-12-31": "3820.80000", "2010-12-31": "3495.10000", "2009-12-31": "3259.60000", "2008-12-31": "3335.80000", "2007-12-31": "3378.20000", "2006-12-31": "3146.50000", "2005-12-31": "2920.70000"}, "Total Assets": {"2019-12-31": "9702.00000", "2018-12-31": "10095.00000", "2017-12-31": "9787.60000", "2016-12-31": "8834.70000", "2015-12-31": "8825.70000", "2014-12-31": "7228.00000", "2013-12-31": "6917.00000", "2012-12-31": "6400.80000", "2011-12-31": "5958.60000", "2010-12-31": "5555.00000", "2009-12-31": "4811.40000", "2008-12-31": "4644.00000", "2007-12-31": "4958.50000", "2006-12-31": "4584.00000", "2005-12-31": "4089.40000"}, "Total Current Liabilities": {"2019-12-31": "2329.00000", "2018-12-31": "2399.00000", "2017-12-31": "2425.20000", "2016-12-31": "2091.80000", "2015-12-31": "2357.20000", "2014-12-31": "2168.20000", "2013-12-31": "1623.90000", "2012-12-31": "1603.10000", "2011-12-31": "1905.40000", "2010-12-31": "1392.30000", "2009-12-31": "1046.20000", "2008-12-31": "1250.00000", "2007-12-31": "1083.90000", "2006-12-31": "1034.80000", "2005-12-31": "1122.10000"}, "Long Term Debt": {"2019-12-31": "1674.00000", "2018-12-31": "1941.00000", "2017-12-31": "2103.70000", "2016-12-31": "2043.60000", "2015-12-31": "2108.90000", "2014-12-31": "716.30000", "2013-12-31": "1021.00000", "2012-12-31": "823.80000", "2011-12-31": "751.30000", "2010-12-31": "1051.90000", "2009-12-31": "773.20000", "2008-12-31": "459.60000", "2007-12-31": "572.60000", "2006-12-31": "569.40000", "2005-12-31": "440.60000"}, "Other Non-Current Liabilities": {"2019-12-31": "549.00000", "2018-12-31": "1112.00000", "2017-12-31": "1131.20000", "2016-12-31": "1103.30000", "2015-12-31": "415.20000", "2014-12-31": "326.00000", "2013-12-31": "326.80000", "2012-12-31": "318.10000", "2011-12-31": "391.90000", "2010-12-31": "362.90000", "2009-12-31": "295.60000", "2008-12-31": "353.10000", "2007-12-31": "362.60000", "2006-12-31": "281.40000", "2005-12-31": "224.30000"}, "Total Long Term Liabilities": {"2019-12-31": "2529.00000", "2018-12-31": "3351.00000", "2017-12-31": "3536.50000", "2016-12-31": "3441.00000", "2015-12-31": "2837.00000", "2014-12-31": "1368.90000", "2013-12-31": "1660.70000", "2012-12-31": "1651.60000", "2011-12-31": "1600.20000", "2010-12-31": "1852.90000", "2009-12-31": "1542.50000", "2008-12-31": "1356.50000", "2007-12-31": "1553.50000", "2006-12-31": "1673.80000", "2005-12-31": "1323.10000"}, "Total Liabilities": {"2019-12-31": "4858.00000", "2018-12-31": "5750.00000", "2017-12-31": "5961.70000", "2016-12-31": "5532.80000", "2015-12-31": "5194.20000", "2014-12-31": "3537.10000", "2013-12-31": "3284.60000", "2012-12-31": "3254.70000", "2011-12-31": "3505.60000", "2010-12-31": "3245.20000", "2009-12-31": "2588.70000", "2008-12-31": "2606.50000", "2007-12-31": "2637.40000", "2006-12-31": "2708.60000", "2005-12-31": "2445.20000"}, "Common Stock Net": {"2019-12-31": "3.00000", "2018-12-31": "3.00000", "2017-12-31": "2.50000", "2016-12-31": "2.50000", "2015-12-31": "2.50000", "2014-12-31": "2.50000", "2013-12-31": "2.50000", "2012-12-31": "1.20000", "2011-12-31": "1.20000", "2010-12-31": "1.20000", "2009-12-31": "1.20000", "2008-12-31": "1.20000", "2007-12-31": "1.20000", "2006-12-31": "0.60000", "2005-12-31": "0.60000"}, "Retained Earnings (Accumulated Deficit)": {"2019-12-31": "5942.00000", "2018-12-31": "5336.00000", "2017-12-31": "4531.00000", "2016-12-31": "4215.20000", "2015-12-31": "4210.10000", "2014-12-31": "3717.10000", "2013-12-31": "3177.40000", "2012-12-31": "2611.20000", "2011-12-31": "2110.30000", "2010-12-31": "1560.20000", "2009-12-31": "1193.40000", "2008-12-31": "1200.50000", "2007-12-31": "1295.90000", "2006-12-31": "1064.10000", "2005-12-31": "889.20000"}, "Comprehensive Income": {"2019-12-31": "-727.00000", "2018-12-31": "-674.00000", "2017-12-31": "-490.00000", "2016-12-31": "-722.10000", "2015-12-31": "-610.20000", "2014-12-31": "-383.60000", "2013-12-31": "-14.00000", "2012-12-31": "-121.30000", "2011-12-31": "-150.80000", "2010-12-31": "-53.70000", "2009-12-31": "14.50000", "2008-12-31": "-85.90000", "2007-12-31": "127.10000", "2006-12-31": "-60.30000", "2005-12-31": "-73.10000"}, "Other Share Holders Equity": {"2019-12-31": "", "2018-12-31": "", "2017-12-31": "", "2016-12-31": "", "2015-12-31": "", "2014-12-31": "", "2013-12-31": "", "2012-12-31": "", "2011-12-31": "", "2010-12-31": "", "2009-12-31": "", "2008-12-31": "", "2007-12-31": "", "2006-12-31": "", "2005-12-31": ""}, "Share Holder Equity": {"2019-12-31": "4844.00000", "2018-12-31": "4345.00000", "2017-12-31": "3825.90000", "2016-12-31": "3301.90000", "2015-12-31": "3631.50000", "2014-12-31": "3690.90000", "2013-12-31": "3632.40000", "2012-12-31": "3146.10000", "2011-12-31": "2453.00000", "2010-12-31": "2309.80000", "2009-12-31": "2222.70000", "2008-12-31": "2037.50000", "2007-12-31": "2321.10000", "2006-12-31": "1875.40000", "2005-12-31": "1644.20000"}, "Total Liabilities And Share Holders Equity": {"2019-12-31": "9702.00000", "2018-12-31": "10095.00000", "2017-12-31": "9787.60000", "2016-12-31": "8834.70000", "2015-12-31": "8825.70000", "2014-12-31": "7228.00000", "2013-12-31": "6917.00000", "2012-12-31": "6400.80000", "2011-12-31": "5958.60000", "2010-12-31": "5555.00000", "2009-12-31": "4811.40000", "2008-12-31": "4644.00000", "2007-12-31": "4958.50000", "2006-12-31": "4584.00000", "2005-12-31": "4089.40000"}}, "balance sheet, quarterly": {"Cash On Hand": {"2020-09-30": "2121.00000", "2020-06-30": "2003.00000", "2020-03-31": "901.00000", "2019-12-31": "832.00000", "2019-09-30": "916.00000", "2019-06-30": "710.00000", "2019-03-31": "517.00000", "2018-12-31": "739.00000", "2018-09-30": "361.80000", "2018-06-30": "361.90000", "2018-03-31": "409.70000", "2017-12-31": "545.30000", "2017-09-30": "414.30000", "2017-06-30": "387.10000", "2017-03-31": "358.40000", "2016-12-31": "443.70000", "2016-09-30": "518.70000", "2016-06-30": "495.00000", "2016-03-31": "392.30000", "2015-12-31": "577.70000", "2015-09-30": "1033.30000", "2015-06-30": "1107.90000", "2015-03-31": "1035.50000", "2014-12-31": "797.80000", "2014-09-30": "782.80000", "2014-06-30": "771.40000", "2014-03-31": "808.10000", "2013-12-31": "939.50000", "2013-09-30": "920.40000", "2013-06-30": "817.00000", "2013-03-31": "695.40000", "2012-12-31": "715.70000", "2012-09-30": "621.50000", "2012-06-30": "481.90000", "2012-03-31": "396.90000", "2011-12-31": "359.60000", "2011-09-30": "377.00000", "2011-06-30": "372.40000", "2011-03-31": "222.90000", "2010-12-31": "449.90000", "2010-09-30": "432.20000", "2010-06-30": "187.50000", "2010-03-31": "374.10000", "2009-12-31": "357.40000", "2009-09-30": "258.80000", "2009-06-30": "256.90000", "2009-03-31": "90.80000", "2008-12-31": "103.40000", "2008-09-30": "135.80000", "2008-06-30": "225.90000", "2008-03-31": "215.20000", "2007-12-31": "203.10000", "2007-09-30": "176.30000", "2007-06-30": "176.90000", "2007-03-31": "176.10000", "2006-12-31": "182.40000", "2006-09-30": "138.30000", "2006-06-30": "128.60000", "2006-03-31": "122.60000", "2005-12-31": "130.30000", "2005-09-30": "139.50000", "2005-06-30": "146.60000", "2005-03-31": "163.20000"}, "Receivables": {"2020-09-30": "1977.00000", "2020-06-30": "1535.00000", "2020-03-31": "1735.00000", "2019-12-31": "1921.00000", "2019-09-30": "1983.00000", "2019-06-30": "2063.00000", "2019-03-31": "2065.00000", "2018-12-31": "1988.00000", "2018-09-30": "2061.10000", "2018-06-30": "2131.00000", "2018-03-31": "2247.10000", "2017-12-31": "2018.90000", "2017-09-30": "2046.10000", "2017-06-30": "1939.30000", "2017-03-31": "1934.30000", "2016-12-31": "1689.30000", "2016-09-30": "1764.00000", "2016-06-30": "1806.90000", "2016-03-31": "1861.20000", "2015-12-31": "1665.00000", "2015-09-30": "1551.50000", "2015-06-30": "1573.00000", "2015-03-31": "1564.70000", "2014-12-31": "1443.50000", "2014-09-30": "1466.10000", "2014-06-30": "1571.70000", "2014-03-31": "1546.10000", "2013-12-31": "1248.50000", "2013-09-30": "1347.50000", "2013-06-30": "1339.70000", "2013-03-31": "1318.40000", "2012-12-31": "1147.30000", "2012-09-30": "1261.40000", "2012-06-30": "1327.70000", "2012-03-31": "1369.40000", "2011-12-31": "1183.00000", "2011-09-30": "1237.90000", "2011-06-30": "1269.90000", "2011-03-31": "1278.40000", "2010-12-31": "1023.90000", "2010-09-30": "1064.40000", "2010-06-30": "977.40000", "2010-03-31": "885.20000", "2009-12-31": "732.00000", "2009-09-30": "779.60000", "2009-06-30": "681.10000", "2009-03-31": "622.10000", "2008-12-31": "607.10000", "2008-09-30": "849.10000", "2008-06-30": "951.10000", "2008-03-31": "955.10000", "2007-12-31": "802.40000", "2007-09-30": "870.10000", "2007-06-30": "848.30000", "2007-03-31": "795.40000", "2006-12-31": "744.00000", "2006-09-30": "695.60000", "2006-06-30": "716.70000", "2006-03-31": "703.60000", "2005-12-31": "626.10000", "2005-09-30": "660.80000", "2005-06-30": "640.60000", "2005-03-31": "654.70000"}, "Inventory": {"2020-09-30": "815.00000", "2020-06-30": "836.00000", "2020-03-31": "847.00000", "2019-12-31": "807.00000", "2019-09-30": "810.00000", "2019-06-30": "817.00000", "2019-03-31": "807.00000", "2018-12-31": "781.00000", "2018-09-30": "810.30000", "2018-06-30": "800.20000", "2018-03-31": "800.40000", "2017-12-31": "766.30000", "2017-09-30": "773.40000", "2017-06-30": "701.40000", "2017-03-31": "656.90000", "2016-12-31": "641.20000", "2016-09-30": "687.20000", "2016-06-30": "744.60000", "2016-03-31": "756.30000", "2015-12-31": "723.60000", "2015-09-30": "523.10000", "2015-06-30": "525.70000", "2015-03-31": "506.30000", "2014-12-31": "505.70000", "2014-09-30": "531.80000", "2014-06-30": "528.00000", "2014-03-31": "516.90000", "2013-12-31": "458.10000", "2013-09-30": "454.70000", "2013-06-30": "439.20000", "2013-03-31": "449.50000", "2012-12-31": "447.60000", "2012-09-30": "475.30000", "2012-06-30": "472.70000", "2012-03-31": "480.80000", "2011-12-31": "454.30000", "2011-09-30": "482.40000", "2011-06-30": "495.50000", "2011-03-31": "490.70000", "2010-12-31": "430.60000", "2010-09-30": "442.00000", "2010-06-30": "378.80000", "2010-03-31": "350.30000", "2009-12-31": "314.30000", "2009-09-30": "314.60000", "2009-06-30": "313.50000", "2009-03-31": "352.40000", "2008-12-31": "451.20000", "2008-09-30": "499.70000", "2008-06-30": "498.30000", "2008-03-31": "471.80000", "2007-12-31": "447.60000", "2007-09-30": "450.90000", "2007-06-30": "424.60000", "2007-03-31": "425.00000", "2006-12-31": "386.90000", "2006-09-30": "379.90000", "2006-06-30": "357.30000", "2006-03-31": "341.30000", "2005-12-31": "332.00000", "2005-09-30": "347.80000", "2005-06-30": "351.20000", "2005-03-31": "331.00000"}, "Pre-Paid Expenses": {"2020-09-30": "252.00000", "2020-06-30": "267.00000", "2020-03-31": "258.00000", "2019-12-31": "276.00000", "2019-09-30": "278.00000", "2019-06-30": "259.00000", "2019-03-31": "280.00000", "2018-12-31": "250.00000", "2018-09-30": "192.90000", "2018-06-30": "185.10000", "2018-03-31": "171.00000", "2017-12-31": "145.40000", "2017-09-30": "167.30000", "2017-06-30": "165.40000", "2017-03-31": "157.70000", "2016-12-31": "137.40000", "2016-09-30": "147.50000", "2016-06-30": "160.40000", "2016-03-31": "172.60000", "2015-12-31": "168.90000", "2015-09-30": "137.10000", "2015-06-30": "145.00000", "2015-03-31": "139.00000", "2014-12-31": "130.20000", "2014-09-30": "121.40000", "2014-06-30": "113.20000", "2014-03-31": "98.70000", "2013-12-31": "83.70000", "2013-09-30": "98.30000", "2013-06-30": "82.90000", "2013-03-31": "77.50000", "2012-12-31": "67.50000", "2012-09-30": "101.60000", "2012-06-30": "100.70000", "2012-03-31": "93.30000", "2011-12-31": "82.40000", "2011-09-30": "90.40000", "2011-06-30": "88.60000", "2011-03-31": "88.80000", "2010-12-31": "79.70000", "2010-09-30": "86.20000", "2010-06-30": "92.00000", "2010-03-31": "97.40000", "2009-12-31": "87.90000", "2009-09-30": "94.00000", "2009-06-30": "81.30000", "2009-03-31": "61.40000", "2008-12-31": "79.00000", "2008-09-30": "88.50000", "2008-06-30": "89.30000", "2008-03-31": "78.20000", "2007-12-31": "84.40000", "2007-09-30": "98.00000", "2007-06-30": "95.60000", "2007-03-31": "101.10000", "2006-12-31": "90.50000", "2006-09-30": "131.00000", "2006-06-30": "53.00000", "2006-03-31": "48.80000", "2005-12-31": "52.30000", "2005-09-30": "90.20000", "2005-06-30": "83.40000", "2005-03-31": "78.60000"}, "Other Current Assets": {"2020-09-30": "", "2020-06-30": "", "2020-03-31": "", "2019-12-31": "", "2019-09-30": "", "2019-06-30": "", "2019-03-31": "50.00000", "2018-12-31": "47.00000", "2018-09-30": "64.50000", "2018-06-30": "65.50000", "2018-03-31": "69.60000", "2017-12-31": "67.30000", "2017-09-30": "", "2017-06-30": "", "2017-03-31": "", "2016-12-31": "", "2016-09-30": "171.80000", "2016-06-30": "", "2016-03-31": "", "2015-12-31": "", "2015-09-30": "", "2015-06-30": "", "2015-03-31": "", "2014-12-31": "", "2014-09-30": "", "2014-06-30": "", "2014-03-31": "", "2013-12-31": "", "2013-09-30": "", "2013-06-30": "", "2013-03-31": "", "2012-12-31": "", "2012-09-30": "", "2012-06-30": "", "2012-03-31": "", "2011-12-31": "", "2011-09-30": "", "2011-06-30": "", "2011-03-31": "", "2010-12-31": "", "2010-09-30": "", "2010-06-30": "", "2010-03-31": "", "2009-12-31": "", "2009-09-30": "", "2009-06-30": "", "2009-03-31": "", "2008-12-31": "", "2008-09-30": "", "2008-06-30": "", "2008-03-31": "", "2007-12-31": "", "2007-09-30": "", "2007-06-30": "", "2007-03-31": "", "2006-12-31": "", "2006-09-30": "", "2006-06-30": "", "2006-03-31": "", "2005-12-31": "", "2005-09-30": "", "2005-06-30": "", "2005-03-31": ""}, "Total Current Assets": {"2020-09-30": "5165.00000", "2020-06-30": "4641.00000", "2020-03-31": "3741.00000", "2019-12-31": "3836.00000", "2019-09-30": "3987.00000", "2019-06-30": "3849.00000", "2019-03-31": "3719.00000", "2018-12-31": "3805.00000", "2018-09-30": "3490.60000", "2018-06-30": "3543.70000", "2018-03-31": "3697.80000", "2017-12-31": "3543.20000", "2017-09-30": "3401.10000", "2017-06-30": "3193.20000", "2017-03-31": "3107.30000", "2016-12-31": "2911.60000", "2016-09-30": "3289.20000", "2016-06-30": "3206.90000", "2016-03-31": "3182.40000", "2015-12-31": "3135.20000", "2015-09-30": "3301.00000", "2015-06-30": "3401.40000", "2015-03-31": "3325.40000", "2014-12-31": "2970.80000", "2014-09-30": "2951.80000", "2014-06-30": "3037.30000", "2014-03-31": "3021.30000", "2013-12-31": "2798.50000", "2013-09-30": "2906.20000", "2013-06-30": "2736.90000", "2013-03-31": "2601.50000", "2012-12-31": "2472.80000", "2012-09-30": "2493.60000", "2012-06-30": "2420.50000", "2012-03-31": "2410.00000", "2011-12-31": "2137.80000", "2011-09-30": "2267.70000", "2011-06-30": "2305.70000", "2011-03-31": "2153.70000", "2010-12-31": "2059.90000", "2010-09-30": "2103.70000", "2010-06-30": "1702.30000", "2010-03-31": "1759.00000", "2009-12-31": "1551.80000", "2009-09-30": "1504.90000", "2009-06-30": "1394.80000", "2009-03-31": "1188.40000", "2008-12-31": "1308.20000", "2008-09-30": "1625.00000", "2008-06-30": "1812.10000", "2008-03-31": "1767.10000", "2007-12-31": "1580.30000", "2007-09-30": "1635.60000", "2007-06-30": "1582.10000", "2007-03-31": "1534.50000", "2006-12-31": "1437.50000", "2006-09-30": "1344.80000", "2006-06-30": "1291.10000", "2006-03-31": "1252.80000", "2005-12-31": "1168.70000", "2005-09-30": "1238.30000", "2005-06-30": "1221.80000", "2005-03-31": "1227.50000"}, "Property, Plant, And Equipment": {"2020-09-30": "2824.00000", "2020-06-30": "2781.00000", "2020-03-31": "2839.00000", "2019-12-31": "2925.00000", "2019-09-30": "2812.00000", "2019-06-30": "2891.00000", "2019-03-31": "2895.00000", "2018-12-31": "2904.00000", "2018-09-30": "2827.80000", "2018-06-30": "2825.70000", "2018-03-31": "2923.80000", "2017-12-31": "2863.80000", "2017-09-30": "2753.70000", "2017-06-30": "2663.80000", "2017-03-31": "2553.10000", "2016-12-31": "2501.80000", "2016-09-30": "2518.50000", "2016-06-30": "2502.80000", "2016-03-31": "2498.90000", "2015-12-31": "2448.10000", "2015-09-30": "2185.20000", "2015-06-30": "2160.50000", "2015-03-31": "2049.90000", "2014-12-31": "2093.90000", "2014-09-30": "2067.40000", "2014-06-30": "2089.30000", "2014-03-31": "2027.80000", "2013-12-31": "1939.40000", "2013-09-30": "1875.40000", "2013-06-30": "1796.30000", "2013-03-31": "1765.20000", "2012-12-31": "1788.00000", "2012-09-30": "1698.70000", "2012-06-30": "1672.70000", "2012-03-31": "1696.40000", "2011-12-31": "1664.30000", "2011-09-30": "1637.20000", "2011-06-30": "1681.40000", "2011-03-31": "1623.20000", "2010-12-31": "1542.60000", "2010-09-30": "1509.10000", "2010-06-30": "1405.90000", "2010-03-31": "1436.40000", "2009-12-31": "1490.30000", "2009-09-30": "1525.00000", "2009-06-30": "1502.10000", "2009-03-31": "1510.10000", "2008-12-31": "1586.20000", "2008-09-30": "1611.40000", "2008-06-30": "1701.80000", "2008-03-31": "1672.20000", "2007-12-31": "1609.10000", "2007-09-30": "1524.90000", "2007-06-30": "1476.70000", "2007-03-31": "1460.60000", "2006-12-31": "1460.70000", "2006-09-30": "1350.80000", "2006-06-30": "1340.10000", "2006-03-31": "1301.50000", "2005-12-31": "1401.10000", "2005-09-30": "1257.00000", "2005-06-30": "1257.60000", "2005-03-31": "1299.70000"}, "Long-Term Investments": {"2020-09-30": "305.00000", "2020-06-30": "315.00000", "2020-03-31": "315.00000", "2019-12-31": "318.00000", "2019-09-30": "694.00000", "2019-06-30": "690.00000", "2019-03-31": "617.00000", "2018-12-31": "592.00000", "2018-09-30": "610.30000", "2018-06-30": "610.50000", "2018-03-31": "581.80000", "2017-12-31": "547.40000", "2017-09-30": "559.50000", "2017-06-30": "528.60000", "2017-03-31": "530.00000", "2016-12-31": "502.20000", "2016-09-30": "512.70000", "2016-06-30": "508.90000", "2016-03-31": "487.70000", "2015-12-31": "460.90000", "2015-09-30": "438.50000", "2015-06-30": "437.50000", "2015-03-31": "422.50000", "2014-12-31": "403.30000", "2014-09-30": "460.80000", "2014-06-30": "469.90000", "2014-03-31": "440.20000", "2013-12-31": "405.10000", "2013-09-30": "402.30000", "2013-06-30": "392.20000", "2013-03-31": "377.50000", "2012-12-31": "382.70000", "2012-09-30": "380.70000", "2012-06-30": "363.70000", "2012-03-31": "345.60000", "2011-12-31": "345.30000", "2011-09-30": "354.80000", "2011-06-30": "336.80000", "2011-03-31": "319.50000", "2010-12-31": "307.90000", "2010-09-30": "310.30000", "2010-06-30": "290.00000", "2010-03-31": "264.90000", "2009-12-31": "257.40000", "2009-09-30": "247.20000", "2009-06-30": "232.80000", "2009-03-31": "243.00000", "2008-12-31": "266.50000", "2008-09-30": "248.60000", "2008-06-30": "253.70000", "2008-03-31": "272.00000", "2007-12-31": "255.10000", "2007-09-30": "243.20000", "2007-06-30": "218.80000", "2007-03-31": "215.80000", "2006-12-31": "198.00000", "2006-09-30": "209.30000", "2006-06-30": "209.40000", "2006-03-31": "215.90000", "2005-12-31": "197.70000", "2005-09-30": "204.60000", "2005-06-30": "200.60000", "2005-03-31": "200.20000"}, "Goodwill And Intangible Assets": {"2020-09-30": "2226.00000", "2020-06-30": "2205.00000", "2020-03-31": "2201.00000", "2019-12-31": "2244.00000", "2019-09-30": "2222.00000", "2019-06-30": "2266.00000", "2019-03-31": "2281.00000", "2018-12-31": "2292.00000", "2018-09-30": "2306.60000", "2018-06-30": "2320.00000", "2018-03-31": "2375.80000", "2017-12-31": "2374.50000", "2017-09-30": "2391.50000", "2017-06-30": "2188.50000", "2017-03-31": "2163.80000", "2016-12-31": "2165.70000", "2016-09-30": "2224.90000", "2016-06-30": "2292.30000", "2016-03-31": "2313.20000", "2015-12-31": "2301.50000", "2015-09-30": "1183.70000", "2015-06-30": "1184.90000", "2015-03-31": "1168.60000", "2014-12-31": "1356.80000", "2014-09-30": "1210.80000", "2014-06-30": "1243.90000", "2014-03-31": "1244.80000", "2013-12-31": "1197.00000", "2013-09-30": "1190.30000", "2013-06-30": "1172.20000", "2013-03-31": "1170.00000", "2012-12-31": "1181.40000", "2012-09-30": "1172.30000", "2012-06-30": "1161.80000", "2012-03-31": "1200.50000", "2011-12-31": "1186.20000", "2011-09-30": "1203.50000", "2011-06-30": "1240.70000", "2011-03-31": "1231.70000", "2010-12-31": "1113.50000", "2010-09-30": "1120.00000", "2010-06-30": "1080.70000", "2010-03-31": "1041.20000", "2009-12-31": "1061.40000", "2009-09-30": "1068.60000", "2009-06-30": "1057.30000", "2009-03-31": "1038.10000", "2008-12-31": "1052.40000", "2008-09-30": "1067.70000", "2008-06-30": "1270.70000", "2008-03-31": "1199.80000", "2007-12-31": "1168.20000", "2007-09-30": "1113.10000", "2007-06-30": "1095.40000", "2007-03-31": "1090.50000", "2006-12-31": "1086.50000", "2006-09-30": "1102.50000", "2006-06-30": "1052.90000", "2006-03-31": "1036.80000", "2005-12-31": "1029.80000", "2005-09-30": "1016.60000", "2005-06-30": "1018.00000", "2005-03-31": "1037.30000"}, "Other Long-Term Assets": {"2020-09-30": "372.00000", "2020-06-30": "395.00000", "2020-03-31": "406.00000", "2019-12-31": "379.00000", "2019-09-30": "484.00000", "2019-06-30": "535.00000", "2019-03-31": "592.00000", "2018-12-31": "502.00000", "2018-09-30": "481.10000", "2018-06-30": "477.30000", "2018-03-31": "455.60000", "2017-12-31": "458.70000", "2017-09-30": "710.40000", "2017-06-30": "714.40000", "2017-03-31": "729.50000", "2016-12-31": "753.40000", "2016-09-30": "462.00000", "2016-06-30": "477.70000", "2016-03-31": "458.50000", "2015-12-31": "480.00000", "2015-09-30": "578.70000", "2015-06-30": "582.00000", "2015-03-31": "556.20000", "2014-12-31": "403.20000", "2014-09-30": "591.50000", "2014-06-30": "616.60000", "2014-03-31": "623.70000", "2013-12-31": "577.00000", "2013-09-30": "590.10000", "2013-06-30": "607.80000", "2013-03-31": "614.70000", "2012-12-31": "575.90000", "2012-09-30": "601.20000", "2012-06-30": "602.00000", "2012-03-31": "628.80000", "2011-12-31": "625.00000", "2011-09-30": "631.10000", "2011-06-30": "661.40000", "2011-03-31": "678.90000", "2010-12-31": "531.10000", "2010-09-30": "534.60000", "2010-06-30": "490.30000", "2010-03-31": "464.70000", "2009-12-31": "450.50000", "2009-09-30": "445.50000", "2009-06-30": "424.00000", "2009-03-31": "374.10000", "2008-12-31": "430.70000", "2008-09-30": "333.30000", "2008-06-30": "403.10000", "2008-03-31": "376.10000", "2007-12-31": "345.80000", "2007-09-30": "337.40000", "2007-06-30": "402.60000", "2007-03-31": "403.90000", "2006-12-31": "401.30000", "2006-09-30": "274.70000", "2006-06-30": "284.40000", "2006-03-31": "285.20000", "2005-12-31": "292.10000", "2005-09-30": "342.70000", "2005-06-30": "343.80000", "2005-03-31": "346.40000"}, "Total Long-Term Assets": {"2020-09-30": "5727.00000", "2020-06-30": "5696.00000", "2020-03-31": "5761.00000", "2019-12-31": "5866.00000", "2019-09-30": "6212.00000", "2019-06-30": "6382.00000", "2019-03-31": "6385.00000", "2018-12-31": "6290.00000", "2018-09-30": "6225.80000", "2018-06-30": "6233.50000", "2018-03-31": "6337.00000", "2017-12-31": "6244.40000", "2017-09-30": "6415.10000", "2017-06-30": "6095.30000", "2017-03-31": "5976.40000", "2016-12-31": "5923.10000", "2016-09-30": "5718.10000", "2016-06-30": "5781.70000", "2016-03-31": "5758.30000", "2015-12-31": "5690.50000", "2015-09-30": "4386.10000", "2015-06-30": "4364.90000", "2015-03-31": "4197.20000", "2014-12-31": "4257.20000", "2014-09-30": "4330.50000", "2014-06-30": "4419.70000", "2014-03-31": "4336.50000", "2013-12-31": "4118.50000", "2013-09-30": "4058.10000", "2013-06-30": "3968.50000", "2013-03-31": "3927.40000", "2012-12-31": "3928.00000", "2012-09-30": "3852.90000", "2012-06-30": "3800.20000", "2012-03-31": "3871.30000", "2011-12-31": "3820.80000", "2011-09-30": "3826.60000", "2011-06-30": "3920.30000", "2011-03-31": "3853.30000", "2010-12-31": "3495.10000", "2010-09-30": "3474.00000", "2010-06-30": "3266.90000", "2010-03-31": "3207.20000", "2009-12-31": "3259.60000", "2009-09-30": "3286.30000", "2009-06-30": "3216.20000", "2009-03-31": "3165.30000", "2008-12-31": "3335.80000", "2008-09-30": "3261.00000", "2008-06-30": "3629.30000", "2008-03-31": "3520.10000", "2007-12-31": "3378.20000", "2007-09-30": "3218.60000", "2007-06-30": "3193.50000", "2007-03-31": "3170.80000", "2006-12-31": "3146.50000", "2006-09-30": "3032.30000", "2006-06-30": "3006.20000", "2006-03-31": "2953.40000", "2005-12-31": "2920.70000", "2005-09-30": "2921.50000", "2005-06-30": "2915.10000", "2005-03-31": "2978.90000"}, "Total Assets": {"2020-09-30": "10892.00000", "2020-06-30": "10337.00000", "2020-03-31": "9502.00000", "2019-12-31": "9702.00000", "2019-09-30": "10199.00000", "2019-06-30": "10231.00000", "2019-03-31": "10104.00000", "2018-12-31": "10095.00000", "2018-09-30": "9716.40000", "2018-06-30": "9777.20000", "2018-03-31": "10034.80000", "2017-12-31": "9787.60000", "2017-09-30": "9816.20000", "2017-06-30": "9288.50000", "2017-03-31": "9083.70000", "2016-12-31": "8834.70000", "2016-09-30": "9007.30000", "2016-06-30": "8988.60000", "2016-03-31": "8940.70000", "2015-12-31": "8825.70000", "2015-09-30": "7687.10000", "2015-06-30": "7766.30000", "2015-03-31": "7522.60000", "2014-12-31": "7228.00000", "2014-09-30": "7282.30000", "2014-06-30": "7457.00000", "2014-03-31": "7357.80000", "2013-12-31": "6917.00000", "2013-09-30": "6964.30000", "2013-06-30": "6705.40000", "2013-03-31": "6528.90000", "2012-12-31": "6400.80000", "2012-09-30": "6346.50000", "2012-06-30": "6220.70000", "2012-03-31": "6281.30000", "2011-12-31": "5958.60000", "2011-09-30": "6094.30000", "2011-06-30": "6226.00000", "2011-03-31": "6007.00000", "2010-12-31": "5555.00000", "2010-09-30": "5577.70000", "2010-06-30": "4969.20000", "2010-03-31": "4966.20000", "2009-12-31": "4811.40000", "2009-09-30": "4791.20000", "2009-06-30": "4611.00000", "2009-03-31": "4353.70000", "2008-12-31": "4644.00000", "2008-09-30": "4886.00000", "2008-06-30": "5441.40000", "2008-03-31": "5287.20000", "2007-12-31": "4958.50000", "2007-09-30": "4854.20000", "2007-06-30": "4775.60000", "2007-03-31": "4705.30000", "2006-12-31": "4584.00000", "2006-09-30": "4377.10000", "2006-06-30": "4297.30000", "2006-03-31": "4206.20000", "2005-12-31": "4089.40000", "2005-09-30": "4159.80000", "2005-06-30": "4136.90000", "2005-03-31": "4206.40000"}, "Total Current Liabilities": {"2020-09-30": "2199.00000", "2020-06-30": "1970.00000", "2020-03-31": "2124.00000", "2019-12-31": "2329.00000", "2019-09-30": "2525.00000", "2019-06-30": "2313.00000", "2019-03-31": "2299.00000", "2018-12-31": "2399.00000", "2018-09-30": "2099.60000", "2018-06-30": "2236.30000", "2018-03-31": "2436.60000", "2017-12-31": "2425.20000", "2017-09-30": "2381.20000", "2017-06-30": "2106.10000", "2017-03-31": "2151.20000", "2016-12-31": "2091.80000", "2016-09-30": "2445.10000", "2016-06-30": "2399.80000", "2016-03-31": "2310.40000", "2015-12-31": "2357.20000", "2015-09-30": "1539.80000", "2015-06-30": "1635.60000", "2015-03-31": "1601.50000", "2014-12-31": "2168.20000", "2014-09-30": "2122.80000", "2014-06-30": "2170.70000", "2014-03-31": "1910.90000", "2013-12-31": "1623.90000", "2013-09-30": "1674.70000", "2013-06-30": "1716.60000", "2013-03-31": "1583.20000", "2012-12-31": "1603.10000", "2012-09-30": "1568.40000", "2012-06-30": "1513.30000", "2012-03-31": "1881.20000", "2011-12-31": "1905.40000", "2011-09-30": "1924.10000", "2011-06-30": "1936.60000", "2011-03-31": "1532.50000", "2010-12-31": "1392.30000", "2010-09-30": "1421.60000", "2010-06-30": "1382.30000", "2010-03-31": "1185.10000", "2009-12-31": "1046.20000", "2009-09-30": "1054.60000", "2009-06-30": "985.10000", "2009-03-31": "1111.00000", "2008-12-31": "1250.00000", "2008-09-30": "1367.60000", "2008-06-30": "1348.40000", "2008-03-31": "1336.40000", "2007-12-31": "1083.90000", "2007-09-30": "1034.20000", "2007-06-30": "1048.30000", "2007-03-31": "1052.40000", "2006-12-31": "1034.80000", "2006-09-30": "1075.90000", "2006-06-30": "1082.60000", "2006-03-31": "1077.10000", "2005-12-31": "1122.10000", "2005-09-30": "953.60000", "2005-06-30": "977.20000", "2005-03-31": "968.70000"}, "Long Term Debt": {"2020-09-30": "2787.00000", "2020-06-30": "2762.00000", "2020-03-31": "1664.00000", "2019-12-31": "1674.00000", "2019-09-30": "1656.00000", "2019-06-30": "1929.00000", "2019-03-31": "1923.00000", "2018-12-31": "1941.00000", "2018-09-30": "2085.60000", "2018-06-30": "2102.50000", "2018-03-31": "2131.50000", "2017-12-31": "2103.70000", "2017-09-30": "2091.90000", "2017-06-30": "2077.90000", "2017-03-31": "2040.30000", "2016-12-31": "2043.60000", "2016-09-30": "2089.90000", "2016-06-30": "2119.50000", "2016-03-31": "2131.90000", "2015-12-31": "2108.90000", "2015-09-30": "1734.50000", "2015-06-30": "1731.70000", "2015-03-31": "1730.60000", "2014-12-31": "716.30000", "2014-09-30": "705.80000", "2014-06-30": "704.20000", "2014-03-31": "1027.60000", "2013-12-31": "1021.00000", "2013-09-30": "1018.60000", "2013-06-30": "913.30000", "2013-03-31": "971.40000", "2012-12-31": "823.80000", "2012-09-30": "866.30000", "2012-06-30": "956.20000", "2012-03-31": "848.70000", "2011-12-31": "751.30000", "2011-09-30": "867.20000", "2011-06-30": "919.50000", "2011-03-31": "1259.50000", "2010-12-31": "1051.90000", "2010-09-30": "1045.10000", "2010-06-30": "780.60000", "2010-03-31": "774.00000", "2009-12-31": "773.20000", "2009-09-30": "770.90000", "2009-06-30": "766.20000", "2009-03-31": "466.50000", "2008-12-31": "459.60000", "2008-09-30": "431.30000", "2008-06-30": "431.10000", "2008-03-31": "446.70000", "2007-12-31": "572.60000", "2007-09-30": "564.40000", "2007-06-30": "557.60000", "2007-03-31": "581.60000", "2006-12-31": "569.40000", "2006-09-30": "512.50000", "2006-06-30": "451.50000", "2006-03-31": "510.90000", "2005-12-31": "440.60000", "2005-09-30": "626.60000", "2005-06-30": "643.60000", "2005-03-31": "684.70000"}, "Other Non-Current Liabilities": {"2020-09-30": "698.00000", "2020-06-30": "543.00000", "2020-03-31": "548.00000", "2019-12-31": "549.00000", "2019-09-30": "1167.00000", "2019-06-30": "1204.00000", "2019-03-31": "1205.00000", "2018-12-31": "1112.00000", "2018-09-30": "1091.60000", "2018-06-30": "1100.00000", "2018-03-31": "1150.70000", "2017-12-31": "1131.20000", "2017-09-30": "1125.10000", "2017-06-30": "1121.80000", "2017-03-31": "1120.50000", "2016-12-31": "1103.30000", "2016-09-30": "387.90000", "2016-06-30": "410.50000", "2016-03-31": "423.70000", "2015-12-31": "415.20000", "2015-09-30": "318.20000", "2015-06-30": "336.50000", "2015-03-31": "313.00000", "2014-12-31": "326.00000", "2014-09-30": "358.40000", "2014-06-30": "380.60000", "2014-03-31": "368.30000", "2013-12-31": "326.80000", "2013-09-30": "328.60000", "2013-06-30": "316.90000", "2013-03-31": "309.00000", "2012-12-31": "318.10000", "2012-09-30": "357.00000", "2012-06-30": "365.60000", "2012-03-31": "373.10000", "2011-12-31": "391.90000", "2011-09-30": "402.10000", "2011-06-30": "421.40000", "2011-03-31": "413.80000", "2010-12-31": "362.90000", "2010-09-30": "348.50000", "2010-06-30": "298.70000", "2010-03-31": "296.10000", "2009-12-31": "295.60000", "2009-09-30": "310.60000", "2009-06-30": "303.50000", "2009-03-31": "321.50000", "2008-12-31": "353.10000", "2008-09-30": "392.80000", "2008-06-30": "570.10000", "2008-03-31": "394.80000", "2007-12-31": "362.60000", "2007-09-30": "324.60000", "2007-06-30": "315.40000", "2007-03-31": "302.20000", "2006-12-31": "281.40000", "2006-09-30": "222.90000", "2006-06-30": "239.50000", "2006-03-31": "218.50000", "2005-12-31": "224.30000", "2005-09-30": "281.80000", "2005-06-30": "282.80000", "2005-03-31": "317.40000"}, "Total Long Term Liabilities": {"2020-09-30": "3775.00000", "2020-06-30": "3604.00000", "2020-03-31": "2514.00000", "2019-12-31": "2529.00000", "2019-09-30": "3096.00000", "2019-06-30": "3416.00000", "2019-03-31": "3420.00000", "2018-12-31": "3351.00000", "2018-09-30": "3446.60000", "2018-06-30": "3486.90000", "2018-03-31": "3582.40000", "2017-12-31": "3536.50000", "2017-09-30": "3518.70000", "2017-06-30": "3490.50000", "2017-03-31": "3452.80000", "2016-12-31": "3441.00000", "2016-09-30": "2771.50000", "2016-06-30": "2832.70000", "2016-03-31": "2869.20000", "2015-12-31": "2837.00000", "2015-09-30": "2359.40000", "2015-06-30": "2379.20000", "2015-03-31": "2358.60000", "2014-12-31": "1368.90000", "2014-09-30": "1359.30000", "2014-06-30": "1392.60000", "2014-03-31": "1709.60000", "2013-12-31": "1660.70000", "2013-09-30": "1854.90000", "2013-06-30": "1732.80000", "2013-03-31": "1784.10000", "2012-12-31": "1651.60000", "2012-09-30": "1672.60000", "2012-06-30": "1772.90000", "2012-03-31": "1679.30000", "2011-12-31": "1600.20000", "2011-09-30": "1704.50000", "2011-06-30": "1790.90000", "2011-03-31": "2120.70000", "2010-12-31": "1852.90000", "2010-09-30": "1851.10000", "2010-06-30": "1528.80000", "2010-03-31": "1538.30000", "2009-12-31": "1542.50000", "2009-09-30": "1565.90000", "2009-06-30": "1543.10000", "2009-03-31": "1255.80000", "2008-12-31": "1356.50000", "2008-09-30": "1291.40000", "2008-06-30": "1538.10000", "2008-03-31": "1471.40000", "2007-12-31": "1553.50000", "2007-09-30": "1625.20000", "2007-06-30": "1702.40000", "2007-03-31": "1701.00000", "2006-12-31": "1673.80000", "2006-09-30": "1423.90000", "2006-06-30": "1370.50000", "2006-03-31": "1395.10000", "2005-12-31": "1323.10000", "2005-09-30": "1580.70000", "2005-06-30": "1595.30000", "2005-03-31": "1660.50000"}, "Total Liabilities": {"2020-09-30": "5974.00000", "2020-06-30": "5574.00000", "2020-03-31": "4638.00000", "2019-12-31": "4858.00000", "2019-09-30": "5621.00000", "2019-06-30": "5729.00000", "2019-03-31": "5719.00000", "2018-12-31": "5750.00000", "2018-09-30": "5546.20000", "2018-06-30": "5723.20000", "2018-03-31": "6019.00000", "2017-12-31": "5961.70000", "2017-09-30": "5899.90000", "2017-06-30": "5596.60000", "2017-03-31": "5604.00000", "2016-12-31": "5532.80000", "2016-09-30": "5216.60000", "2016-06-30": "5232.50000", "2016-03-31": "5179.60000", "2015-12-31": "5194.20000", "2015-09-30": "3899.20000", "2015-06-30": "4014.80000", "2015-03-31": "3960.10000", "2014-12-31": "3537.10000", "2014-09-30": "3482.10000", "2014-06-30": "3563.30000", "2014-03-31": "3620.50000", "2013-12-31": "3284.60000", "2013-09-30": "3529.60000", "2013-06-30": "3449.40000", "2013-03-31": "3367.30000", "2012-12-31": "3254.70000", "2012-09-30": "3241.00000", "2012-06-30": "3286.20000", "2012-03-31": "3560.50000", "2011-12-31": "3505.60000", "2011-09-30": "3628.60000", "2011-06-30": "3727.50000", "2011-03-31": "3653.20000", "2010-12-31": "3245.20000", "2010-09-30": "3272.70000", "2010-06-30": "2911.10000", "2010-03-31": "2723.40000", "2009-12-31": "2588.70000", "2009-09-30": "2620.50000", "2009-06-30": "2528.20000", "2009-03-31": "2366.80000", "2008-12-31": "2606.50000", "2008-09-30": "2659.00000", "2008-06-30": "2886.50000", "2008-03-31": "2807.80000", "2007-12-31": "2637.40000", "2007-09-30": "2659.40000", "2007-06-30": "2750.70000", "2007-03-31": "2753.40000", "2006-12-31": "2708.60000", "2006-09-30": "2499.80000", "2006-06-30": "2453.10000", "2006-03-31": "2472.20000", "2005-12-31": "2445.20000", "2005-09-30": "2534.30000", "2005-06-30": "2572.50000", "2005-03-31": "2629.20000"}, "Common Stock Net": {"2020-09-30": "3.00000", "2020-06-30": "3.00000", "2020-03-31": "3.00000", "2019-12-31": "3.00000", "2019-09-30": "3.00000", "2019-06-30": "3.00000", "2019-03-31": "3.00000", "2018-12-31": "3.00000", "2018-09-30": "2.50000", "2018-06-30": "2.50000", "2018-03-31": "2.50000", "2017-12-31": "2.50000", "2017-09-30": "2.50000", "2017-06-30": "2.50000", "2017-03-31": "2.50000", "2016-12-31": "2.50000", "2016-09-30": "2.50000", "2016-06-30": "2.50000", "2016-03-31": "2.50000", "2015-12-31": "2.50000", "2015-09-30": "2.50000", "2015-06-30": "2.50000", "2015-03-31": "2.50000", "2014-12-31": "2.50000", "2014-09-30": "2.50000", "2014-06-30": "2.50000", "2014-03-31": "2.50000", "2013-12-31": "2.50000", "2013-09-30": "1.20000", "2013-06-30": "1.20000", "2013-03-31": "1.20000", "2012-12-31": "1.20000", "2012-09-30": "1.20000", "2012-06-30": "1.20000", "2012-03-31": "1.20000", "2011-12-31": "1.20000", "2011-09-30": "1.20000", "2011-06-30": "1.20000", "2011-03-31": "1.20000", "2010-12-31": "1.20000", "2010-09-30": "1.20000", "2010-06-30": "1.20000", "2010-03-31": "1.20000", "2009-12-31": "1.20000", "2009-09-30": "1.20000", "2009-06-30": "1.20000", "2009-03-31": "1.20000", "2008-12-31": "1.20000", "2008-09-30": "1.20000", "2008-06-30": "1.20000", "2008-03-31": "1.20000", "2007-12-31": "1.20000", "2007-09-30": "0.60000", "2007-06-30": "0.60000", "2007-03-31": "0.60000", "2006-12-31": "0.60000", "2006-09-30": "0.60000", "2006-06-30": "0.60000", "2006-03-31": "0.60000", "2005-12-31": "0.60000", "2005-09-30": "0.60000", "2005-06-30": "0.60000", "2005-03-31": "0.60000"}, "Retained Earnings (Accumulated Deficit)": {"2020-09-30": "5979.00000", "2020-06-30": "5903.00000", "2020-03-31": "6036.00000", "2019-12-31": "5942.00000", "2019-09-30": "5757.00000", "2019-06-30": "5598.00000", "2019-03-31": "5461.00000", "2018-12-31": "5336.00000", "2018-09-30": "5127.30000", "2018-06-30": "4958.80000", "2018-03-31": "4722.40000", "2017-12-31": "4531.00000", "2017-09-30": "4712.80000", "2017-06-30": "4557.30000", "2017-03-31": "4374.70000", "2016-12-31": "4215.20000", "2016-09-30": "4538.10000", "2016-06-30": "4482.40000", "2016-03-31": "4346.00000", "2015-12-31": "4210.10000", "2015-09-30": "4113.60000", "2015-06-30": "3985.40000", "2015-03-31": "3866.60000", "2014-12-31": "3717.10000", "2014-09-30": "3606.50000", "2014-06-30": "3469.90000", "2014-03-31": "3308.10000", "2013-12-31": "3177.40000", "2013-09-30": "3065.60000", "2013-06-30": "2927.30000", "2013-03-31": "2753.20000", "2012-12-31": "2611.20000", "2012-09-30": "2490.00000", "2012-06-30": "2388.90000", "2012-03-31": "2268.30000", "2011-12-31": "2110.30000", "2011-09-30": "1988.10000", "2011-06-30": "1846.70000", "2011-03-31": "1684.80000", "2010-12-31": "1560.20000", "2010-09-30": "1448.50000", "2010-06-30": "1341.90000", "2010-03-31": "1262.80000", "2009-12-31": "1193.40000", "2009-09-30": "1155.90000", "2009-06-30": "1141.00000", "2009-03-31": "1179.60000", "2008-12-31": "1200.50000", "2008-09-30": "1294.60000", "2008-06-30": "1439.80000", "2008-03-31": "1369.50000", "2007-12-31": "1295.90000", "2007-09-30": "1235.20000", "2007-06-30": "1161.90000", "2007-03-31": "1096.10000", "2006-12-31": "1064.10000", "2006-09-30": "1032.40000", "2006-06-30": "1002.40000", "2006-03-31": "941.40000", "2005-12-31": "889.20000", "2005-09-30": "832.70000", "2005-06-30": "779.20000", "2005-03-31": "751.10000"}, "Comprehensive Income": {"2020-09-30": "-730.00000", "2020-06-30": "-787.00000", "2020-03-31": "-801.00000", "2019-12-31": "-727.00000", "2019-09-30": "-779.00000", "2019-06-30": "-670.00000", "2019-03-31": "-675.00000", "2018-12-31": "-674.00000", "2018-09-30": "-609.20000", "2018-06-30": "-567.60000", "2018-03-31": "-430.30000", "2017-12-31": "-490.00000", "2017-09-30": "-545.70000", "2017-06-30": "-606.40000", "2017-03-31": "-674.20000", "2016-12-31": "-722.10000", "2016-09-30": "-571.00000", "2016-06-30": "-593.80000", "2016-03-31": "-540.80000", "2015-12-31": "-610.20000", "2015-09-30": "-576.70000", "2015-06-30": "-539.50000", "2015-03-31": "-616.90000", "2014-12-31": "-383.60000", "2014-09-30": "-199.90000", "2014-06-30": "-18.60000", "2014-03-31": "-16.80000", "2013-12-31": "-14.00000", "2013-09-30": "-91.00000", "2013-06-30": "-187.80000", "2013-03-31": "-189.20000", "2012-12-31": "-121.30000", "2012-09-30": "-120.60000", "2012-06-30": "-182.60000", "2012-03-31": "-94.80000", "2011-12-31": "-150.80000", "2011-09-30": "-85.00000", "2011-06-30": "65.90000", "2011-03-31": "31.10000", "2010-12-31": "-53.70000", "2010-09-30": "-39.60000", "2010-06-30": "-193.50000", "2010-03-31": "-60.60000", "2009-12-31": "14.50000", "2009-09-30": "21.50000", "2009-06-30": "-31.40000", "2009-03-31": "-117.50000", "2008-12-31": "-85.90000", "2008-09-30": "40.60000", "2008-06-30": "216.90000", "2008-03-31": "213.20000", "2007-12-31": "127.10000", "2007-09-30": "69.10000", "2007-06-30": "-27.20000", "2007-03-31": "-40.30000", "2006-12-31": "-60.30000", "2006-09-30": "-7.20000", "2006-06-30": "-2.70000", "2006-03-31": "-43.80000", "2005-12-31": "-73.10000", "2005-09-30": "-32.00000", "2005-06-30": "-18.20000", "2005-03-31": "24.00000"}, "Other Share Holders Equity": {"2020-09-30": "", "2020-06-30": "", "2020-03-31": "", "2019-12-31": "", "2019-09-30": "", "2019-06-30": "", "2019-03-31": "", "2018-12-31": "", "2018-09-30": "", "2018-06-30": "", "2018-03-31": "", "2017-12-31": "", "2017-09-30": "", "2017-06-30": "", "2017-03-31": "", "2016-12-31": "", "2016-09-30": "", "2016-06-30": "", "2016-03-31": "", "2015-12-31": "", "2015-09-30": "", "2015-06-30": "", "2015-03-31": "", "2014-12-31": "", "2014-09-30": "", "2014-06-30": "", "2014-03-31": "", "2013-12-31": "", "2013-09-30": "", "2013-06-30": "", "2013-03-31": "", "2012-12-31": "", "2012-09-30": "", "2012-06-30": "", "2012-03-31": "", "2011-12-31": "", "2011-09-30": "", "2011-06-30": "", "2011-03-31": "", "2010-12-31": "", "2010-09-30": "", "2010-06-30": "", "2010-03-31": "", "2009-12-31": "", "2009-09-30": "", "2009-06-30": "", "2009-03-31": "", "2008-12-31": "", "2008-09-30": "", "2008-06-30": "", "2008-03-31": "", "2007-12-31": "", "2007-09-30": "", "2007-06-30": "", "2007-03-31": "", "2006-12-31": "", "2006-09-30": "-1.00000", "2006-06-30": "-0.80000", "2006-03-31": "-1.10000", "2005-12-31": "", "2005-09-30": "", "2005-06-30": "", "2005-03-31": ""}, "Share Holder Equity": {"2020-09-30": "4918.00000", "2020-06-30": "4763.00000", "2020-03-31": "4864.00000", "2019-12-31": "4844.00000", "2019-09-30": "4578.00000", "2019-06-30": "4502.00000", "2019-03-31": "4385.00000", "2018-12-31": "4345.00000", "2018-09-30": "4170.20000", "2018-06-30": "4054.00000", "2018-03-31": "4015.80000", "2017-12-31": "3825.90000", "2017-09-30": "3916.30000", "2017-06-30": "3691.90000", "2017-03-31": "3479.70000", "2016-12-31": "3301.90000", "2016-09-30": "3790.70000", "2016-06-30": "3756.10000", "2016-03-31": "3761.10000", "2015-12-31": "3631.50000", "2015-09-30": "3787.90000", "2015-06-30": "3751.50000", "2015-03-31": "3562.50000", "2014-12-31": "3690.90000", "2014-09-30": "3800.20000", "2014-06-30": "3893.70000", "2014-03-31": "3737.30000", "2013-12-31": "3632.40000", "2013-09-30": "3434.70000", "2013-06-30": "3256.00000", "2013-03-31": "3161.60000", "2012-12-31": "3146.10000", "2012-09-30": "3105.50000", "2012-06-30": "2934.50000", "2012-03-31": "2720.80000", "2011-12-31": "2453.00000", "2011-09-30": "2465.70000", "2011-06-30": "2498.50000", "2011-03-31": "2353.80000", "2010-12-31": "2309.80000", "2010-09-30": "2305.00000", "2010-06-30": "2058.10000", "2010-03-31": "2242.80000", "2009-12-31": "2222.70000", "2009-09-30": "2170.70000", "2009-06-30": "2082.80000", "2009-03-31": "1986.90000", "2008-12-31": "2037.50000", "2008-09-30": "2227.00000", "2008-06-30": "2554.90000", "2008-03-31": "2479.40000", "2007-12-31": "2321.10000", "2007-09-30": "2194.80000", "2007-06-30": "2024.90000", "2007-03-31": "1951.90000", "2006-12-31": "1875.40000", "2006-09-30": "1877.30000", "2006-06-30": "1844.20000", "2006-03-31": "1734.00000", "2005-12-31": "1644.20000", "2005-09-30": "1625.50000", "2005-06-30": "1564.40000", "2005-03-31": "1577.20000"}, "Total Liabilities And Share Holders Equity": {"2020-09-30": "10892.00000", "2020-06-30": "10337.00000", "2020-03-31": "9502.00000", "2019-12-31": "9702.00000", "2019-09-30": "10199.00000", "2019-06-30": "10231.00000", "2019-03-31": "10104.00000", "2018-12-31": "10095.00000", "2018-09-30": "9716.40000", "2018-06-30": "9777.20000", "2018-03-31": "10034.80000", "2017-12-31": "9787.60000", "2017-09-30": "9816.20000", "2017-06-30": "9288.50000", "2017-03-31": "9083.70000", "2016-12-31": "8834.70000", "2016-09-30": "9007.30000", "2016-06-30": "8988.60000", "2016-03-31": "8940.70000", "2015-12-31": "8825.70000", "2015-09-30": "7687.10000", "2015-06-30": "7766.30000", "2015-03-31": "7522.60000", "2014-12-31": "7228.00000", "2014-09-30": "7282.30000", "2014-06-30": "7457.00000", "2014-03-31": "7357.80000", "2013-12-31": "6917.00000", "2013-09-30": "6964.30000", "2013-06-30": "6705.40000", "2013-03-31": "6528.90000", "2012-12-31": "6400.80000", "2012-09-30": "6346.50000", "2012-06-30": "6220.70000", "2012-03-31": "6281.30000", "2011-12-31": "5958.60000", "2011-09-30": "6094.30000", "2011-06-30": "6226.00000", "2011-03-31": "6007.00000", "2010-12-31": "5555.00000", "2010-09-30": "5577.70000", "2010-06-30": "4969.20000", "2010-03-31": "4966.20000", "2009-12-31": "4811.40000", "2009-09-30": "4791.20000", "2009-06-30": "4611.00000", "2009-03-31": "4353.70000", "2008-12-31": "4644.00000", "2008-09-30": "4886.00000", "2008-06-30": "5441.40000", "2008-03-31": "5287.20000", "2007-12-31": "4958.50000", "2007-09-30": "4854.20000", "2007-06-30": "4775.60000", "2007-03-31": "4705.30000", "2006-12-31": "4584.00000", "2006-09-30": "4377.10000", "2006-06-30": "4297.30000", "2006-03-31": "4206.20000", "2005-12-31": "4089.40000", "2005-09-30": "4159.80000", "2005-06-30": "4136.90000", "2005-03-31": "4206.40000"}}, "cash flow statement": {"Net Income/Loss": {"2019-12-31": "797.00000", "2018-12-31": "985.00000", "2017-12-31": "483.00000", "2016-12-31": "636.70000", "2015-12-31": "613.90000", "2014-12-31": "687.50000", "2013-12-31": "651.00000", "2012-12-31": "522.40000", "2011-12-31": "570.60000", "2010-12-31": "396.20000", "2009-12-31": "36.40000", "2008-12-31": "-19.30000", "2007-12-31": "316.50000", "2006-12-31": "211.60000", "2005-12-31": "239.60000"}, "Total Depreciation And Amortization - Cash Flow": {"2019-12-31": "439.00000", "2018-12-31": "431.00000", "2017-12-31": "408.00000", "2016-12-31": "391.40000", "2015-12-31": "320.20000", "2014-12-31": "330.40000", "2013-12-31": "299.40000", "2012-12-31": "288.60000", "2011-12-31": "303.30000", "2010-12-31": "271.20000", "2009-12-31": "273.60000", "2008-12-31": "443.60000", "2007-12-31": "264.60000", "2006-12-31": "256.60000", "2005-12-31": "255.50000"}, "Other Non-Cash Items": {"2019-12-31": "-41.00000", "2018-12-31": "30.00000", "2017-12-31": "434.00000", "2016-12-31": "123.90000", "2015-12-31": "115.30000", "2014-12-31": "118.10000", "2013-12-31": "40.90000", "2012-12-31": "93.30000", "2011-12-31": "34.40000", "2010-12-31": "-21.70000", "2009-12-31": "24.00000", "2008-12-31": "70.80000", "2007-12-31": "-25.60000", "2006-12-31": "80.90000", "2005-12-31": "-31.10000"}, "Total Non-Cash Items": {"2019-12-31": "398.00000", "2018-12-31": "461.00000", "2017-12-31": "842.00000", "2016-12-31": "515.30000", "2015-12-31": "435.50000", "2014-12-31": "448.50000", "2013-12-31": "340.30000", "2012-12-31": "381.90000", "2011-12-31": "337.70000", "2010-12-31": "249.50000", "2009-12-31": "297.60000", "2008-12-31": "514.40010", "2007-12-31": "239.00000", "2006-12-31": "337.50000", "2005-12-31": "224.40000"}, "Change In Accounts Receivable": {"2019-12-31": "19.00000", "2018-12-31": "-43.00000", "2017-12-31": "-168.00000", "2016-12-31": "-137.50000", "2015-12-31": "-81.80000", "2014-12-31": "-248.70000", "2013-12-31": "-91.70000", "2012-12-31": "43.80000", "2011-12-31": "-150.60000", "2010-12-31": "-239.00000", "2009-12-31": "-106.60000", "2008-12-31": "163.90000", "2007-12-31": "-6.20000", "2006-12-31": "-57.40000", "2005-12-31": "-79.60000"}, "Change In Inventories": {"2019-12-31": "-36.00000", "2018-12-31": "-53.00000", "2017-12-31": "-85.00000", "2016-12-31": "-36.50000", "2015-12-31": "-52.90000", "2014-12-31": "-39.70000", "2013-12-31": "-14.80000", "2012-12-31": "-5.30000", "2011-12-31": "-38.60000", "2010-12-31": "-79.00000", "2009-12-31": "143.00000", "2008-12-31": "-26.30000", "2007-12-31": "-34.70000", "2006-12-31": "-32.70000", "2005-12-31": "-30.10000"}, "Change In Accounts Payable": {"2019-12-31": "", "2018-12-31": "", "2017-12-31": "", "2016-12-31": "", "2015-12-31": "", "2014-12-31": "", "2013-12-31": "", "2012-12-31": "", "2011-12-31": "", "2010-12-31": "", "2009-12-31": "", "2008-12-31": "", "2007-12-31": "", "2006-12-31": "", "2005-12-31": ""}, "Change In Assets/Liabilities": {"2019-12-31": "-39.00000", "2018-12-31": "-63.00000", "2017-12-31": "-82.00000", "2016-12-31": "-63.00000", "2015-12-31": "-104.50000", "2014-12-31": "-146.20000", "2013-12-31": "-169.10000", "2012-12-31": "-81.90000", "2011-12-31": "-48.50000", "2010-12-31": "4.50000", "2009-12-31": "-111.40000", "2008-12-31": "-13.30000", "2007-12-31": "9.80000", "2006-12-31": "-9.30000", "2005-12-31": "-33.70000"}, "Total Change In Assets/Liabilities": {"2019-12-31": "-187.00000", "2018-12-31": "-320.00000", "2017-12-31": "-145.00000", "2016-12-31": "-116.30000", "2015-12-31": "-181.50000", "2014-12-31": "-334.20000", "2013-12-31": "-272.50000", "2012-12-31": "-25.60000", "2011-12-31": "-200.10000", "2010-12-31": "-106.80000", "2009-12-31": "17.00000", "2008-12-31": "-94.30000", "2007-12-31": "48.00000", "2006-12-31": "-107.00000", "2005-12-31": "-67.50000"}, "Cash Flow From Operating Activities": {"2019-12-31": "1008.00000", "2018-12-31": "1126.00000", "2017-12-31": "1180.00000", "2016-12-31": "1035.70000", "2015-12-31": "867.90000", "2014-12-31": "801.80000", "2013-12-31": "718.80000", "2012-12-31": "878.70000", "2011-12-31": "708.20000", "2010-12-31": "538.90000", "2009-12-31": "351.00000", "2008-12-31": "400.80000", "2007-12-31": "603.50000", "2006-12-31": "442.10000", "2005-12-31": "396.50000"}, "Net Change In Property, Plant, And Equipment": {"2019-12-31": "-481.00000", "2018-12-31": "-546.00000", "2017-12-31": "-560.00000", "2016-12-31": "-500.60000", "2015-12-31": "-577.30000", "2014-12-31": "-563.00000", "2013-12-31": "-417.80000", "2012-12-31": "-407.40000", "2011-12-31": "-393.70000", "2010-12-31": "-276.60000", "2009-12-31": "-172.00000", "2008-12-31": "-369.70000", "2007-12-31": "-293.90000", "2006-12-31": "-268.30000", "2005-12-31": "-292.50000"}, "Net Change In Intangible Assets": {"2019-12-31": "", "2018-12-31": "", "2017-12-31": "", "2016-12-31": "", "2015-12-31": "", "2014-12-31": "", "2013-12-31": "", "2012-12-31": "", "2011-12-31": "", "2010-12-31": "", "2009-12-31": "", "2008-12-31": "", "2007-12-31": "", "2006-12-31": "", "2005-12-31": ""}, "Net Acquisitions/Divestitures": {"2019-12-31": "14.00000", "2018-12-31": "", "2017-12-31": "-186.00000", "2016-12-31": "85.80000", "2015-12-31": "-1199.60000", "2014-12-31": "-110.50000", "2013-12-31": "", "2012-12-31": "56.80000", "2011-12-31": "-203.70000", "2010-12-31": "-164.70000", "2009-12-31": "-5.90000", "2008-12-31": "5.50000", "2007-12-31": "", "2006-12-31": "-63.70000", "2005-12-31": "-423.00000"}, "Net Change In Short-term Investments": {"2019-12-31": "", "2018-12-31": "", "2017-12-31": "", "2016-12-31": "", "2015-12-31": "", "2014-12-31": "", "2013-12-31": "", "2012-12-31": "", "2011-12-31": "", "2010-12-31": "", "2009-12-31": "", "2008-12-31": "14.60000", "2007-12-31": "47.40000", "2006-12-31": "-12.70000", "2005-12-31": "5.90000"}, "Net Change In Long-Term Investments": {"2019-12-31": "-53.00000", "2018-12-31": "-6.00000", "2017-12-31": "-3.00000", "2016-12-31": "", "2015-12-31": "", "2014-12-31": "", "2013-12-31": "", "2012-12-31": "", "2011-12-31": "", "2010-12-31": "", "2009-12-31": "", "2008-12-31": "", "2007-12-31": "", "2006-12-31": "", "2005-12-31": ""}, "Net Change In Investments - Total": {"2019-12-31": "-53.00000", "2018-12-31": "-6.00000", "2017-12-31": "-3.00000", "2016-12-31": "", "2015-12-31": "", "2014-12-31": "", "2013-12-31": "", "2012-12-31": "", "2011-12-31": "", "2010-12-31": "", "2009-12-31": "", "2008-12-31": "14.60000", "2007-12-31": "47.40000", "2006-12-31": "-12.70000", "2005-12-31": "5.90000"}, "Investing Activities - Other": {"2019-12-31": "31.00000", "2018-12-31": "38.00000", "2017-12-31": "-3.00000", "2016-12-31": "10.60000", "2015-12-31": "17.80000", "2014-12-31": "8.40000", "2013-12-31": "33.00000", "2012-12-31": "5.40000", "2011-12-31": "32.90000", "2010-12-31": "11.80000", "2009-12-31": "23.10000", "2008-12-31": "5.70000", "2007-12-31": "17.30000", "2006-12-31": "3.60000", "2005-12-31": "9.50000"}, "Cash Flow From Investing Activities": {"2019-12-31": "-489.00000", "2018-12-31": "-514.00000", "2017-12-31": "-752.00000", "2016-12-31": "-404.20000", "2015-12-31": "-1759.10000", "2014-12-31": "-665.10000", "2013-12-31": "-384.80000", "2012-12-31": "-345.20000", "2011-12-31": "-564.50000", "2010-12-31": "-429.50000", "2009-12-31": "-154.80000", "2008-12-31": "-343.90000", "2007-12-31": "-229.20000", "2006-12-31": "-341.10000", "2005-12-31": "-700.10000"}, "Net Long-Term Debt": {"2019-12-31": "-141.00000", "2018-12-31": "-7.00000", "2017-12-31": "-17.00000", "2016-12-31": "-189.00000", "2015-12-31": "1539.40000", "2014-12-31": "-301.10000", "2013-12-31": "212.50000", "2012-12-31": "67.50000", "2011-12-31": "55.50000", "2010-12-31": "256.10000", "2009-12-31": "217.10000", "2008-12-31": "-7.30000", "2007-12-31": "-9.10000", "2006-12-31": "-7.50000", "2005-12-31": "8.50000"}, "Net Current Debt": {"2019-12-31": "", "2018-12-31": "-34.00000", "2017-12-31": "-88.00000", "2016-12-31": "-129.10000", "2015-12-31": "-316.70000", "2014-12-31": "493.20000", "2013-12-31": "-44.40000", "2012-12-31": "12.80000", "2011-12-31": "67.60000", "2010-12-31": "-29.80000", "2009-12-31": "-114.70000", "2008-12-31": "114.80000", "2007-12-31": "-92.60000", "2006-12-31": "-27.70000", "2005-12-31": "136.20000"}, "Debt Issuance/Retirement Net - Total": {"2019-12-31": "-141.00000", "2018-12-31": "-41.00000", "2017-12-31": "-105.00000", "2016-12-31": "-318.10000", "2015-12-31": "1222.70000", "2014-12-31": "192.10000", "2013-12-31": "168.10000", "2012-12-31": "80.30000", "2011-12-31": "123.10000", "2010-12-31": "226.30000", "2009-12-31": "102.40000", "2008-12-31": "107.50000", "2007-12-31": "-101.70000", "2006-12-31": "-35.20000", "2005-12-31": "144.70000"}, "Net Common Equity Issued/Repurchased": {"2019-12-31": "-100.00000", "2018-12-31": "-150.00000", "2017-12-31": "-100.00000", "2016-12-31": "-288.00000", "2015-12-31": "-349.80000", "2014-12-31": "-139.90000", "2013-12-31": "-225.50000", "2012-12-31": "-243.90000", "2011-12-31": "-304.60000", "2010-12-31": "-258.60000", "2009-12-31": "39.90000", "2008-12-31": "-38.80000", "2007-12-31": "-0.70000", "2006-12-31": "27.10000", "2005-12-31": "17.60000"}, "Net Total Equity Issued/Repurchased": {"2019-12-31": "-100.00000", "2018-12-31": "-150.00000", "2017-12-31": "-100.00000", "2016-12-31": "-288.00000", "2015-12-31": "-349.80000", "2014-12-31": "-139.90000", "2013-12-31": "-225.50000", "2012-12-31": "-243.90000", "2011-12-31": "-304.60000", "2010-12-31": "-258.60000", "2009-12-31": "39.90000", "2008-12-31": "-38.80000", "2007-12-31": "-0.70000", "2006-12-31": "27.10000", "2005-12-31": "17.60000"}, "Total Common And Preferred Stock Dividends Paid": {"2019-12-31": "-168.00000", "2018-12-31": "-177.00000", "2017-12-31": "-154.00000", "2016-12-31": "-113.40000", "2015-12-31": "-116.70000", "2014-12-31": "-137.20000", "2013-12-31": "-70.10000", "2012-12-31": "-21.90000", "2011-12-31": "-13.90000", "2010-12-31": "-10.90000", "2009-12-31": "-22.60000", "2008-12-31": "-63.60000", "2007-12-31": "-56.90000", "2006-12-31": "-51.80000", "2005-12-31": "-40.00000"}, "Financial Activities - Other": {"2019-12-31": "-11.00000", "2018-12-31": "-15.00000", "2017-12-31": "-4.00000", "2016-12-31": "-14.30000", "2015-12-31": "-19.60000", "2014-12-31": "-116.70000", "2013-12-31": "-7.90000", "2012-12-31": "-3.10000", "2011-12-31": "-24.30000", "2010-12-31": "30.00000", "2009-12-31": "-74.90000", "2008-12-31": "-141.20000", "2007-12-31": "-138.80000", "2006-12-31": "", "2005-12-31": ""}, "Cash Flow From Financial Activities": {"2019-12-31": "-420.00000", "2018-12-31": "-383.00000", "2017-12-31": "-363.00000", "2016-12-31": "-733.80000", "2015-12-31": "736.60000", "2014-12-31": "-201.70000", "2013-12-31": "-135.40000", "2012-12-31": "-188.60000", "2011-12-31": "-219.70000", "2010-12-31": "-13.20000", "2009-12-31": "44.80000", "2008-12-31": "-136.10000", "2007-12-31": "-298.10000", "2006-12-31": "-59.90000", "2005-12-31": "122.30000"}, "Net Cash Flow": {"2019-12-31": "93.00000", "2018-12-31": "194.00000", "2017-12-31": "101.00000", "2016-12-31": "-134.00000", "2015-12-31": "-220.10000", "2014-12-31": "-141.70000", "2013-12-31": "223.80000", "2012-12-31": "356.10000", "2011-12-31": "-90.30000", "2010-12-31": "92.50000", "2009-12-31": "254.00000", "2008-12-31": "-85.10000", "2007-12-31": "65.20000", "2006-12-31": "33.60000", "2005-12-31": "-140.00000"}, "Stock-Based Compensation": {"2019-12-31": "42.00000", "2018-12-31": "53.00000", "2017-12-31": "52.00000", "2016-12-31": "43.60000", "2015-12-31": "40.20000", "2014-12-31": "32.10000", "2013-12-31": "36.60000", "2012-12-31": "56.70000", "2011-12-31": "21.80000", "2010-12-31": "22.80000", "2009-12-31": "22.00000", "2008-12-31": "21.20000", "2007-12-31": "16.30000", "2006-12-31": "12.70000", "2005-12-31": ""}, "Common Stock Dividends Paid": {"2019-12-31": "-168.00000", "2018-12-31": "-177.00000", "2017-12-31": "-154.00000", "2016-12-31": "-113.40000", "2015-12-31": "-116.70000", "2014-12-31": "-137.20000", "2013-12-31": "-70.10000", "2012-12-31": "-21.90000", "2011-12-31": "-13.90000", "2010-12-31": "-10.90000", "2009-12-31": "-22.60000", "2008-12-31": "-63.60000", "2007-12-31": "-56.90000", "2006-12-31": "-51.80000", "2005-12-31": "-40.00000"}}, "cash flow statement, quarterly": {"Net Income/Loss": {"2020-09-30": 129, "2020-06-30": -84, "2020-03-31": "137.00000", "2019-12-31": 237, "2019-09-30": 207, "2019-06-30": 182, "2019-03-31": "171.00000", "2018-12-31": 248, "2018-09-30": 216, "2018-06-30": 284, "2018-03-31": "237.00000", "2017-12-31": -132.3, "2017-09-30": 194.6, "2017-06-30": 221.1, "2017-03-31": "199.60000", "2016-12-31": 195, "2016-09-30": 93.1, "2016-06-30": 175.4, "2016-03-31": "173.20000", "2015-12-31": 102.9, "2015-09-30": 165.9, "2015-06-30": 157.4, "2015-03-31": "187.70000", "2014-12-31": 147.4, "2014-09-30": 173, "2014-06-30": 199.9, "2014-03-31": "167.20000", "2013-12-31": 149.4, "2013-09-30": 172.9, "2013-06-30": 180.1, "2013-03-31": "148.60000", "2012-12-31": 126.6, "2012-09-30": 105.9, "2012-06-30": 126.2, "2012-03-31": "163.70000", "2011-12-31": 127.2, "2011-09-30": 146.7, "2011-06-30": 167.3, "2011-03-31": "129.40000", "2010-12-31": 115.6, "2010-09-30": 111.5, "2010-06-30": 87.7, "2010-03-31": "81.40000", "2009-12-31": 56.6, "2009-09-30": 20, "2009-06-30": -33.9, "2009-03-31": "-6.30000", "2008-12-31": -79.3, "2008-09-30": -128, "2008-06-30": 99.3, "2008-03-31": "88.70000", "2007-12-31": 99.2, "2007-09-30": 83.2, "2007-06-30": 75.7, "2007-03-31": "58.40000", "2006-12-31": 40.9, "2006-09-30": 39.2, "2006-06-30": 70.2, "2006-03-31": "61.30000", "2005-12-31": 64.7, "2005-09-30": 61.4, "2005-06-30": 35.9, "2005-03-31": "77.60000"}, "Total Depreciation And Amortization - Cash Flow": {"2020-09-30": 115, "2020-06-30": 138, "2020-03-31": "112.00000", "2019-12-31": 115, "2019-09-30": 110, "2019-06-30": 107, "2019-03-31": "107.00000", "2018-12-31": 105, "2018-09-30": 108, "2018-06-30": 109, "2018-03-31": "109.00000", "2017-12-31": 106, "2017-09-30": 104.9, "2017-06-30": 99.8, "2017-03-31": "97.30000", "2016-12-31": 100.2, "2016-09-30": 97.8, "2016-06-30": 99, "2016-03-31": "94.40000", "2015-12-31": 83.9, "2015-09-30": 78.3, "2015-06-30": 80.9, "2015-03-31": "77.10000", "2014-12-31": 83.4, "2014-09-30": 81.8, "2014-06-30": 85.1, "2014-03-31": "80.10000", "2013-12-31": 76.9, "2013-09-30": 71.6, "2013-06-30": 76, "2013-03-31": "74.90000", "2012-12-31": 72, "2012-09-30": 69.8, "2012-06-30": 71.2, "2012-03-31": "75.60000", "2011-12-31": 78.1, "2011-09-30": 75.3, "2011-06-30": 77.3, "2011-03-31": "72.60000", "2010-12-31": 65.4, "2010-09-30": 68.8, "2010-06-30": 69, "2010-03-31": "68.00000", "2009-12-31": 73.3, "2009-09-30": 70.1, "2009-06-30": 67.1, "2009-03-31": "63.10000", "2008-12-31": 73.4, "2008-09-30": 217, "2008-06-30": 81, "2008-03-31": "72.20000", "2007-12-31": 74.7, "2007-09-30": 63.8, "2007-06-30": 61.8, "2007-03-31": "64.30000", "2006-12-31": 72.9, "2006-09-30": 59.6, "2006-06-30": 63, "2006-03-31": "61.10000", "2005-12-31": 62.7, "2005-09-30": 62.2, "2005-06-30": 67.1, "2005-03-31": "63.50000"}, "Other Non-Cash Items": {"2020-09-30": 104, "2020-06-30": 8, "2020-03-31": "12.00000", "2019-12-31": -164, "2019-09-30": 21, "2019-06-30": 61, "2019-03-31": "41.00000", "2018-12-31": 16, "2018-09-30": 22, "2018-06-30": -27, "2018-03-31": "19.00000", "2017-12-31": 379.2, "2017-09-30": 2.1, "2017-06-30": 28.5, "2017-03-31": "24.20000", "2016-12-31": -0.3, "2016-09-30": 94.9, "2016-06-30": 11.4, "2016-03-31": "17.90000", "2015-12-31": 57.7, "2015-09-30": 25.1, "2015-06-30": 23.7, "2015-03-31": "8.80000", "2014-12-31": 15.3, "2014-09-30": 31.3, "2014-06-30": 22.8, "2014-03-31": "48.70000", "2013-12-31": 48.8, "2013-09-30": 6, "2013-06-30": 3.5, "2013-03-31": "-17.40000", "2012-12-31": 11.4, "2012-09-30": 29.5, "2012-06-30": 60.9, "2012-03-31": "-8.50000", "2011-12-31": 63.9, "2011-09-30": -5.8, "2011-06-30": 2, "2011-03-31": "-25.70000", "2010-12-31": -6.2, "2010-09-30": -11.7, "2010-06-30": 6.1, "2010-03-31": "-9.90000", "2009-12-31": -5.3, "2009-09-30": -23.9, "2009-06-30": 15.7, "2009-03-31": "37.50000", "2008-12-31": 62.9, "2008-09-30": -0.6, "2008-06-30": -5.4, "2008-03-31": "13.90000", "2007-12-31": -19.4, "2007-09-30": -21.2, "2007-06-30": 11, "2007-03-31": "4.00000", "2006-12-31": 47.3, "2006-09-30": 14.7, "2006-06-30": 16.1, "2006-03-31": "2.80000", "2005-12-31": -10.1, "2005-09-30": -2.8, "2005-06-30": 5.2, "2005-03-31": "-23.40000"}, "Total Non-Cash Items": {"2020-09-30": 219, "2020-06-30": 146, "2020-03-31": "124.00000", "2019-12-31": -49, "2019-09-30": 131, "2019-06-30": 168, "2019-03-31": "148.00000", "2018-12-31": 121, "2018-09-30": 130, "2018-06-30": 82, "2018-03-31": "128.00000", "2017-12-31": 485.2, "2017-09-30": 107, "2017-06-30": 128.3, "2017-03-31": "121.50000", "2016-12-31": 99.9, "2016-09-30": 192.7, "2016-06-30": 110.4, "2016-03-31": "112.30000", "2015-12-31": 141.6, "2015-09-30": 103.4, "2015-06-30": 104.6, "2015-03-31": "85.90000", "2014-12-31": 98.7, "2014-09-30": 113.1, "2014-06-30": 107.9, "2014-03-31": "128.80000", "2013-12-31": 125.7, "2013-09-30": 77.6, "2013-06-30": 79.5, "2013-03-31": "57.50000", "2012-12-31": 83.4, "2012-09-30": 99.3, "2012-06-30": 132.1, "2012-03-31": "67.10000", "2011-12-31": 142, "2011-09-30": 69.5, "2011-06-30": 79.3, "2011-03-31": "46.90000", "2010-12-31": 59.2, "2010-09-30": 57.1, "2010-06-30": 75.1, "2010-03-31": "58.10000", "2009-12-31": 68, "2009-09-30": 46.2, "2009-06-30": 82.8, "2009-03-31": "100.60000", "2008-12-31": 136.3001, "2008-09-30": 216.4, "2008-06-30": 75.6, "2008-03-31": "86.10000", "2007-12-31": 55.3, "2007-09-30": 42.6, "2007-06-30": 72.8, "2007-03-31": "68.30000", "2006-12-31": 120.2, "2006-09-30": 74.3, "2006-06-30": 79.1, "2006-03-31": "63.90000", "2005-12-31": 52.6, "2005-09-30": 59.4, "2005-06-30": 72.3, "2005-03-31": "40.10000"}, "Change In Accounts Receivable": {"2020-09-30": -387, "2020-06-30": 210, "2020-03-31": "152.00000", "2019-12-31": 95, "2019-09-30": 14, "2019-06-30": 5, "2019-03-31": "-95.00000", "2018-12-31": 68, "2018-09-30": 48, "2018-06-30": 28, "2018-03-31": "-187.00000", "2017-12-31": 64, "2017-09-30": -58, "2017-06-30": 41.4, "2017-03-31": "-215.40000", "2016-12-31": 38.7, "2016-09-30": -53.1, "2016-06-30": 32.7, "2016-03-31": "-155.80000", "2015-12-31": 87.7, "2015-09-30": 5.3, "2015-06-30": 27.3, "2015-03-31": "-202.10000", "2014-12-31": -23, "2014-09-30": 40.1, "2014-06-30": -19.3, "2014-03-31": "-246.50000", "2013-12-31": 103.6, "2013-09-30": 25.4, "2013-06-30": -23.5, "2013-03-31": "-197.20000", "2012-12-31": 125.3, "2012-09-30": 80.7, "2012-06-30": 5.4, "2012-03-31": "-167.60000", "2011-12-31": 41.7, "2011-09-30": -36, "2011-06-30": 23.2, "2011-03-31": "-179.50000", "2010-12-31": 31.7, "2010-09-30": -39.7, "2010-06-30": -102.4, "2010-03-31": "-128.60000", "2009-12-31": -12.3, "2009-09-30": -75.2, "2009-06-30": 18.5, "2009-03-31": "-37.60000", "2008-12-31": 244.9, "2008-09-30": 29, "2008-06-30": 1.2, "2008-03-31": "-111.20000", "2007-12-31": 77.7, "2007-09-30": 6.2, "2007-06-30": -44.8, "2007-03-31": "-45.30000", "2006-12-31": -29.3, "2006-09-30": 30.1, "2006-06-30": 9.1, "2006-03-31": "-67.30000", "2005-12-31": 12.9, "2005-09-30": -23, "2005-06-30": -13.8, "2005-03-31": "-55.70000"}, "Change In Inventories": {"2020-09-30": 43, "2020-06-30": 18, "2020-03-31": "-58.00000", "2019-12-31": 20, "2019-09-30": -16, "2019-06-30": -9, "2019-03-31": "-31.00000", "2018-12-31": 27, "2018-09-30": -18, "2018-06-30": -35, "2018-03-31": "-27.00000", "2017-12-31": -14.2, "2017-09-30": -39.6, "2017-06-30": -25.7, "2017-03-31": "-5.50000", "2016-12-31": 9, "2016-09-30": -31.4, "2016-06-30": 3.8, "2016-03-31": "-17.90000", "2015-12-31": -8.2, "2015-09-30": -3.6, "2015-06-30": -10.5, "2015-03-31": "-30.60000", "2014-12-31": 11.1, "2014-09-30": -32.8, "2014-06-30": -10.1, "2014-03-31": "-7.90000", "2013-12-31": -1.8, "2013-09-30": -4.1, "2013-06-30": 9.7, "2013-03-31": "-18.60000", "2012-12-31": 33.2, "2012-09-30": -11.2, "2012-06-30": -7.4, "2012-03-31": "-19.90000", "2011-12-31": 8.9, "2011-09-30": -16.5, "2011-06-30": 2.6, "2011-03-31": "-33.60000", "2010-12-31": 6.9, "2010-09-30": -34.7, "2010-06-30": -3.3, "2010-03-31": "-47.90000", "2009-12-31": -2.9, "2009-09-30": 10.8, "2009-06-30": 51.7, "2009-03-31": "83.40000", "2008-12-31": 45, "2008-09-30": -41.4, "2008-06-30": -24.6, "2008-03-31": "-5.30000", "2007-12-31": 9.1, "2007-09-30": -13.4, "2007-06-30": 4.9, "2007-03-31": "-35.30000", "2006-12-31": -2, "2006-09-30": -20.8, "2006-06-30": -5.6, "2006-03-31": "-4.30000", "2005-12-31": 1.3, "2005-09-30": 2.1, "2005-06-30": -35.9, "2005-03-31": "2.40000"}, "Change In Accounts Payable": {"2020-09-30": 0, "2020-06-30": 0, "2020-03-31": "", "2019-12-31": 0, "2019-09-30": 0, "2019-06-30": 0, "2019-03-31": "", "2018-12-31": 0, "2018-09-30": 0, "2018-06-30": 0, "2018-03-31": "", "2017-12-31": 0, "2017-09-30": 0, "2017-06-30": 0, "2017-03-31": "", "2016-12-31": 0, "2016-09-30": 0, "2016-06-30": 0, "2016-03-31": "", "2015-12-31": 0, "2015-09-30": 0, "2015-06-30": 0, "2015-03-31": "", "2014-12-31": 0, "2014-09-30": 0, "2014-06-30": 0, "2014-03-31": "", "2013-12-31": 0, "2013-09-30": 0, "2013-06-30": 0, "2013-03-31": "", "2012-12-31": 0, "2012-09-30": 0, "2012-06-30": 0, "2012-03-31": "", "2011-12-31": 0, "2011-09-30": 0, "2011-06-30": 0, "2011-03-31": "", "2010-12-31": 0, "2010-09-30": 0, "2010-06-30": 0, "2010-03-31": "", "2009-12-31": 0, "2009-09-30": 0, "2009-06-30": 0, "2009-03-31": "", "2008-12-31": 0, "2008-09-30": 0, "2008-06-30": 0, "2008-03-31": "", "2007-12-31": 0, "2007-09-30": 0, "2007-06-30": 0, "2007-03-31": "", "2006-12-31": 0, "2006-09-30": 0, "2006-06-30": 0, "2006-03-31": "", "2005-12-31": 0, "2005-09-30": 0, "2005-06-30": 0, "2005-03-31": ""}, "Change In Assets/Liabilities": {"2020-09-30": 19, "2020-06-30": -7, "2020-03-31": "-4.00000", "2019-12-31": 9, "2019-09-30": -18, "2019-06-30": -9, "2019-03-31": "-21.00000", "2018-12-31": 12, "2018-09-30": -29, "2018-06-30": -36, "2018-03-31": "-10.00000", "2017-12-31": -4.9, "2017-09-30": -31.9, "2017-06-30": -38.1, "2017-03-31": "-7.10000", "2016-12-31": -67.8, "2016-09-30": 20.7, "2016-06-30": -7.9, "2016-03-31": "-8.00000", "2015-12-31": -23.4, "2015-09-30": -31.8, "2015-06-30": -16.4, "2015-03-31": "-32.90000", "2014-12-31": -35.2, "2014-09-30": -34.2, "2014-06-30": -43.2, "2014-03-31": "-33.60000", "2013-12-31": -116.4, "2013-09-30": -41.5, "2013-06-30": -10.1, "2013-03-31": "-1.10000", "2012-12-31": -26.6, "2012-09-30": -31.6, "2012-06-30": -16.7, "2012-03-31": "-7.00000", "2011-12-31": -28.4, "2011-09-30": -11.5, "2011-06-30": -3.7, "2011-03-31": "-4.90000", "2010-12-31": 13.2, "2010-09-30": 16.2, "2010-06-30": -13.7, "2010-03-31": "-11.20000", "2009-12-31": -53.5, "2009-09-30": -24.5, "2009-06-30": -11.8, "2009-03-31": "-21.60000", "2008-12-31": 18.7, "2008-09-30": -9.8, "2008-06-30": -27.6, "2008-03-31": "5.40000", "2007-12-31": -0.1, "2007-09-30": 4.9, "2007-06-30": 17.9, "2007-03-31": "-12.90000", "2006-12-31": 24, "2006-09-30": -40.6, "2006-06-30": 15.5, "2006-03-31": "-8.20000", "2005-12-31": 16.4, "2005-09-30": -0.1, "2005-06-30": -23, "2005-03-31": "-27.00000"}, "Total Change In Assets/Liabilities": {"2020-09-30": 133, "2020-06-30": 2, "2020-03-31": "2.00000", "2019-12-31": -4, "2019-09-30": 19, "2019-06-30": 77, "2019-03-31": "-279.00000", "2018-12-31": 201, "2018-09-30": -95, "2018-06-30": -96, "2018-03-31": "-330.00000", "2017-12-31": 203.2, "2017-09-30": -76.9, "2017-06-30": -10.5, "2017-03-31": "-260.80000", "2016-12-31": 147.7, "2016-09-30": -54.9, "2016-06-30": 42, "2016-03-31": "-251.10000", "2015-12-31": 153.2, "2015-09-30": -118.4, "2015-06-30": 24.6, "2015-03-31": "-240.90000", "2014-12-31": 9.5, "2014-09-30": -66.1, "2014-06-30": -28, "2014-03-31": "-249.60000", "2013-12-31": -71.1, "2013-09-30": -35.7, "2013-06-30": 24.1, "2013-03-31": "-189.80000", "2012-12-31": 126.1, "2012-09-30": 27.3, "2012-06-30": 21, "2012-03-31": "-200.00000", "2011-12-31": -34.1, "2011-09-30": 7.3, "2011-06-30": 44.4, "2011-03-31": "-217.70000", "2010-12-31": 51.4, "2010-09-30": -64.2, "2010-06-30": -18.6, "2010-03-31": "-75.40000", "2009-12-31": 0.1, "2009-09-30": -13.7, "2009-06-30": 56.9, "2009-03-31": "-26.30000", "2008-12-31": 78.7, "2008-09-30": -90.4, "2008-06-30": 17.7, "2008-03-31": "-100.30000", "2007-12-31": 82.9, "2007-09-30": 16.9, "2007-06-30": -7.7, "2007-03-31": "-44.10000", "2006-12-31": 10.3, "2006-09-30": -76, "2006-06-30": 35.8, "2006-03-31": "-77.10000", "2005-12-31": 18.4, "2005-09-30": -46.1, "2005-06-30": 32.9, "2005-03-31": "-72.70000"}, "Cash Flow From Operating Activities": {"2020-09-30": 481, "2020-06-30": 64, "2020-03-31": "263.00000", "2019-12-31": 184, "2019-09-30": 357, "2019-06-30": 427, "2019-03-31": "40.00000", "2018-12-31": 570, "2018-09-30": 251, "2018-06-30": 270, "2018-03-31": "35.00000", "2017-12-31": 556.1, "2017-09-30": 224.7, "2017-06-30": 338.9, "2017-03-31": "60.30000", "2016-12-31": 442.6, "2016-09-30": 230.9, "2016-06-30": 327.8, "2016-03-31": "34.40000", "2015-12-31": 397.7, "2015-09-30": 150.9, "2015-06-30": 286.6, "2015-03-31": "32.70000", "2014-12-31": 255.6, "2014-09-30": 220, "2014-06-30": 279.8, "2014-03-31": "46.40000", "2013-12-31": 204, "2013-09-30": 214.8, "2013-06-30": 283.7, "2013-03-31": "16.30000", "2012-12-31": 336.1, "2012-09-30": 232.5, "2012-06-30": 279.3, "2012-03-31": "30.80000", "2011-12-31": 235.1, "2011-09-30": 223.5, "2011-06-30": 291, "2011-03-31": "-41.40000", "2010-12-31": 226.2, "2010-09-30": 104.4, "2010-06-30": 144.2, "2010-03-31": "64.10000", "2009-12-31": 124.7, "2009-09-30": 52.5, "2009-06-30": 105.8, "2009-03-31": "68.00000", "2008-12-31": 135.7, "2008-09-30": -2, "2008-06-30": 192.6, "2008-03-31": "74.50000", "2007-12-31": 237.4, "2007-09-30": 142.7, "2007-06-30": 140.8, "2007-03-31": "82.60000", "2006-12-31": 171.4, "2006-09-30": 37.5, "2006-06-30": 185.1, "2006-03-31": "48.10000", "2005-12-31": 135.7, "2005-09-30": 74.7, "2005-06-30": 141.1, "2005-03-31": "45.00000"}, "Net Change In Property, Plant, And Equipment": {"2020-09-30": -109, "2020-06-30": -52, "2020-03-31": "-119.00000", "2019-12-31": -139, "2019-09-30": -98, "2019-06-30": -128, "2019-03-31": "-116.00000", "2018-12-31": -157, "2018-09-30": -120, "2018-06-30": -109, "2018-03-31": "-160.00000", "2017-12-31": -171.9, "2017-09-30": -134.9, "2017-06-30": -122, "2017-03-31": "-131.20000", "2016-12-31": -152.8, "2016-09-30": -118.9, "2016-06-30": -125.7, "2016-03-31": "-103.20000", "2015-12-31": -158.5, "2015-09-30": -133.8, "2015-06-30": -145, "2015-03-31": "-140.00000", "2014-12-31": -165.1, "2014-09-30": -140.6, "2014-06-30": -131.1, "2014-03-31": "-126.20000", "2013-12-31": -119.9, "2013-09-30": -103.1, "2013-06-30": -107.4, "2013-03-31": "-87.40000", "2012-12-31": -124.4, "2012-09-30": -94.6, "2012-06-30": -93.4, "2012-03-31": "-95.00000", "2011-12-31": -119.6, "2011-09-30": -114.2, "2011-06-30": -89.7, "2011-03-31": "-70.20000", "2010-12-31": -88.8, "2010-09-30": -80.4, "2010-06-30": -52.1, "2010-03-31": "-55.30000", "2009-12-31": -44.8, "2009-09-30": -38.9, "2009-06-30": -49.7, "2009-03-31": "-38.60000", "2008-12-31": -104.1, "2008-09-30": -103.4, "2008-06-30": -86.8, "2008-03-31": "-75.40000", "2007-12-31": -99.3, "2007-09-30": -72.1, "2007-06-30": -64.2, "2007-03-31": "-58.30000", "2006-12-31": -76.4, "2006-09-30": -46.4, "2006-06-30": -75.2, "2006-03-31": "-70.30000", "2005-12-31": -112.8, "2005-09-30": -80.5, "2005-06-30": -49.9, "2005-03-31": "-49.30000"}, "Net Change In Intangible Assets": {"2020-09-30": 0, "2020-06-30": 0, "2020-03-31": "", "2019-12-31": 0, "2019-09-30": 0, "2019-06-30": 0, "2019-03-31": "", "2018-12-31": 0, "2018-09-30": 0, "2018-06-30": 0, "2018-03-31": "", "2017-12-31": 0, "2017-09-30": 0, "2017-06-30": 0, "2017-03-31": "", "2016-12-31": 0, "2016-09-30": 0, "2016-06-30": 0, "2016-03-31": "", "2015-12-31": 0, "2015-09-30": 0, "2015-06-30": 0, "2015-03-31": "", "2014-12-31": 0, "2014-09-30": 0, "2014-06-30": 0, "2014-03-31": "", "2013-12-31": 0, "2013-09-30": 0, "2013-06-30": 0, "2013-03-31": "", "2012-12-31": 0, "2012-09-30": 0, "2012-06-30": 0, "2012-03-31": "", "2011-12-31": 0, "2011-09-30": 0, "2011-06-30": 0, "2011-03-31": "", "2010-12-31": 0, "2010-09-30": 0, "2010-06-30": 0, "2010-03-31": "", "2009-12-31": 0, "2009-09-30": 0, "2009-06-30": 0, "2009-03-31": "", "2008-12-31": 0, "2008-09-30": 0, "2008-06-30": 0, "2008-03-31": "", "2007-12-31": 0, "2007-09-30": 0, "2007-06-30": 0, "2007-03-31": "", "2006-12-31": 0, "2006-09-30": 0, "2006-06-30": 0, "2006-03-31": "", "2005-12-31": 0, "2005-09-30": 0, "2005-06-30": 0, "2005-03-31": ""}, "Net Acquisitions/Divestitures": {"2020-09-30": 0, "2020-06-30": 0, "2020-03-31": "-2.00000", "2019-12-31": 0, "2019-09-30": 0, "2019-06-30": 1, "2019-03-31": "13.00000", "2018-12-31": 0, "2018-09-30": 0, "2018-06-30": 0, "2018-03-31": "", "2017-12-31": -5.4, "2017-09-30": -180.6, "2017-06-30": 0, "2017-03-31": "", "2016-12-31": 80.4, "2016-09-30": 5.4, "2016-06-30": 0, "2016-03-31": "", "2015-12-31": -1187, "2015-09-30": 0, "2015-06-30": 0, "2015-03-31": "-12.60000", "2014-12-31": -4.1, "2014-09-30": 0, "2014-06-30": 0, "2014-03-31": "-106.40000", "2013-12-31": 0, "2013-09-30": 0, "2013-06-30": 0, "2013-03-31": "", "2012-12-31": 0, "2012-09-30": 55.2, "2012-06-30": 0, "2012-03-31": "1.60000", "2011-12-31": -2.1, "2011-09-30": 0, "2011-06-30": 2.1, "2011-03-31": "-203.70000", "2010-12-31": -5, "2010-09-30": 0, "2010-06-30": -164.7, "2010-03-31": "5.00000", "2009-12-31": 1.6, "2009-09-30": 0, "2009-06-30": -7.5, "2009-03-31": "", "2008-12-31": 58.8, "2008-09-30": -53.3, "2008-06-30": 0, "2008-03-31": "", "2007-12-31": 0, "2007-09-30": 0, "2007-06-30": 0, "2007-03-31": "", "2006-12-31": 0.7, "2006-09-30": -64.4, "2006-06-30": 0, "2006-03-31": "", "2005-12-31": 10, "2005-09-30": 0, "2005-06-30": 0, "2005-03-31": "-433.00000"}, "Net Change In Short-term Investments": {"2020-09-30": -2, "2020-06-30": 0, "2020-03-31": "", "2019-12-31": 52, "2019-09-30": -52, "2019-06-30": 0, "2019-03-31": "", "2018-12-31": 0, "2018-09-30": 0, "2018-06-30": 0, "2018-03-31": "", "2017-12-31": 0, "2017-09-30": 0, "2017-06-30": 0, "2017-03-31": "", "2016-12-31": 0, "2016-09-30": 0, "2016-06-30": 0, "2016-03-31": "", "2015-12-31": 0, "2015-09-30": 0, "2015-06-30": 0, "2015-03-31": "", "2014-12-31": 0, "2014-09-30": 0, "2014-06-30": 0, "2014-03-31": "", "2013-12-31": 0, "2013-09-30": 0, "2013-06-30": 0, "2013-03-31": "", "2012-12-31": 0, "2012-09-30": 0, "2012-06-30": 0, "2012-03-31": "", "2011-12-31": 0, "2011-09-30": 0, "2011-06-30": 0, "2011-03-31": "", "2010-12-31": 0, "2010-09-30": 0, "2010-06-30": 0, "2010-03-31": "", "2009-12-31": 0, "2009-09-30": 0, "2009-06-30": 0, "2009-03-31": "", "2008-12-31": 0, "2008-09-30": 0, "2008-06-30": 10.9, "2008-03-31": "3.70000", "2007-12-31": 23.9, "2007-09-30": 21.4, "2007-06-30": 0.2, "2007-03-31": "1.90000", "2006-12-31": 14.8, "2006-09-30": -10.1, "2006-06-30": 6.7, "2006-03-31": "-24.10000", "2005-12-31": 5.7, "2005-09-30": 7.3, "2005-06-30": -11.3, "2005-03-31": "4.20000"}, "Net Change In Long-Term Investments": {"2020-09-30": 0, "2020-06-30": 0, "2020-03-31": "", "2019-12-31": -53, "2019-09-30": 0, "2019-06-30": 1, "2019-03-31": "-1.00000", "2018-12-31": -6, "2018-09-30": 3, "2018-06-30": -2, "2018-03-31": "-1.00000", "2017-12-31": -1, "2017-09-30": 0, "2017-06-30": -0.5, "2017-03-31": "-1.50000", "2016-12-31": 0, "2016-09-30": 0, "2016-06-30": 0, "2016-03-31": "", "2015-12-31": 0, "2015-09-30": 0, "2015-06-30": 0, "2015-03-31": "", "2014-12-31": 0, "2014-09-30": 0, "2014-06-30": 0, "2014-03-31": "", "2013-12-31": 0, "2013-09-30": 0, "2013-06-30": 0, "2013-03-31": "", "2012-12-31": 0, "2012-09-30": 0, "2012-06-30": 0, "2012-03-31": "", "2011-12-31": 0, "2011-09-30": 0, "2011-06-30": 0, "2011-03-31": "", "2010-12-31": 0, "2010-09-30": 0, "2010-06-30": 0, "2010-03-31": "", "2009-12-31": 0, "2009-09-30": 0, "2009-06-30": 0, "2009-03-31": "", "2008-12-31": 0, "2008-09-30": 0, "2008-06-30": 0, "2008-03-31": "", "2007-12-31": 0, "2007-09-30": 0, "2007-06-30": 0, "2007-03-31": "", "2006-12-31": 0, "2006-09-30": 0, "2006-06-30": 0, "2006-03-31": "", "2005-12-31": 0, "2005-09-30": 0, "2005-06-30": 0, "2005-03-31": ""}, "Net Change In Investments - Total": {"2020-09-30": -2, "2020-06-30": 0, "2020-03-31": "", "2019-12-31": -1, "2019-09-30": -52, "2019-06-30": 1, "2019-03-31": "-1.00000", "2018-12-31": -6, "2018-09-30": 3, "2018-06-30": -2, "2018-03-31": "-1.00000", "2017-12-31": -1, "2017-09-30": 0, "2017-06-30": -0.5, "2017-03-31": "-1.50000", "2016-12-31": 0, "2016-09-30": 0, "2016-06-30": 0, "2016-03-31": "", "2015-12-31": 0, "2015-09-30": 0, "2015-06-30": 0, "2015-03-31": "", "2014-12-31": 0, "2014-09-30": 0, "2014-06-30": 0, "2014-03-31": "", "2013-12-31": 0, "2013-09-30": 0, "2013-06-30": 0, "2013-03-31": "", "2012-12-31": 0, "2012-09-30": 0, "2012-06-30": 0, "2012-03-31": "", "2011-12-31": 0, "2011-09-30": 0, "2011-06-30": 0, "2011-03-31": "", "2010-12-31": 0, "2010-09-30": 0, "2010-06-30": 0, "2010-03-31": "", "2009-12-31": 0, "2009-09-30": 0, "2009-06-30": 0, "2009-03-31": "", "2008-12-31": 0, "2008-09-30": 0, "2008-06-30": 10.9, "2008-03-31": "3.70000", "2007-12-31": 23.9, "2007-09-30": 21.4, "2007-06-30": 0.2, "2007-03-31": "1.90000", "2006-12-31": 14.8, "2006-09-30": -10.1, "2006-06-30": 6.7, "2006-03-31": "-24.10000", "2005-12-31": 5.7, "2005-09-30": 7.3, "2005-06-30": -11.3, "2005-03-31": "4.20000"}, "Investing Activities - Other": {"2020-09-30": 9, "2020-06-30": 25, "2020-03-31": "1.00000", "2019-12-31": 31, "2019-09-30": 47, "2019-06-30": -47, "2019-03-31": "", "2018-12-31": 42, "2018-09-30": -9, "2018-06-30": 5, "2018-03-31": "", "2017-12-31": -3, "2017-09-30": 0, "2017-06-30": 0, "2017-03-31": "", "2016-12-31": 10.6, "2016-09-30": 0, "2016-06-30": 0, "2016-03-31": "", "2015-12-31": 14.4, "2015-09-30": 0.9, "2015-06-30": 1.7, "2015-03-31": "0.80000", "2014-12-31": 5.2, "2014-09-30": 1.2, "2014-06-30": 0.5, "2014-03-31": "1.50000", "2013-12-31": 10.2, "2013-09-30": 7.1, "2013-06-30": 1.9, "2013-03-31": "13.80000", "2012-12-31": 1.5, "2012-09-30": 1.4, "2012-06-30": 1.5, "2012-03-31": "1.00000", "2011-12-31": 26, "2011-09-30": 1.4, "2011-06-30": -0.6, "2011-03-31": "6.10000", "2010-12-31": 6.4, "2010-09-30": 1.5, "2010-06-30": 1.9, "2010-03-31": "2.00000", "2009-12-31": 2.6, "2009-09-30": 6.8, "2009-06-30": 8.5, "2009-03-31": "5.20000", "2008-12-31": 1.5, "2008-09-30": 2.2, "2008-06-30": 1.7, "2008-03-31": "0.30000", "2007-12-31": 10.1, "2007-09-30": 4.9, "2007-06-30": 0.2, "2007-03-31": "2.10000", "2006-12-31": -2.2, "2006-09-30": 3.2, "2006-06-30": 1.5, "2006-03-31": "1.10000", "2005-12-31": 1.5, "2005-09-30": 16.2, "2005-06-30": -7.6, "2005-03-31": "-0.60000"}, "Cash Flow From Investing Activities": {"2020-09-30": -102, "2020-06-30": -27, "2020-03-31": "-120.00000", "2019-12-31": -109, "2019-09-30": -103, "2019-06-30": -173, "2019-03-31": "-104.00000", "2018-12-31": -121, "2018-09-30": -126, "2018-06-30": -106, "2018-03-31": "-161.00000", "2017-12-31": -181.3, "2017-09-30": -315.5, "2017-06-30": -122.5, "2017-03-31": "-132.70000", "2016-12-31": -61.8, "2016-09-30": -113.5, "2016-06-30": -125.7, "2016-03-31": "-103.20000", "2015-12-31": -1331.1, "2015-09-30": -132.9, "2015-06-30": -143.3, "2015-03-31": "-151.80000", "2014-12-31": -164, "2014-09-30": -139.4, "2014-06-30": -130.6, "2014-03-31": "-231.10000", "2013-12-31": -109.7, "2013-09-30": -96, "2013-06-30": -105.5, "2013-03-31": "-73.60000", "2012-12-31": -122.9, "2012-09-30": -38, "2012-06-30": -91.9, "2012-03-31": "-92.40000", "2011-12-31": -95.7, "2011-09-30": -112.8, "2011-06-30": -88.2, "2011-03-31": "-267.80000", "2010-12-31": -87.4, "2010-09-30": -78.9, "2010-06-30": -214.9, "2010-03-31": "-48.30000", "2009-12-31": -40.6, "2009-09-30": -32.1, "2009-06-30": -48.7, "2009-03-31": "-33.40000", "2008-12-31": -43.8, "2008-09-30": -154.5, "2008-06-30": -74.2, "2008-03-31": "-71.40000", "2007-12-31": -65.3, "2007-09-30": -45.8, "2007-06-30": -63.8, "2007-03-31": "-54.30000", "2006-12-31": -63.1, "2006-09-30": -117.7, "2006-06-30": -67, "2006-03-31": "-93.30000", "2005-12-31": -95.6, "2005-09-30": -57, "2005-06-30": -68.8, "2005-03-31": "-478.70000"}, "Net Long-Term Debt": {"2020-09-30": -253, "2020-06-30": 1109, "2020-03-31": "-1.00000", "2019-12-31": -132, "2019-09-30": 0, "2019-06-30": 6, "2019-03-31": "-15.00000", "2018-12-31": -12, "2018-09-30": 0, "2018-06-30": 3, "2018-03-31": "2.00000", "2017-12-31": -2.5, "2017-09-30": -2, "2017-06-30": -6.1, "2017-03-31": "-6.40000", "2016-12-31": -177, "2016-09-30": -2.7, "2016-06-30": -0.6, "2016-03-31": "-8.70000", "2015-12-31": 534.3, "2015-09-30": 4.7, "2015-06-30": -9.3, "2015-03-31": "1009.70000", "2014-12-31": 13.8, "2014-09-30": 7.5, "2014-06-30": -322.3, "2014-03-31": "-0.10000", "2013-12-31": 17.4, "2013-09-30": 106.2, "2013-06-30": -56.5, "2013-03-31": "145.40000", "2012-12-31": -42.8, "2012-09-30": -93.5, "2012-06-30": 112.3, "2012-03-31": "91.50000", "2011-12-31": -106.1, "2011-09-30": -52.6, "2011-06-30": 11.4, "2011-03-31": "202.80000", "2010-12-31": 9.5, "2010-09-30": 257.8, "2010-06-30": -8.7, "2010-03-31": "-2.50000", "2009-12-31": -1.8, "2009-09-30": -4.7, "2009-06-30": 340.3, "2009-03-31": "-116.70000", "2008-12-31": 0, "2008-09-30": 0, "2008-06-30": -2.2, "2008-03-31": "-5.10000", "2007-12-31": -5.3, "2007-09-30": -4.5, "2007-06-30": -11.8, "2007-03-31": "12.50000", "2006-12-31": -80, "2006-09-30": 53.9, "2006-06-30": -52.7, "2006-03-31": "71.30000", "2005-12-31": -65.5, "2005-09-30": -3.5, "2005-06-30": -47.3, "2005-03-31": "124.80000"}, "Net Current Debt": {"2020-09-30": 6, "2020-06-30": 0, "2020-03-31": "", "2019-12-31": 0, "2019-09-30": 0, "2019-06-30": 0, "2019-03-31": "", "2018-12-31": -4, "2018-09-30": -31, "2018-06-30": -117, "2018-03-31": "118.00000", "2017-12-31": -212.9, "2017-09-30": 156.9, "2017-06-30": -106.4, "2017-03-31": "74.40000", "2016-12-31": -180.7, "2016-09-30": -13.6, "2016-06-30": 45.5, "2016-03-31": "19.70000", "2015-12-31": 214.3, "2015-09-30": 8, "2015-06-30": -26.7, "2015-03-31": "-512.30000", "2014-12-31": 123.3, "2014-09-30": 65.4, "2014-06-30": 193.2, "2014-03-31": "111.30000", "2013-12-31": -58.7, "2013-09-30": -63.1, "2013-06-30": 88.4, "2013-03-31": "-11.00000", "2012-12-31": -21.9, "2012-09-30": 44.1, "2012-06-30": 2.3, "2012-03-31": "-11.70000", "2011-12-31": 38.2, "2011-09-30": -7.6, "2011-06-30": -5.3, "2011-03-31": "42.30000", "2010-12-31": -24.8, "2010-09-30": -72.8, "2010-06-30": 53.9, "2010-03-31": "13.90000", "2009-12-31": -5.4, "2009-09-30": -22.2, "2009-06-30": -157.3, "2009-03-31": "70.20000", "2008-12-31": 34.1, "2008-09-30": 87.8, "2008-06-30": -86.1, "2008-03-31": "79.00000", "2007-12-31": 24.4, "2007-09-30": -51.1, "2007-06-30": -26.2, "2007-03-31": "-39.70000", "2006-12-31": 28.9, "2006-09-30": 18, "2006-06-30": -37.8, "2006-03-31": "-36.80000", "2005-12-31": -28.9, "2005-09-30": -13.8, "2005-06-30": -37, "2005-03-31": "215.90000"}, "Debt Issuance/Retirement Net - Total": {"2020-09-30": -247, "2020-06-30": 1109, "2020-03-31": "-1.00000", "2019-12-31": -132, "2019-09-30": 0, "2019-06-30": 6, "2019-03-31": "-15.00000", "2018-12-31": -16, "2018-09-30": -31, "2018-06-30": -114, "2018-03-31": "120.00000", "2017-12-31": -215.4, "2017-09-30": 154.9, "2017-06-30": -112.5, "2017-03-31": "68.00000", "2016-12-31": -357.7, "2016-09-30": -16.3, "2016-06-30": 44.9, "2016-03-31": "11.00000", "2015-12-31": 748.6, "2015-09-30": 12.7, "2015-06-30": -36, "2015-03-31": "497.40000", "2014-12-31": 137.1, "2014-09-30": 72.9, "2014-06-30": -129.1, "2014-03-31": "111.20000", "2013-12-31": -41.3, "2013-09-30": 43.1, "2013-06-30": 31.9, "2013-03-31": "134.40000", "2012-12-31": -64.7, "2012-09-30": -49.4, "2012-06-30": 114.6, "2012-03-31": "79.80000", "2011-12-31": -67.9, "2011-09-30": -60.2, "2011-06-30": 6.1, "2011-03-31": "245.10000", "2010-12-31": -15.3, "2010-09-30": 185, "2010-06-30": 45.2, "2010-03-31": "11.40000", "2009-12-31": -7.2, "2009-09-30": -26.9, "2009-06-30": 183, "2009-03-31": "-46.50000", "2008-12-31": 34.1, "2008-09-30": 87.8, "2008-06-30": -88.3, "2008-03-31": "73.90000", "2007-12-31": 19.1, "2007-09-30": -55.6, "2007-06-30": -38, "2007-03-31": "-27.20000", "2006-12-31": -51.1, "2006-09-30": 71.9, "2006-06-30": -90.5, "2006-03-31": "34.50000", "2005-12-31": -94.4, "2005-09-30": -17.3, "2005-06-30": -84.3, "2005-03-31": "340.70000"}, "Net Common Equity Issued/Repurchased": {"2020-09-30": 0, "2020-06-30": 12, "2020-03-31": "-12.00000", "2019-12-31": 0, "2019-09-30": 0, "2019-06-30": -19, "2019-03-31": "-81.00000", "2018-12-31": 0, "2018-09-30": -40, "2018-06-30": -55, "2018-03-31": "-55.00000", "2017-12-31": 0, "2017-09-30": -15.3, "2017-06-30": -53.7, "2017-03-31": "-31.00000", "2016-12-31": -38, "2016-09-30": -66.2, "2016-06-30": -104.3, "2016-03-31": "-79.50000", "2015-12-31": -219.5, "2015-09-30": -67.4, "2015-06-30": -29.2, "2015-03-31": "-33.70000", "2014-12-31": -66.1, "2014-09-30": -61.6, "2014-06-30": -21.6, "2014-03-31": "9.40000", "2013-12-31": -25.3, "2013-09-30": -69.7, "2013-06-30": -92, "2013-03-31": "-38.50000", "2012-12-31": -93.5, "2012-09-30": 1.7, "2012-06-30": -199.1, "2012-03-31": "47.00000", "2011-12-31": -79.5, "2011-09-30": 5.5, "2011-06-30": -76.6, "2011-03-31": "-154.00000", "2010-12-31": -101.7, "2010-09-30": -25.8, "2010-06-30": -146.2, "2010-03-31": "15.10000", "2009-12-31": 2.9, "2009-09-30": 3.2, "2009-06-30": 33.3, "2009-03-31": "0.50000", "2008-12-31": -6.6, "2008-09-30": -11.6, "2008-06-30": -9.8, "2008-03-31": "-10.80000", "2007-12-31": 2.6, "2007-09-30": -4.5, "2007-06-30": -11.9, "2007-03-31": "13.10000", "2006-12-31": 15.9, "2006-09-30": 3.9, "2006-06-30": 4.9, "2006-03-31": "2.40000", "2005-12-31": 2.3, "2005-09-30": 12, "2005-06-30": 1.4, "2005-03-31": "1.90000"}, "Net Total Equity Issued/Repurchased": {"2020-09-30": 0, "2020-06-30": 12, "2020-03-31": "-12.00000", "2019-12-31": 0, "2019-09-30": 0, "2019-06-30": -19, "2019-03-31": "-81.00000", "2018-12-31": 0, "2018-09-30": -40, "2018-06-30": -55, "2018-03-31": "-55.00000", "2017-12-31": 0, "2017-09-30": -15.3, "2017-06-30": -53.7, "2017-03-31": "-31.00000", "2016-12-31": -38, "2016-09-30": -66.2, "2016-06-30": -104.3, "2016-03-31": "-79.50000", "2015-12-31": -219.5, "2015-09-30": -67.4, "2015-06-30": -29.2, "2015-03-31": "-33.70000", "2014-12-31": -66.1, "2014-09-30": -61.6, "2014-06-30": -21.6, "2014-03-31": "9.40000", "2013-12-31": -25.3, "2013-09-30": -69.7, "2013-06-30": -92, "2013-03-31": "-38.50000", "2012-12-31": -93.5, "2012-09-30": 1.7, "2012-06-30": -199.1, "2012-03-31": "47.00000", "2011-12-31": -79.5, "2011-09-30": 5.5, "2011-06-30": -76.6, "2011-03-31": "-154.00000", "2010-12-31": -101.7, "2010-09-30": -25.8, "2010-06-30": -146.2, "2010-03-31": "15.10000", "2009-12-31": 2.9, "2009-09-30": 3.2, "2009-06-30": 33.3, "2009-03-31": "0.50000", "2008-12-31": -6.6, "2008-09-30": -11.6, "2008-06-30": -9.8, "2008-03-31": "-10.80000", "2007-12-31": 2.6, "2007-09-30": -4.5, "2007-06-30": -11.9, "2007-03-31": "13.10000", "2006-12-31": 15.9, "2006-09-30": 3.9, "2006-06-30": 4.9, "2006-03-31": "2.40000", "2005-12-31": 2.3, "2005-09-30": 12, "2005-06-30": 1.4, "2005-03-31": "1.90000"}, "Total Common And Preferred Stock Dividends Paid": {"2020-09-30": -40, "2020-06-30": -37, "2020-03-31": "-49.00000", "2019-12-31": -40, "2019-09-30": -34, "2019-06-30": -37, "2019-03-31": "-57.00000", "2018-12-31": -71, "2018-09-30": -10, "2018-06-30": -60, "2018-03-31": "-36.00000", "2017-12-31": -65.5, "2017-09-30": -29.4, "2017-06-30": -29.4, "2017-03-31": "-29.70000", "2016-12-31": -29.6, "2016-09-30": -27.6, "2016-06-30": -28, "2016-03-31": "-28.20000", "2015-12-31": -10.4, "2015-09-30": -29.5, "2015-06-30": -31.5, "2015-03-31": "-45.30000", "2014-12-31": -30, "2014-09-30": -31.6, "2014-06-30": -33.2, "2014-03-31": "-42.40000", "2013-12-31": -30.9, "2013-09-30": -30.2, "2013-06-30": 0, "2013-03-31": "-9.00000", "2012-12-31": -1.4, "2012-09-30": -6.1, "2012-06-30": -2.4, "2012-03-31": "-12.00000", "2011-12-31": -3.8, "2011-09-30": -0.9, "2011-06-30": -9.2, "2011-03-31": "", "2010-12-31": -2.7, "2010-09-30": -0.4, "2010-06-30": -2.8, "2010-03-31": "-5.00000", "2009-12-31": -0.1, "2009-09-30": -0.4, "2009-06-30": -3.7, "2009-03-31": "-18.40000", "2008-12-31": -12.4, "2008-09-30": -13.4, "2008-06-30": -16.8, "2008-03-31": "-21.00000", "2007-12-31": -11.3, "2007-09-30": -10.4, "2007-06-30": -14.5, "2007-03-31": "-20.70000", "2006-12-31": -8.1, "2006-09-30": -9.2, "2006-06-30": -16.3, "2006-03-31": "-18.20000", "2005-12-31": -8.1, "2005-09-30": -13.1, "2005-06-30": -8.3, "2005-03-31": "-10.50000"}, "Financial Activities - Other": {"2020-09-30": -1, "2020-06-30": -23, "2020-03-31": "", "2019-12-31": 0, "2019-09-30": 4, "2019-06-30": -15, "2019-03-31": "", "2018-12-31": 27, "2018-09-30": -27, "2018-06-30": 17, "2018-03-31": "-32.00000", "2017-12-31": 24.1, "2017-09-30": -2.1, "2017-06-30": -2.9, "2017-03-31": "-23.10000", "2016-12-31": 1.6, "2016-09-30": 10.9, "2016-06-30": 1.3, "2016-03-31": "-28.10000", "2015-12-31": -21.6, "2015-09-30": 1.6, "2015-06-30": 2, "2015-03-31": "-1.60000", "2014-12-31": -93.2, "2014-09-30": -0.1, "2014-06-30": -1.2, "2014-03-31": "-22.20000", "2013-12-31": 21.3, "2013-09-30": -0.2, "2013-06-30": -1.8, "2013-03-31": "-27.20000", "2012-12-31": 22.1, "2012-09-30": -7.6, "2012-06-30": -0.1, "2012-03-31": "-17.50000", "2011-12-31": 0, "2011-09-30": -29.4, "2011-06-30": 17.6, "2011-03-31": "-12.50000", "2010-12-31": 0, "2010-09-30": 30, "2010-06-30": 0, "2010-03-31": "", "2009-12-31": 17, "2009-09-30": -0.7, "2009-06-30": -109, "2009-03-31": "17.80000", "2008-12-31": -141.2, "2008-09-30": 0, "2008-06-30": 0, "2008-03-31": "", "2007-12-31": -138.8, "2007-09-30": 0, "2007-06-30": 0, "2007-03-31": "", "2006-12-31": 0, "2006-09-30": 0, "2006-06-30": 0, "2006-03-31": "", "2005-12-31": 0, "2005-09-30": 0, "2005-06-30": 0, "2005-03-31": ""}, "Cash Flow From Financial Activities": {"2020-09-30": -288, "2020-06-30": 1061, "2020-03-31": "-62.00000", "2019-12-31": -172, "2019-09-30": -30, "2019-06-30": -65, "2019-03-31": "-153.00000", "2018-12-31": -60, "2018-09-30": -108, "2018-06-30": -212, "2018-03-31": "-3.00000", "2017-12-31": -256.8, "2017-09-30": 108.1, "2017-06-30": -198.5, "2017-03-31": "-15.80000", "2016-12-31": -423.7, "2016-09-30": -99.2, "2016-06-30": -86.1, "2016-03-31": "-124.80000", "2015-12-31": 497.1, "2015-09-30": -82.6, "2015-06-30": -94.7, "2015-03-31": "416.80000", "2014-12-31": -52.2, "2014-09-30": -20.4, "2014-06-30": -185.1, "2014-03-31": "56.00000", "2013-12-31": -76.2, "2013-09-30": -57, "2013-06-30": -61.9, "2013-03-31": "59.70000", "2012-12-31": -137.5, "2012-09-30": -61.4, "2012-06-30": -87, "2012-03-31": "97.30000", "2011-12-31": -151.2, "2011-09-30": -85, "2011-06-30": -62.1, "2011-03-31": "78.60000", "2010-12-31": -119.7, "2010-09-30": 188.8, "2010-06-30": -103.8, "2010-03-31": "21.50000", "2009-12-31": 12.6, "2009-09-30": -24.8, "2009-06-30": 103.6, "2009-03-31": "-46.60000", "2008-12-31": -126.1, "2008-09-30": 62.8, "2008-06-30": -114.9, "2008-03-31": "42.10000", "2007-12-31": -128.4, "2007-09-30": -70.5, "2007-06-30": -64.4, "2007-03-31": "-34.80000", "2006-12-31": -43.3, "2006-09-30": 66.6, "2006-06-30": -101.9, "2006-03-31": "18.70000", "2005-12-31": -100.2, "2005-09-30": -18.4, "2005-06-30": -91.2, "2005-03-31": "332.10000"}, "Net Cash Flow": {"2020-09-30": 118, "2020-06-30": 1102, "2020-03-31": "69.00000", "2019-12-31": -84, "2019-09-30": 206, "2019-06-30": 193, "2019-03-31": "-222.00000", "2018-12-31": 377, "2018-09-30": 0, "2018-06-30": -48, "2018-03-31": "-135.00000", "2017-12-31": 130.4, "2017-09-30": 27.2, "2017-06-30": 28.7, "2017-03-31": "-85.30000", "2016-12-31": -75, "2016-09-30": 23.7, "2016-06-30": 102.7, "2016-03-31": "-185.40000", "2015-12-31": -455.6, "2015-09-30": -74.6, "2015-06-30": 72.4, "2015-03-31": "237.70000", "2014-12-31": 15, "2014-09-30": 11.4, "2014-06-30": -36.7, "2014-03-31": "-131.40000", "2013-12-31": 19.1, "2013-09-30": 103.4, "2013-06-30": 121.6, "2013-03-31": "-20.30000", "2012-12-31": 94.2, "2012-09-30": 139.6, "2012-06-30": 85, "2012-03-31": "37.30000", "2011-12-31": -17.4, "2011-09-30": 4.6, "2011-06-30": 149.5, "2011-03-31": "-227.00000", "2010-12-31": 17.7, "2010-09-30": 244.7, "2010-06-30": -186.6, "2010-03-31": "16.70000", "2009-12-31": 98.6, "2009-09-30": 1.9, "2009-06-30": 166.1, "2009-03-31": "-12.60000", "2008-12-31": -32.4, "2008-09-30": -90.1, "2008-06-30": 22.5, "2008-03-31": "14.90000", "2007-12-31": 51.1, "2007-09-30": 18.9, "2007-06-30": 0.4, "2007-03-31": "-5.20000", "2006-12-31": 56.3, "2006-09-30": -0.2, "2006-06-30": 10.4, "2006-03-31": "-32.90000", "2005-12-31": -3.5, "2005-09-30": 0.5, "2005-06-30": -24.1, "2005-03-31": "-112.90000"}, "Stock-Based Compensation": {"2020-09-30": 13, "2020-06-30": 6, "2020-03-31": "10.00000", "2019-12-31": 12, "2019-09-30": 13, "2019-06-30": 9, "2019-03-31": "8.00000", "2018-12-31": 15, "2018-09-30": 16, "2018-06-30": 7, "2018-03-31": "15.00000", "2017-12-31": 16.5, "2017-09-30": 11.2, "2017-06-30": 11.2, "2017-03-31": "13.10000", "2016-12-31": 16.3, "2016-09-30": 7, "2016-06-30": 10.7, "2016-03-31": "9.60000", "2015-12-31": 9.7, "2015-09-30": 9.9, "2015-06-30": 9.7, "2015-03-31": "10.90000", "2014-12-31": 8, "2014-09-30": 8.3, "2014-06-30": 8, "2014-03-31": "7.80000", "2013-12-31": 7.3, "2013-09-30": 6.9, "2013-06-30": 7.2, "2013-03-31": "15.20000", "2012-12-31": 15.7, "2012-09-30": 9.9, "2012-06-30": 10.1, "2012-03-31": "21.00000", "2011-12-31": 5.4, "2011-09-30": 5.2, "2011-06-30": 6.4, "2011-03-31": "4.80000", "2010-12-31": 7.2, "2010-09-30": 5, "2010-06-30": 5.7, "2010-03-31": "4.90000", "2009-12-31": 4.1, "2009-09-30": 5.4, "2009-06-30": 7.3, "2009-03-31": "5.20000", "2008-12-31": 8.6, "2008-09-30": 5.5, "2008-06-30": 1.6, "2008-03-31": "5.50000", "2007-12-31": 3.6, "2007-09-30": 3.6, "2007-06-30": 4.9, "2007-03-31": "4.20000", "2006-12-31": 3.6, "2006-09-30": 3.2, "2006-06-30": 3, "2006-03-31": "2.90000", "2005-12-31": 0, "2005-09-30": 0, "2005-06-30": 0, "2005-03-31": ""}, "Common Stock Dividends Paid": {"2020-09-30": -40, "2020-06-30": -37, "2020-03-31": "-49.00000", "2019-12-31": -40, "2019-09-30": -34, "2019-06-30": -37, "2019-03-31": "-57.00000", "2018-12-31": -71, "2018-09-30": -10, "2018-06-30": -60, "2018-03-31": "-36.00000", "2017-12-31": -65.5, "2017-09-30": -29.4, "2017-06-30": -29.4, "2017-03-31": "-29.70000", "2016-12-31": -29.6, "2016-09-30": -27.6, "2016-06-30": -28, "2016-03-31": "-28.20000", "2015-12-31": -10.4, "2015-09-30": -29.5, "2015-06-30": -31.5, "2015-03-31": "-45.30000", "2014-12-31": -30, "2014-09-30": -31.6, "2014-06-30": -33.2, "2014-03-31": "-42.40000", "2013-12-31": -30.9, "2013-09-30": -30.2, "2013-06-30": 0, "2013-03-31": "-9.00000", "2012-12-31": -1.4, "2012-09-30": -6.1, "2012-06-30": -2.4, "2012-03-31": "-12.00000", "2011-12-31": -3.8, "2011-09-30": -0.9, "2011-06-30": -9.2, "2011-03-31": "", "2010-12-31": -2.7, "2010-09-30": -0.4, "2010-06-30": -2.8, "2010-03-31": "-5.00000", "2009-12-31": -0.1, "2009-09-30": -0.4, "2009-06-30": -3.7, "2009-03-31": "-18.40000", "2008-12-31": -12.4, "2008-09-30": -13.4, "2008-06-30": -16.8, "2008-03-31": "-21.00000", "2007-12-31": -11.3, "2007-09-30": -10.4, "2007-06-30": -14.5, "2007-03-31": "-20.70000", "2006-12-31": -8.1, "2006-09-30": -9.2, "2006-06-30": -16.3, "2006-03-31": "-18.20000", "2005-12-31": -8.1, "2005-09-30": -13.1, "2005-06-30": -8.3, "2005-03-31": "-10.50000"}}, "financial ratios": {"Current Ratio": {"2019-12-31": "1.64710", "2018-12-31": "1.58610", "2017-12-31": "1.46100", "2016-12-31": "1.39190", "2015-12-31": "1.33010", "2014-12-31": "1.37020", "2013-12-31": "1.72330", "2012-12-31": "1.54250", "2011-12-31": "1.12200", "2010-12-31": "1.47950", "2009-12-31": "1.48330", "2008-12-31": "1.04660", "2007-12-31": "1.45800", "2006-12-31": "1.38920", "2005-12-31": "1.04150"}, "Long-term Debt / Capital": {"2019-12-31": "0.25680", "2018-12-31": "0.30880", "2017-12-31": "0.35480", "2016-12-31": "0.38230", "2015-12-31": "0.36740", "2014-12-31": "0.16250", "2013-12-31": "0.21940", "2012-12-31": "0.20750", "2011-12-31": "0.23450", "2010-12-31": "0.31290", "2009-12-31": "0.25810", "2008-12-31": "0.18410", "2007-12-31": "0.19790", "2006-12-31": "0.23290", "2005-12-31": "0.21130"}, "Debt/Equity Ratio": {"2019-12-31": "0.40460", "2018-12-31": "0.48650", "2017-12-31": "0.57200", "2016-12-31": "0.67220", "2015-12-31": "0.70230", "2014-12-31": "0.36310", "2013-12-31": "0.33660", "2012-12-31": "0.33920", "2011-12-31": "0.54180", "2010-12-31": "0.51100", "2009-12-31": "0.37900", "2008-12-31": "0.38300", "2007-12-31": "0.27410", "2006-12-31": "0.38450", "2005-12-31": "0.45040"}, "Gross Margin": {"2019-12-31": "20.66290", "2018-12-31": "21.17760", "2017-12-31": "21.58380", "2016-12-31": "21.26230", "2015-12-31": "21.22720", "2014-12-31": "21.14850", "2013-12-31": "20.94370", "2012-12-31": "20.42130", "2011-12-31": "19.82380", "2010-12-31": "19.34090", "2009-12-31": "14.15520", "2008-12-31": "15.92930", "2007-12-31": "17.82640", "2006-12-31": "18.53490", "2005-12-31": "19.88450"}, "Operating Margin": {"2019-12-31": "12.81470", "2018-12-31": "11.30100", "2017-12-31": "10.93990", "2016-12-31": "10.72870", "2015-12-31": "11.07170", "2014-12-31": "11.60370", "2013-12-31": "11.49990", "2012-12-31": "10.48140", "2011-12-31": "11.20920", "2010-12-31": "8.92120", "2009-12-31": "1.28220", "2008-12-31": "0.13870", "2007-12-31": "7.84630", "2006-12-31": "5.98860", "2005-12-31": "7.52480"}, "EBIT Margin": {"2019-12-31": "12.81470", "2018-12-31": "11.30100", "2017-12-31": "10.93990", "2016-12-31": "10.72870", "2015-12-31": "11.07170", "2014-12-31": "11.60370", "2013-12-31": "11.49990", "2012-12-31": "10.48140", "2011-12-31": "11.20920", "2010-12-31": "8.92120", "2009-12-31": "1.28220", "2008-12-31": "0.13870", "2007-12-31": "7.84630", "2006-12-31": "5.98860", "2005-12-31": "7.52480"}, "EBITDA Margin": {"2019-12-31": "17.13220", "2018-12-31": "15.39410", "2017-12-31": "15.10360", "2016-12-31": "15.04360", "2015-12-31": "15.06260", "2014-12-31": "15.58200", "2013-12-31": "15.52590", "2012-12-31": "14.49910", "2011-12-31": "15.47220", "2010-12-31": "13.71890", "2009-12-31": "8.18820", "2008-12-31": "8.56590", "2007-12-31": "12.81200", "2006-12-31": "11.58460", "2005-12-31": "13.47520"}, "Pre-Tax Profit Margin": {"2019-12-31": "12.44100", "2018-12-31": "11.35800", "2017-12-31": "10.84810", "2016-12-31": "10.39250", "2015-12-31": "10.91090", "2014-12-31": "11.80120", "2013-12-31": "11.68950", "2012-12-31": "10.59420", "2011-12-31": "10.76500", "2010-12-31": "8.45420", "2009-12-31": "0.45180", "2008-12-31": "0.26600", "2007-12-31": "8.07720", "2006-12-31": "5.89480", "2005-12-31": "7.31750"}, "Net Profit Margin": {"2019-12-31": "7.33670", "2018-12-31": "8.84140", "2017-12-31": "4.49030", "2016-12-31": "6.55940", "2015-12-31": "7.19410", "2014-12-31": "7.89640", "2013-12-31": "8.39500", "2012-12-31": "6.97320", "2011-12-31": "7.73190", "2010-12-31": "6.67630", "2009-12-31": "0.68150", "2008-12-31": "-0.67630", "2007-12-31": "5.41420", "2006-12-31": "4.61460", "2005-12-31": "5.58010"}, "Asset Turnover": {"2019-12-31": "1.04800", "2018-12-31": "1.04310", "2017-12-31": "1.00120", "2016-12-31": "1.02670", "2015-12-31": "0.90910", "2014-12-31": "1.14900", "2013-12-31": "1.07510", "2012-12-31": "1.12220", "2011-12-31": "1.19400", "2010-12-31": "1.01760", "2009-12-31": "0.82340", "2008-12-31": "1.13350", "2007-12-31": "1.07460", "2006-12-31": "1.00030", "2005-12-31": "1.05000"}, "Inventory Turnover Ratio": {"2019-12-31": "9.99630", "2018-12-31": "10.62740", "2017-12-31": "10.02740", "2016-12-31": "11.13900", "2015-12-31": "8.73420", "2014-12-31": "12.94980", "2013-12-31": "12.83370", "2012-12-31": "12.77100", "2011-12-31": "12.55620", "2010-12-31": "10.58870", "2009-12-31": "10.82090", "2008-12-31": "9.80810", "2007-12-31": "9.78260", "2006-12-31": "9.65500", "2005-12-31": "10.36150"}, "Receiveable Turnover": {"2019-12-31": "5.29310", "2018-12-31": "5.29680", "2017-12-31": "4.85360", "2016-12-31": "5.36970", "2015-12-31": "4.81870", "2014-12-31": "5.75340", "2013-12-31": "5.95640", "2012-12-31": "6.26100", "2011-12-31": "6.01410", "2010-12-31": "5.52090", "2009-12-31": "5.41230", "2008-12-31": "8.67060", "2007-12-31": "6.64080", "2006-12-31": "6.16320", "2005-12-31": "6.85800"}, "Days Sales In Receivables": {"2019-12-31": "68.95800", "2018-12-31": "68.90980", "2017-12-31": "75.20140", "2016-12-31": "67.97430", "2015-12-31": "75.74600", "2014-12-31": "63.44020", "2013-12-31": "61.27830", "2012-12-31": "58.29780", "2011-12-31": "60.69050", "2010-12-31": "66.11300", "2009-12-31": "67.43900", "2008-12-31": "42.09650", "2007-12-31": "54.96300", "2006-12-31": "59.22280", "2005-12-31": "53.22240"}, "ROE - Return On Equity": {"2019-12-31": "16.45330", "2018-12-31": "22.66970", "2017-12-31": "12.62450", "2016-12-31": "19.28280", "2015-12-31": "16.90490", "2014-12-31": "18.62690", "2013-12-31": "17.92200", "2012-12-31": "16.60470", "2011-12-31": "23.26130", "2010-12-31": "17.15300", "2009-12-31": "1.63760", "2008-12-31": "-0.94720", "2007-12-31": "13.63580", "2006-12-31": "11.28290", "2005-12-31": "14.57240"}, "Return On Tangible Equity": {"2019-12-31": "30.65390", "2018-12-31": "47.97860", "2017-12-31": "33.27820", "2016-12-31": "56.03770", "2015-12-31": "46.15790", "2014-12-31": "29.45460", "2013-12-31": "26.73070", "2012-12-31": "26.58930", "2011-12-31": "45.04260", "2010-12-31": "33.11880", "2009-12-31": "3.13440", "2008-12-31": "-1.95920", "2007-12-31": "27.45250", "2006-12-31": "26.82220", "2005-12-31": "38.99740"}, "ROA - Return On Assets": {"2019-12-31": "8.21480", "2018-12-31": "9.75730", "2017-12-31": "4.93480", "2016-12-31": "7.20680", "2015-12-31": "6.95580", "2014-12-31": "9.51160", "2013-12-31": "9.41160", "2012-12-31": "8.16150", "2011-12-31": "9.57610", "2010-12-31": "7.13230", "2009-12-31": "0.75650", "2008-12-31": "-0.41560", "2007-12-31": "6.38300", "2006-12-31": "4.61610", "2005-12-31": "5.85910"}, "ROI - Return On Investment": {"2019-12-31": "12.22770", "2018-12-31": "15.66970", "2017-12-31": "8.14560", "2016-12-31": "11.91100", "2015-12-31": "10.69440", "2014-12-31": "15.59950", "2013-12-31": "13.98980", "2012-12-31": "13.15900", "2011-12-31": "17.80730", "2010-12-31": "11.78570", "2009-12-31": "1.21500", "2008-12-31": "-0.77290", "2007-12-31": "10.93760", "2006-12-31": "8.65510", "2005-12-31": "11.49270"}, "Book Value Per Share": {"2019-12-31": "23.46810", "2018-12-31": "20.86790", "2017-12-31": "18.14830", "2016-12-31": "15.55570", "2015-12-31": "16.55760", "2014-12-31": "16.30040", "2013-12-31": "15.93630", "2012-12-31": "13.61090", "2011-12-31": "11.30270", "2010-12-31": "10.28260", "2009-12-31": "9.51190", "2008-12-31": "8.81790", "2007-12-31": "9.99360", "2006-12-31": "8.12660", "2005-12-31": "7.19450"}, "Operating Cash Flow Per Share": {"2019-12-31": -0.5004, "2018-12-31": -0.2045, "2017-12-31": 0.7693, "2016-12-31": 0.9636, "2015-12-31": 0.3438, "2014-12-31": 0.3953, "2013-12-31": -0.5125, "2012-12-31": 0.8634, "2011-12-31": 0.6768, "2010-12-31": 0.5787, "2009-12-31": -0.2267, "2008-12-31": -0.8332, "2007-12-31": 0.6541, "2006-12-31": 0.1796, "2005-12-31": 1.727}, "Free Cash Flow Per Share": {"2019-12-31": -0.2201, "2018-12-31": -0.1629, "2017-12-31": 0.4464, "2016-12-31": 1.1972, "2015-12-31": 0.2447, "2014-12-31": -0.258, "2013-12-31": -0.6404, "2012-12-31": 0.7175, "2011-12-31": 0.2118, "2010-12-31": 0.2468, "2009-12-31": 0.6314, "2008-12-31": -1.1796, "2007-12-31": 0.5641, "2006-12-31": 0.2965, "2005-12-31": 0.453}}, "financial ratios, quarterly": {"Current Ratio": {"2020-09-30": "2.34880", "2020-06-30": "2.35580", "2020-03-31": "1.76130", "2019-12-31": "1.64710", "2019-09-30": "1.57900", "2019-06-30": "1.66410", "2019-03-31": "1.61770", "2018-12-31": "1.58610", "2018-09-30": "1.66250", "2018-06-30": "1.58460", "2018-03-31": "1.51760", "2017-12-31": "1.46100", "2017-09-30": "1.42830", "2017-06-30": "1.51620", "2017-03-31": "1.44450", "2016-12-31": "1.39190", "2016-09-30": "1.34520", "2016-06-30": "1.33630", "2016-03-31": "1.37740", "2015-12-31": "1.33010", "2015-09-30": "2.14380", "2015-06-30": "2.07960", "2015-03-31": "2.07640", "2014-12-31": "1.37020", "2014-09-30": "1.39050", "2014-06-30": "1.39920", "2014-03-31": "1.58110", "2013-12-31": "1.72330", "2013-09-30": "1.73540", "2013-06-30": "1.59440", "2013-03-31": "1.64320", "2012-12-31": "1.54250", "2012-09-30": "1.58990", "2012-06-30": "1.59950", "2012-03-31": "1.28110", "2011-12-31": "1.12200", "2011-09-30": "1.17860", "2011-06-30": "1.19060", "2011-03-31": "1.40540", "2010-12-31": "1.47950", "2010-09-30": "1.47980", "2010-06-30": "1.23150", "2010-03-31": "1.48430", "2009-12-31": "1.48330", "2009-09-30": "1.42700", "2009-06-30": "1.41590", "2009-03-31": "1.06970", "2008-12-31": "1.04660", "2008-09-30": "1.18820", "2008-06-30": "1.34390", "2008-03-31": "1.32230", "2007-12-31": "1.45800", "2007-09-30": "1.58150", "2007-06-30": "1.50920", "2007-03-31": "1.45810", "2006-12-31": "1.38920", "2006-09-30": "1.24990", "2006-06-30": "1.19260", "2006-03-31": "1.16310", "2005-12-31": "1.04150", "2005-09-30": "1.29860", "2005-06-30": "1.25030", "2005-03-31": "1.26720"}, "Long-term Debt / Capital": {"2020-09-30": "0.36170", "2020-06-30": "0.36700", "2020-03-31": "0.25490", "2019-12-31": "0.25680", "2019-09-30": "0.26560", "2019-06-30": "0.30000", "2019-03-31": "0.30490", "2018-12-31": "0.30880", "2018-09-30": "0.33340", "2018-06-30": "0.34150", "2018-03-31": "0.34670", "2017-12-31": "0.35480", "2017-09-30": "0.34820", "2017-06-30": "0.36010", "2017-03-31": "0.36960", "2016-12-31": "0.38230", "2016-09-30": "0.35540", "2016-06-30": "0.36070", "2016-03-31": "0.36180", "2015-12-31": "0.36740", "2015-09-30": "0.31410", "2015-06-30": "0.31580", "2015-03-31": "0.32700", "2014-12-31": "0.16250", "2014-09-30": "0.15660", "2014-06-30": "0.15320", "2014-03-31": "0.21570", "2013-12-31": "0.21940", "2013-09-30": "0.22870", "2013-06-30": "0.21910", "2013-03-31": "0.23500", "2012-12-31": "0.20750", "2012-09-30": "0.21810", "2012-06-30": "0.24580", "2012-03-31": "0.23780", "2011-12-31": "0.23450", "2011-09-30": "0.26020", "2011-06-30": "0.26900", "2011-03-31": "0.34860", "2010-12-31": "0.31290", "2010-09-30": "0.31200", "2010-06-30": "0.27500", "2010-03-31": "0.25660", "2009-12-31": "0.25810", "2009-09-30": "0.26210", "2009-06-30": "0.26890", "2009-03-31": "0.19010", "2008-12-31": "0.18410", "2008-09-30": "0.16220", "2008-06-30": "0.14440", "2008-03-31": "0.15270", "2007-12-31": "0.19790", "2007-09-30": "0.20460", "2007-06-30": "0.21590", "2007-03-31": "0.22960", "2006-12-31": "0.23290", "2006-09-30": "0.21450", "2006-06-30": "0.19670", "2006-03-31": "0.22760", "2005-12-31": "0.21130", "2005-09-30": "0.27820", "2005-06-30": "0.29150", "2005-03-31": "0.30270"}, "Debt/Equity Ratio": {"2020-09-30": "0.57670", "2020-06-30": "0.64220", "2020-03-31": "0.40090", "2019-12-31": "0.40460", "2019-09-30": "0.45330", "2019-06-30": "0.46650", "2019-03-31": "0.47590", "2018-12-31": "0.48650", "2018-09-30": "0.51230", "2018-06-30": "0.53600", "2018-03-31": "0.57910", "2017-12-31": "0.57200", "2017-09-30": "0.61160", "2017-06-30": "0.60120", "2017-03-31": "0.65970", "2016-12-31": "0.67220", "2016-09-30": "0.68990", "2016-06-30": "0.70150", "2016-03-31": "0.69090", "2015-12-31": "0.70230", "2015-09-30": "0.47760", "2015-06-30": "0.48080", "2015-03-31": "0.51600", "2014-12-31": "0.36310", "2014-09-30": "0.34510", "2014-06-30": "0.31980", "2014-03-31": "0.36550", "2013-12-31": "0.33660", "2013-09-30": "0.37040", "2013-06-30": "0.37780", "2013-03-31": "0.37980", "2012-12-31": "0.33920", "2012-09-30": "0.35510", "2012-06-30": "0.39300", "2012-03-31": "0.51820", "2011-12-31": "0.54180", "2011-09-30": "0.56470", "2011-06-30": "0.57990", "2011-03-31": "0.60990", "2010-12-31": "0.51100", "2010-09-30": "0.51680", "2010-06-30": "0.46950", "2010-03-31": "0.40410", "2009-12-31": "0.37900", "2009-09-30": "0.39050", "2009-06-30": "0.41390", "2009-03-31": "0.36080", "2008-12-31": "0.38300", "2008-09-30": "0.32070", "2008-06-30": "0.24540", "2008-03-31": "0.29430", "2007-12-31": "0.27410", "2007-09-30": "0.27410", "2007-06-30": "0.31870", "2007-03-31": "0.35610", "2006-12-31": "0.38450", "2006-09-30": "0.40640", "2006-06-30": "0.37190", "2006-03-31": "0.44580", "2005-12-31": "0.45040", "2005-09-30": "0.49250", "2005-06-30": "0.52990", "2005-03-31": "0.58040"}, "Gross Margin": {"2020-09-30": "20.40250", "2020-06-30": "12.20200", "2020-03-31": "19.61390", "2019-12-31": "21.29740", "2019-09-30": "21.02730", "2019-06-30": "20.10980", "2019-03-31": "20.22600", "2018-12-31": "21.13440", "2018-09-30": "20.78290", "2018-06-30": "21.52930", "2018-03-31": "21.22850", "2017-12-31": "21.81660", "2017-09-30": "21.58760", "2017-06-30": "21.46300", "2017-03-31": "21.44990", "2016-12-31": "21.98320", "2016-09-30": "21.27630", "2016-06-30": "21.32490", "2016-03-31": "20.46640", "2015-12-31": "21.04940", "2015-09-30": "21.13590", "2015-06-30": "21.11320", "2015-03-31": "21.62080", "2014-12-31": "20.74900", "2014-09-30": "20.88970", "2014-06-30": "21.52030", "2014-03-31": "21.39050", "2013-12-31": "21.56570", "2013-09-30": "21.01650", "2013-06-30": "20.94090", "2013-03-31": "20.24200", "2012-12-31": "20.02210", "2012-09-30": "20.27490", "2012-06-30": "20.64210", "2012-03-31": "20.69540", "2011-12-31": "20.27970", "2011-09-30": "19.57810", "2011-06-30": "19.63380", "2011-03-31": "19.81050", "2010-12-31": "19.96220", "2010-09-30": "19.37060", "2010-06-30": "19.37120", "2010-03-31": "18.53440", "2009-12-31": "17.79190", "2009-09-30": "14.76940", "2009-06-30": "12.68280", "2009-03-31": "9.71320", "2008-12-31": "7.93340", "2008-09-30": "15.36180", "2008-06-30": "18.38320", "2008-03-31": "18.91390", "2007-12-31": "18.77050", "2007-09-30": "17.41020", "2007-06-30": "18.14850", "2007-03-31": "16.89620", "2006-12-31": "17.65830", "2006-09-30": "17.29570", "2006-06-30": "19.77410", "2006-03-31": "19.33000", "2005-12-31": "19.03630", "2005-09-30": "19.81160", "2005-06-30": "20.91060", "2005-03-31": "19.72310"}, "Operating Margin": {"2020-09-30": "11.20760", "2020-06-30": "-5.46980", "2020-03-31": "8.29310", "2019-12-31": "18.67920", "2019-09-30": "11.07540", "2019-06-30": "11.17210", "2019-03-31": "10.28840", "2018-12-31": "10.33410", "2018-09-30": "11.21870", "2018-06-30": "11.61840", "2018-03-31": "11.96120", "2017-12-31": "8.03530", "2017-09-30": "11.36500", "2017-06-30": "12.47440", "2017-03-31": "12.11050", "2016-12-31": "12.80650", "2016-09-30": "6.78800", "2016-06-30": "11.56620", "2016-03-31": "11.64600", "2015-12-31": "7.02280", "2015-09-30": "12.58490", "2015-06-30": "11.93460", "2015-03-31": "13.08340", "2014-12-31": "10.65310", "2014-09-30": "11.69730", "2014-06-30": "12.77200", "2014-03-31": "11.18950", "2013-12-31": "9.95550", "2013-09-30": "12.49030", "2013-06-30": "12.85180", "2013-03-31": "10.72340", "2012-12-31": "9.92960", "2012-09-30": "9.61540", "2012-06-30": "10.42340", "2012-03-31": "11.80130", "2011-12-31": "10.77410", "2011-09-30": "11.09500", "2011-06-30": "12.55220", "2011-03-31": "10.36180", "2010-12-31": "10.26480", "2010-09-30": "8.71780", "2010-06-30": "8.25070", "2010-03-31": "8.28410", "2009-12-31": "5.61630", "2009-09-30": "2.67560", "2009-06-30": "-5.40280", "2009-03-31": "0.67110", "2008-12-31": "-14.20290", "2008-09-30": "-7.88970", "2008-06-30": "7.82670", "2008-03-31": "8.32610", "2007-12-31": "8.47110", "2007-09-30": "7.48320", "2007-06-30": "8.32660", "2007-03-31": "7.03550", "2006-12-31": "1.01520", "2006-09-30": "5.71810", "2006-06-30": "9.19820", "2006-03-31": "8.16310", "2005-12-31": "8.61640", "2005-09-30": "8.61170", "2005-06-30": "5.28160", "2005-03-31": "7.71570"}, "EBIT Margin": {"2020-09-30": "11.20760", "2020-06-30": "-5.46980", "2020-03-31": "8.29310", "2019-12-31": "18.67920", "2019-09-30": "11.07540", "2019-06-30": "11.17210", "2019-03-31": "10.28840", "2018-12-31": "10.33410", "2018-09-30": "11.21870", "2018-06-30": "11.61840", "2018-03-31": "11.96120", "2017-12-31": "8.03530", "2017-09-30": "11.36500", "2017-06-30": "12.47440", "2017-03-31": "12.11050", "2016-12-31": "12.80660", "2016-09-30": "6.78800", "2016-06-30": "11.56620", "2016-03-31": "11.64600", "2015-12-31": "7.02280", "2015-09-30": "12.58490", "2015-06-30": "11.93460", "2015-03-31": "13.08340", "2014-12-31": "10.65310", "2014-09-30": "11.69730", "2014-06-30": "12.77200", "2014-03-31": "11.18950", "2013-12-31": "9.95540", "2013-09-30": "12.49030", "2013-06-30": "12.85180", "2013-03-31": "10.72340", "2012-12-31": "9.92960", "2012-09-30": "9.61540", "2012-06-30": "10.42340", "2012-03-31": "11.80130", "2011-12-31": "10.77410", "2011-09-30": "11.09500", "2011-06-30": "12.55220", "2011-03-31": "10.36180", "2010-12-31": "10.26480", "2010-09-30": "8.71780", "2010-06-30": "8.25070", "2010-03-31": "8.28410", "2009-12-31": "5.61630", "2009-09-30": "2.67560", "2009-06-30": "-5.40280", "2009-03-31": "0.67110", "2008-12-31": "-14.20290", "2008-09-30": "-7.88970", "2008-06-30": "7.82670", "2008-03-31": "8.32610", "2007-12-31": "8.47110", "2007-09-30": "7.48320", "2007-06-30": "8.32660", "2007-03-31": "7.03550", "2006-12-31": "1.01520", "2006-09-30": "5.71810", "2006-06-30": "9.19820", "2006-03-31": "8.16310", "2005-12-31": "8.61640", "2005-09-30": "8.61170", "2005-06-30": "5.28160", "2005-03-31": "7.71570"}, "EBITDA Margin": {"2020-09-30": "", "2020-06-30": "", "2020-03-31": "", "2019-12-31": "", "2019-09-30": "", "2019-06-30": "", "2019-03-31": "", "2018-12-31": "", "2018-09-30": "", "2018-06-30": "", "2018-03-31": "", "2017-12-31": "", "2017-09-30": "", "2017-06-30": "", "2017-03-31": "", "2016-12-31": "", "2016-09-30": "", "2016-06-30": "", "2016-03-31": "", "2015-12-31": "", "2015-09-30": "", "2015-06-30": "", "2015-03-31": "", "2014-12-31": "", "2014-09-30": "", "2014-06-30": "", "2014-03-31": "", "2013-12-31": "", "2013-09-30": "", "2013-06-30": "", "2013-03-31": "", "2012-12-31": "", "2012-09-30": "", "2012-06-30": "", "2012-03-31": "", "2011-12-31": "", "2011-09-30": "", "2011-06-30": "", "2011-03-31": "", "2010-12-31": "", "2010-09-30": "", "2010-06-30": "", "2010-03-31": "", "2009-12-31": "", "2009-09-30": "", "2009-06-30": "", "2009-03-31": "", "2008-12-31": "", "2008-09-30": "", "2008-06-30": "", "2008-03-31": "", "2007-12-31": "", "2007-09-30": "", "2007-06-30": "", "2007-03-31": "", "2006-12-31": "", "2006-09-30": "", "2006-06-30": "", "2006-03-31": "", "2005-12-31": "", "2005-09-30": "", "2005-06-30": "", "2005-03-31": ""}, "Pre-Tax Profit Margin": {"2020-09-30": "10.73400", "2020-06-30": "-6.31140", "2020-03-31": "8.16150", "2019-12-31": "18.56190", "2019-09-30": "10.95510", "2019-06-30": "9.99610", "2019-03-31": "10.21040", "2018-12-31": "10.37300", "2018-09-30": "11.42050", "2018-06-30": "11.65550", "2018-03-31": "11.92530", "2017-12-31": "7.95790", "2017-09-30": "11.34010", "2017-06-30": "12.44090", "2017-03-31": "11.87790", "2016-12-31": "12.73130", "2016-09-30": "6.40860", "2016-06-30": "11.14550", "2016-03-31": "11.17870", "2015-12-31": "6.83910", "2015-09-30": "12.35670", "2015-06-30": "11.69350", "2015-03-31": "13.09340", "2014-12-31": "10.77870", "2014-09-30": "12.05160", "2014-06-30": "12.98130", "2014-03-31": "11.29030", "2013-12-31": "10.28430", "2013-09-30": "12.68960", "2013-06-30": "13.02600", "2013-03-31": "10.77740", "2012-12-31": "10.17980", "2012-09-30": "10.03420", "2012-06-30": "10.48800", "2012-03-31": "11.56600", "2011-12-31": "10.45270", "2011-09-30": "10.77690", "2011-06-30": "11.93640", "2011-03-31": "9.84170", "2010-12-31": "9.53440", "2010-09-30": "8.20040", "2010-06-30": "7.99750", "2010-03-31": "7.95000", "2009-12-31": "5.19900", "2009-09-30": "2.09180", "2009-06-30": "-5.78480", "2009-03-31": "-1.57410", "2008-12-31": "-14.35320", "2008-09-30": "-7.87460", "2008-06-30": "8.05090", "2008-03-31": "8.62630", "2007-12-31": "9.27230", "2007-09-30": "7.59740", "2007-06-30": "8.29000", "2007-03-31": "7.05900", "2006-12-31": "0.86540", "2006-09-30": "5.55770", "2006-06-30": "9.07850", "2006-03-31": "8.21500", "2005-12-31": "8.82630", "2005-09-30": "8.24060", "2005-06-30": "5.11070", "2005-03-31": "7.22660"}, "Net Profit Margin": {"2020-09-30": "4.38040", "2020-06-30": "-6.87240", "2020-03-31": "5.66040", "2019-12-31": "8.59710", "2019-09-30": "7.78490", "2019-06-30": "6.74250", "2019-03-31": "6.23540", "2018-12-31": "8.93550", "2018-09-30": "8.23240", "2018-06-30": "10.09650", "2018-03-31": "8.08190", "2017-12-31": "-5.64940", "2017-09-30": "7.65250", "2017-06-30": "8.87140", "2017-03-31": "7.86040", "2016-12-31": "8.10980", "2016-09-30": "3.76210", "2016-06-30": "7.05820", "2016-03-31": "7.23350", "2015-12-31": "4.37100", "2015-09-30": "8.35460", "2015-06-30": "7.28870", "2015-03-31": "9.01620", "2014-12-31": "7.02340", "2014-09-30": "8.19840", "2014-06-30": "8.65730", "2014-03-31": "7.63400", "2013-12-31": "7.49970", "2013-09-30": "9.23490", "2013-06-30": "9.19270", "2013-03-31": "7.67110", "2012-12-31": "7.05020", "2012-09-30": "5.96390", "2012-06-30": "6.49640", "2012-03-31": "8.26140", "2011-12-31": "6.87830", "2011-09-30": "7.90270", "2011-06-30": "8.90700", "2011-03-31": "7.19490", "2010-12-31": "7.28450", "2010-09-30": "7.56250", "2010-06-30": "5.82400", "2010-03-31": "5.92170", "2009-12-31": "4.39790", "2009-09-30": "1.67350", "2009-06-30": "-3.91840", "2009-03-31": "-0.85420", "2008-12-31": "-8.73860", "2008-09-30": "-9.90200", "2008-06-30": "5.76950", "2008-03-31": "5.91770", "2007-12-31": "5.18610", "2007-09-30": "6.33370", "2007-06-30": "5.54860", "2007-03-31": "4.57040", "2006-12-31": "3.40350", "2006-09-30": "3.69880", "2006-06-30": "6.00670", "2006-03-31": "5.30640", "2005-12-31": "6.17370", "2005-09-30": "5.84260", "2005-06-30": "3.23020", "2005-03-31": "7.16200"}, "Asset Turnover": {"2020-09-30": "0.23260", "2020-06-30": "0.13800", "2020-03-31": "0.23980", "2019-12-31": "0.26380", "2019-09-30": "0.24430", "2019-06-30": "0.24930", "2019-03-31": "0.25400", "2018-12-31": "0.25500", "2018-09-30": "0.25500", "2018-06-30": "0.27550", "2018-03-31": "0.27740", "2017-12-31": "0.26420", "2017-09-30": "0.24610", "2017-06-30": "0.25730", "2017-03-31": "0.26500", "2016-12-31": "0.25570", "2016-09-30": "0.24580", "2016-06-30": "0.25910", "2016-03-31": "0.25370", "2015-12-31": "0.24060", "2015-09-30": "0.24510", "2015-06-30": "0.26160", "2015-03-31": "0.26380", "2014-12-31": "0.27560", "2014-09-30": "0.27900", "2014-06-30": "0.29460", "2014-03-31": "0.28330", "2013-12-31": "0.27260", "2013-09-30": "0.25940", "2013-06-30": "0.28240", "2013-03-31": "0.28350", "2012-12-31": "0.26860", "2012-09-30": "0.26710", "2012-06-30": "0.29840", "2012-03-31": "0.30450", "2011-12-31": "0.29770", "2011-09-30": "0.29400", "2011-06-30": "0.29210", "2011-03-31": "0.28810", "2010-12-31": "0.27600", "2010-09-30": "0.25300", "2010-06-30": "0.28610", "2010-03-31": "0.25910", "2009-12-31": "0.24910", "2009-09-30": "0.21450", "2009-06-30": "0.19870", "2009-03-31": "0.18820", "2008-12-31": "0.20060", "2008-09-30": "0.26950", "2008-06-30": "0.27870", "2008-03-31": "0.28350", "2007-12-31": "0.27690", "2007-09-30": "0.27060", "2007-06-30": "0.28570", "2007-03-31": "0.27160", "2006-12-31": "0.26220", "2006-09-30": "0.24210", "2006-06-30": "0.27200", "2006-03-31": "0.27460", "2005-12-31": "0.25630", "2005-09-30": "0.25260", "2005-06-30": "0.26870", "2005-03-31": "0.25760"}, "Inventory Turnover Ratio": {"2020-09-30": "2.47480", "2020-06-30": "1.49760", "2020-03-31": "2.16290", "2019-12-31": "2.49570", "2019-09-30": "2.42960", "2019-06-30": "2.49450", "2019-03-31": "2.53660", "2018-12-31": "2.59920", "2018-09-30": "2.42260", "2018-06-30": "2.64180", "2018-03-31": "2.73990", "2017-12-31": "2.63850", "2017-09-30": "2.44970", "2017-06-30": "2.67580", "2017-03-31": "2.87820", "2016-12-31": "2.74860", "2016-09-30": "2.53650", "2016-06-30": "2.46110", "2016-03-31": "2.38570", "2015-12-31": "2.31650", "2015-09-30": "2.84040", "2015-06-30": "3.04910", "2015-03-31": "3.07170", "2014-12-31": "3.12160", "2014-09-30": "3.02290", "2014-06-30": "3.26550", "2014-03-31": "3.16950", "2013-12-31": "3.22810", "2013-09-30": "3.13750", "2013-06-30": "3.40920", "2013-03-31": "3.28450", "2012-12-31": "3.07170", "2012-09-30": "2.84350", "2012-06-30": "3.11660", "2012-03-31": "3.15450", "2011-12-31": "3.11250", "2011-09-30": "2.98710", "2011-06-30": "2.95000", "2011-03-31": "2.82780", "2010-12-31": "2.85020", "2010-09-30": "2.57380", "2010-06-30": "3.02610", "2010-03-31": "2.99260", "2009-12-31": "3.13430", "2009-09-30": "2.78450", "2009-06-30": "2.55180", "2009-03-31": "2.09960", "2008-12-31": "1.90070", "2008-09-30": "2.23050", "2008-06-30": "2.48400", "2008-03-31": "2.57610", "2007-12-31": "2.49150", "2007-09-30": "2.40610", "2007-06-30": "2.63000", "2007-03-31": "2.49860", "2006-12-31": "2.55750", "2006-09-30": "2.30720", "2006-06-30": "2.62410", "2006-03-31": "2.73040", "2005-12-31": "2.55570", "2005-09-30": "2.42290", "2005-06-30": "2.50280", "2005-03-31": "2.62780"}, "Receiveable Turnover": {"2020-09-30": "1.28170", "2020-06-30": "0.92900", "2020-03-31": "1.31350", "2019-12-31": "1.33210", "2019-09-30": "1.25670", "2019-06-30": "1.23650", "2019-03-31": "1.24260", "2018-12-31": "1.29480", "2018-09-30": "1.20230", "2018-06-30": "1.26420", "2018-03-31": "1.23890", "2017-12-31": "1.28090", "2017-09-30": "1.18090", "2017-06-30": "1.23220", "2017-03-31": "1.24440", "2016-12-31": "1.33720", "2016-09-30": "1.25520", "2016-06-30": "1.28910", "2016-03-31": "1.21890", "2015-12-31": "1.27510", "2015-09-30": "1.21430", "2015-06-30": "1.29170", "2015-03-31": "1.26810", "2014-12-31": "1.37990", "2014-09-30": "1.38610", "2014-06-30": "1.39790", "2014-03-31": "1.34800", "2013-12-31": "1.51010", "2013-09-30": "1.34040", "2013-06-30": "1.41370", "2013-03-31": "1.40410", "2012-12-31": "1.49840", "2012-09-30": "1.34390", "2012-06-30": "1.39820", "2012-03-31": "1.39660", "2011-12-31": "1.49930", "2011-09-30": "1.44750", "2011-06-30": "1.43220", "2011-03-31": "1.35360", "2010-12-31": "1.49760", "2010-09-30": "1.32550", "2010-06-30": "1.45460", "2010-03-31": "1.45370", "2009-12-31": "1.63700", "2009-09-30": "1.31840", "2009-06-30": "1.34520", "2009-03-31": "1.31730", "2008-12-31": "1.53430", "2008-09-30": "1.55090", "2008-06-30": "1.59460", "2008-03-31": "1.56940", "2007-12-31": "1.71100", "2007-09-30": "1.50970", "2007-06-30": "1.60830", "2007-03-31": "1.60650", "2006-12-31": "1.61520", "2006-09-30": "1.52360", "2006-06-30": "1.63070", "2006-03-31": "1.64180", "2005-12-31": "1.67390", "2005-09-30": "1.59030", "2005-06-30": "1.73490", "2005-03-31": "1.65500"}, "Days Sales In Receivables": {"2020-09-30": "70.21710", "2020-06-30": "96.87940", "2020-03-31": "68.51690", "2019-12-31": "67.56160", "2019-09-30": "71.61720", "2019-06-30": "72.78320", "2019-03-31": "72.42790", "2018-12-31": "69.51050", "2018-09-30": "74.85840", "2018-06-30": "71.19150", "2018-03-31": "72.64330", "2017-12-31": "70.26060", "2017-09-30": "76.21430", "2017-06-30": "73.03720", "2017-03-31": "72.32530", "2016-12-31": "67.30280", "2016-09-30": "71.70080", "2016-06-30": "69.81840", "2016-03-31": "73.83760", "2015-12-31": "70.58070", "2015-09-30": "74.11620", "2015-06-30": "69.67370", "2015-03-31": "70.97220", "2014-12-31": "65.22170", "2014-09-30": "64.93230", "2014-06-30": "64.38460", "2014-03-31": "66.76690", "2013-12-31": "59.59740", "2013-09-30": "67.14370", "2013-06-30": "63.66390", "2013-03-31": "64.10030", "2012-12-31": "60.06460", "2012-09-30": "66.96910", "2012-06-30": "64.36810", "2012-03-31": "64.44240", "2011-12-31": "60.02710", "2011-09-30": "62.17830", "2011-06-30": "62.83870", "2011-03-31": "66.49100", "2010-12-31": "60.09590", "2010-09-30": "67.89710", "2010-06-30": "61.87380", "2010-03-31": "61.91170", "2009-12-31": "54.97790", "2009-09-30": "68.26620", "2009-06-30": "66.90570", "2009-03-31": "68.32090", "2008-12-31": "58.65700", "2008-09-30": "58.02950", "2008-06-30": "56.44140", "2008-03-31": "57.34810", "2007-12-31": "52.60110", "2007-09-30": "59.61400", "2007-06-30": "55.96060", "2007-03-31": "56.02290", "2006-12-31": "55.72110", "2006-09-30": "59.07150", "2006-06-30": "55.19210", "2006-03-31": "54.81650", "2005-12-31": "53.76810", "2005-09-30": "56.59150", "2005-06-30": "51.87510", "2005-03-31": "54.38210"}, "ROE - Return On Equity": {"2020-09-30": "2.62300", "2020-06-30": "-1.76360", "2020-03-31": "2.81660", "2019-12-31": "4.89270", "2019-09-30": "4.52160", "2019-06-30": "4.04260", "2019-03-31": "3.89970", "2018-12-31": "5.70770", "2018-09-30": "5.17960", "2018-06-30": "7.00540", "2018-03-31": "5.90170", "2017-12-31": "-3.45800", "2017-09-30": "4.96900", "2017-06-30": "5.98880", "2017-03-31": "5.73610", "2016-12-31": "5.90570", "2016-09-30": "2.45600", "2016-06-30": "4.66970", "2016-03-31": "4.60500", "2015-12-31": "2.83350", "2015-09-30": "4.37970", "2015-06-30": "4.19570", "2015-03-31": "5.26880", "2014-12-31": "3.99360", "2014-09-30": "4.55240", "2014-06-30": "5.13390", "2014-03-31": "4.47380", "2013-12-31": "4.11300", "2013-09-30": "5.03390", "2013-06-30": "5.53130", "2013-03-31": "4.70020", "2012-12-31": "4.02400", "2012-09-30": "3.41010", "2012-06-30": "4.30060", "2012-03-31": "6.01660", "2011-12-31": "5.18550", "2011-09-30": "5.94960", "2011-06-30": "6.69600", "2011-03-31": "5.49750", "2010-12-31": "5.00480", "2010-09-30": "4.83730", "2010-06-30": "4.26120", "2010-03-31": "3.62940", "2009-12-31": "2.54650", "2009-09-30": "0.92140", "2009-06-30": "-1.62760", "2009-03-31": "-0.31710", "2008-12-31": "-3.89200", "2008-09-30": "-5.74760", "2008-06-30": "3.61270", "2008-03-31": "3.85980", "2007-12-31": "4.27380", "2007-09-30": "3.79080", "2007-06-30": "3.73850", "2007-03-31": "2.99200", "2006-12-31": "2.18090", "2006-09-30": "2.08810", "2006-06-30": "3.80650", "2006-03-31": "3.53520", "2005-12-31": "3.93500", "2005-09-30": "3.77730", "2005-06-30": "2.29480", "2005-03-31": "4.92010"}, "Return On Tangible Equity": {"2020-09-30": "4.79200", "2020-06-30": "-3.28380", "2020-03-31": "5.14460", "2019-12-31": "9.11540", "2019-09-30": "8.78610", "2019-06-30": "8.13950", "2019-03-31": "8.12740", "2018-12-31": "12.07990", "2018-09-30": "11.59050", "2018-06-30": "16.37830", "2018-03-31": "14.45120", "2017-12-31": "-9.11530", "2017-09-30": "12.76230", "2017-06-30": "14.70670", "2017-03-31": "15.16830", "2016-12-31": "17.16250", "2016-09-30": "5.94580", "2016-06-30": "11.98250", "2016-03-31": "11.96220", "2015-12-31": "7.73680", "2015-09-30": "6.37050", "2015-06-30": "6.13260", "2015-03-31": "7.84080", "2014-12-31": "6.31510", "2014-09-30": "6.68110", "2014-06-30": "7.54400", "2014-03-31": "6.70810", "2013-12-31": "6.13450", "2013-09-30": "7.70360", "2013-06-30": "8.64290", "2013-03-31": "7.46130", "2012-12-31": "6.44370", "2012-09-30": "5.47800", "2012-06-30": "7.11910", "2012-03-31": "10.76760", "2011-12-31": "10.04110", "2011-09-30": "11.62260", "2011-06-30": "13.30100", "2011-03-31": "11.53200", "2010-12-31": "9.66310", "2010-09-30": "9.40930", "2010-06-30": "8.97280", "2010-03-31": "6.77430", "2009-12-31": "4.87380", "2009-09-30": "1.81470", "2009-06-30": "-3.30570", "2009-03-31": "-0.66400", "2008-12-31": "-8.04990", "2008-09-30": "-11.04120", "2008-06-30": "7.18740", "2008-03-31": "7.47890", "2007-12-31": "8.60440", "2007-09-30": "7.69160", "2007-06-30": "8.14420", "2007-03-31": "6.77970", "2006-12-31": "5.18440", "2006-09-30": "5.05940", "2006-06-30": "8.87150", "2006-03-31": "8.79230", "2005-12-31": "10.53060", "2005-09-30": "10.08380", "2005-06-30": "6.57030", "2005-03-31": "14.37300"}, "ROA - Return On Assets": {"2020-09-30": "1.18440", "2020-06-30": "-0.81260", "2020-03-31": "1.44180", "2019-12-31": "2.44280", "2019-09-30": "2.02960", "2019-06-30": "1.77890", "2019-03-31": "1.69240", "2018-12-31": "2.45670", "2018-09-30": "2.22300", "2018-06-30": "2.90470", "2018-03-31": "2.36180", "2017-12-31": "-1.35170", "2017-09-30": "1.98240", "2017-06-30": "2.38040", "2017-03-31": "2.19730", "2016-12-31": "2.20720", "2016-09-30": "1.03360", "2016-06-30": "1.95140", "2016-03-31": "1.93720", "2015-12-31": "1.16590", "2015-09-30": "2.15820", "2015-06-30": "2.02670", "2015-03-31": "2.49510", "2014-12-31": "2.03930", "2014-09-30": "2.37560", "2014-06-30": "2.68070", "2014-03-31": "2.27240", "2013-12-31": "2.15990", "2013-09-30": "2.48270", "2013-06-30": "2.68590", "2013-03-31": "2.27600", "2012-12-31": "1.97790", "2012-09-30": "1.66860", "2012-06-30": "2.02870", "2012-03-31": "2.60610", "2011-12-31": "2.13470", "2011-09-30": "2.40720", "2011-06-30": "2.68710", "2011-03-31": "2.15420", "2010-12-31": "2.08100", "2010-09-30": "1.99900", "2010-06-30": "1.76490", "2010-03-31": "1.63910", "2009-12-31": "1.17640", "2009-09-30": "0.41740", "2009-06-30": "-0.73520", "2009-03-31": "-0.14470", "2008-12-31": "-1.70760", "2008-09-30": "-2.61970", "2008-06-30": "1.69630", "2008-03-31": "1.81000", "2007-12-31": "2.00060", "2007-09-30": "1.71400", "2007-06-30": "1.58510", "2007-03-31": "1.24120", "2006-12-31": "0.89220", "2006-09-30": "0.89560", "2006-06-30": "1.63360", "2006-03-31": "1.45740", "2005-12-31": "1.58210", "2005-09-30": "1.47600", "2005-06-30": "0.86780", "2005-03-31": "1.84480"}, "ROI - Return On Investment": {"2020-09-30": "1.67420", "2020-06-30": "-1.11630", "2020-03-31": "2.09870", "2019-12-31": "3.63610", "2019-09-30": "3.32050", "2019-06-30": "2.83000", "2019-03-31": "2.71080", "2018-12-31": "3.94530", "2018-09-30": "3.45280", "2018-06-30": "4.61300", "2018-03-31": "3.85540", "2017-12-31": "-2.23120", "2017-09-30": "3.23890", "2017-06-30": "3.83200", "2017-03-31": "3.61590", "2016-12-31": "3.64790", "2016-09-30": "1.58320", "2016-06-30": "2.98520", "2016-03-31": "2.93910", "2015-12-31": "1.79260", "2015-09-30": "3.00410", "2015-06-30": "2.87060", "2015-03-31": "3.54610", "2014-12-31": "3.34450", "2014-09-30": "3.83930", "2014-06-30": "4.34760", "2014-03-31": "3.50900", "2013-12-31": "3.21060", "2013-09-30": "3.88250", "2013-06-30": "4.31970", "2013-03-31": "3.59550", "2012-12-31": "3.18900", "2012-09-30": "2.66630", "2012-06-30": "3.24360", "2012-03-31": "4.58610", "2011-12-31": "3.96970", "2011-09-30": "4.40160", "2011-06-30": "4.89470", "2011-03-31": "3.58120", "2010-12-31": "3.43870", "2010-09-30": "3.32830", "2010-06-30": "3.08940", "2010-03-31": "2.69820", "2009-12-31": "1.88920", "2009-09-30": "0.67990", "2009-06-30": "-1.18990", "2009-03-31": "-0.25680", "2008-12-31": "-3.17570", "2008-09-30": "-4.81510", "2008-06-30": "3.09110", "2008-03-31": "3.27060", "2007-12-31": "3.42810", "2007-09-30": "3.01540", "2007-06-30": "2.93130", "2007-03-31": "2.30510", "2006-12-31": "1.67290", "2006-09-30": "1.64030", "2006-06-30": "3.05790", "2006-03-31": "2.73060", "2005-12-31": "3.10340", "2005-09-30": "2.72630", "2005-06-30": "1.62590", "2005-03-31": "3.43070"}, "Book Value Per Share": {"2020-09-30": "20.11300", "2020-06-30": "22.98140", "2020-03-31": "23.46250", "2019-12-31": "23.46810", "2019-09-30": "22.17020", "2019-06-30": "21.80000", "2019-03-31": "21.15640", "2018-12-31": "20.86790", "2018-09-30": "20.02290", "2018-06-30": "19.40950", "2018-03-31": "19.11370", "2017-12-31": "18.14830", "2017-09-30": "18.57480", "2017-06-30": "17.49200", "2017-03-31": "16.39670", "2016-12-31": "15.55570", "2016-09-30": "17.79790", "2016-06-30": "17.53020", "2016-03-31": "17.28300", "2015-12-31": "16.55760", "2015-09-30": "16.89930", "2015-06-30": "16.57650", "2015-03-31": "15.74480", "2014-12-31": "16.30040", "2014-09-30": "16.71340", "2014-06-30": "17.04680", "2014-03-31": "16.34710", "2013-12-31": "15.93630", "2013-09-30": "15.09390", "2013-06-30": "14.22120", "2013-03-31": "13.67970", "2012-12-31": "13.61090", "2012-09-30": "13.26720", "2012-06-30": "12.82100", "2012-03-31": "11.86940", "2011-12-31": "11.30270", "2011-09-30": "11.23630", "2011-06-30": "11.39720", "2011-03-31": "10.74750", "2010-12-31": "10.28260", "2010-09-30": "10.13130", "2010-06-30": "9.02540", "2010-03-31": "9.52580", "2009-12-31": "9.51190", "2009-09-30": "9.29760", "2009-06-30": "8.92730", "2009-03-31": "8.52550", "2008-12-31": "8.81790", "2008-09-30": "9.61610", "2008-06-30": "10.99070", "2008-03-31": "10.67750", "2007-12-31": "9.99360", "2007-09-30": "9.46300", "2007-06-30": "8.73800", "2007-03-31": "8.40930", "2006-12-31": "8.12660", "2006-09-30": "8.15490", "2006-06-30": "8.03520", "2006-03-31": "7.57320", "2005-12-31": "7.19450", "2005-09-30": "7.12830", "2005-06-30": "6.91730", "2005-03-31": "6.98010"}, "Operating Cash Flow Per Share": {"2020-09-30": 2.3103, "2020-06-30": 0.3119, "2020-03-31": "1.27550", "2019-12-31": 0.8801, "2019-09-30": 1.736, "2019-06-30": 2.0651, "2019-03-31": "0.19310", "2018-12-31": 2.7106, "2018-09-30": 1.211, "2018-06-30": 1.2871, "2018-03-31": "0.16600", "2017-12-31": 2.6225, "2017-09-30": 1.069, "2017-06-30": 1.6036, "2017-03-31": "0.28410", "2016-12-31": 2.0354, "2016-09-30": 1.1028, "2016-06-30": 1.514, "2016-03-31": "0.15770", "2015-12-31": 1.7657, "2015-09-30": 0.6716, "2015-06-30": 1.265, "2015-03-31": "0.14400", "2014-12-31": 1.1139, "2014-09-30": 0.9683, "2014-06-30": 1.218, "2014-03-31": "0.20230", "2013-12-31": 0.8736, "2013-09-30": 0.9416, "2013-06-30": 1.2221, "2013-03-31": "0.06990", "2012-12-31": 1.3302, "2012-09-30": 1.0131, "2012-06-30": 1.1558, "2012-03-31": "0.12060", "2011-12-31": 0.9074, "2011-09-30": 0.875, "2011-06-30": 1.1329, "2011-03-31": "-0.15900", "2010-12-31": 0.8561, "2010-09-30": 0.4165, "2010-06-30": 0.5597, "2010-03-31": "0.24720", "2009-12-31": 0.5378, "2009-09-30": 0.2175, "2009-06-30": 0.4525, "2009-03-31": "0.29300", "2008-12-31": 0.5848, "2008-09-30": 0.0146, "2008-06-30": 0.8137, "2008-03-31": "0.31440", "2007-12-31": 1.0101, "2007-09-30": 0.6025, "2007-06-30": 0.5958, "2007-03-31": "0.35230", "2006-12-31": 0.7396, "2006-09-30": 0.1618, "2006-06-30": 0.797, "2006-03-31": "0.20820", "2005-12-31": 0.5928, "2005-09-30": 0.3204, "2005-06-30": 0.617, "2005-03-31": "0.19680"}, "Free Cash Flow Per Share": {"2020-09-30": 1.7897, "2020-06-30": 0.0589, "2020-03-31": "0.69840", "2019-12-31": 0.212, "2019-09-30": 1.2581, "2019-06-30": 1.4453, "2019-03-31": "-0.36700", "2018-12-31": 1.9683, "2018-09-30": 0.6287, "2018-06-30": 0.7645, "2018-03-31": "-0.59300", "2017-12-31": 1.8139, "2017-09-30": 0.4271, "2017-06-30": 1.0245, "2017-03-31": "-0.33410", "2016-12-31": 1.3375, "2016-09-30": 0.5323, "2016-06-30": 0.9306, "2016-03-31": "-0.31540", "2015-12-31": 1.0604, "2015-09-30": 0.076, "2015-06-30": 0.6239, "2015-03-31": "-0.47250", "2014-12-31": 0.3946, "2014-09-30": 0.3485, "2014-06-30": 0.648, "2014-03-31": "-0.34800", "2013-12-31": 0.36, "2013-09-30": 0.488, "2013-06-30": 0.7581, "2013-03-31": "-0.30500", "2012-12-31": 0.8461, "2012-09-30": 0.5945, "2012-06-30": 0.7522, "2012-03-31": "-0.25130", "2011-12-31": 0.4463, "2011-09-30": 0.4277, "2011-06-30": 0.7785, "2011-03-31": "-0.42850", "2010-12-31": 0.5236, "2010-09-30": 0.0978, "2010-06-30": 0.3569, "2010-03-31": "0.03390", "2009-12-31": 0.3437, "2009-09-30": 0.0549, "2009-06-30": 0.2401, "2009-03-31": "0.12670", "2008-12-31": 0.1362, "2008-09-30": -0.4453, "2008-06-30": 0.4469, "2008-03-31": "-0.00380", "2007-12-31": 0.5872, "2007-09-30": 0.2982, "2007-06-30": 0.3246, "2007-03-31": "0.10360", "2006-12-31": 0.4098, "2006-09-30": -0.0383, "2006-06-30": 0.4741, "2006-03-31": "-0.09610", "2005-12-31": 0.1003, "2005-09-30": -0.0273, "2005-06-30": 0.3988, "2005-03-31": "-0.01880"}}, "revenue": {"BorgWarner Annual Revenue (Millions of US $)": {"2019": "$10,168", "2018": "$10,530", "2017": "$9,799", "2016": "$9,071", "2015": "$8,023", "2014": "$8,305", "2013": "$7,437", "2012": "$7,183", "2011": "$7,115", "2010": "$5,653", "2009": "$3,962", "2008": "$5,264", "2007": "$5,329", "2006": "$4,585", "2005": "$4,294"}, "BorgWarner Quarterly Revenue (Millions of US $)": {"2020-09-30": "$2,534", "2020-06-30": "$1,426", "2020-03-31": "$2,279", "2019-12-31": "$2,559", "2019-09-30": "$2,492", "2019-06-30": "$2,551", "2019-03-31": "$2,566", "2018-12-31": "$2,574", "2018-09-30": "$2,478", "2018-06-30": "$2,694", "2018-03-31": "$2,784", "2017-12-31": "$2,586", "2017-09-30": "$2,416", "2017-06-30": "$2,390", "2017-03-31": "$2,407", "2016-12-31": "$2,259", "2016-09-30": "$2,214", "2016-06-30": "$2,329", "2016-03-31": "$2,269", "2015-12-31": "$2,123", "2015-09-30": "$1,884", "2015-06-30": "$2,032", "2015-03-31": "$1,984", "2014-12-31": "$1,992", "2014-09-30": "$2,032", "2014-06-30": "$2,197", "2014-03-31": "$2,084", "2013-12-31": "$1,885", "2013-09-30": "$1,806", "2013-06-30": "$1,894", "2013-03-31": "$1,851", "2012-12-31": "$1,719", "2012-09-30": "$1,695", "2012-06-30": "$1,856", "2012-03-31": "$1,913", "2011-12-31": "$1,774", "2011-09-30": "$1,792", "2011-06-30": "$1,819", "2011-03-31": "$1,730", "2010-12-31": "$1,533", "2010-09-30": "$1,411", "2010-06-30": "$1,422", "2010-03-31": "$1,287", "2009-12-31": "$1,198", "2009-09-30": "$1,028", "2009-06-30": "$916", "2009-03-31": "$820", "2008-12-31": "$932", "2008-09-30": "$1,317", "2008-06-30": "$1,517", "2008-03-31": "$1,499", "2007-12-31": "$1,373", "2007-09-30": "$1,314", "2007-06-30": "$1,364", "2007-03-31": "$1,278", "2006-12-31": "$1,202", "2006-09-30": "$1,060", "2006-06-30": "$1,169", "2006-03-31": "$1,155", "2005-12-31": "$1,048", "2005-09-30": "$1,051", "2005-06-30": "$1,111", "2005-03-31": "$1,084"}}, "gross-profit": {"BorgWarner Annual Gross Profit (Millions of US $)": {"2019": "$2,101", "2018": "$2,230", "2017": "$2,115", "2016": "$1,929", "2015": "$1,703", "2014": "$1,756", "2013": "$1,558", "2012": "$1,467", "2011": "$1,410", "2010": "$1,093", "2009": "$561", "2008": "$839", "2007": "$950", "2006": "$850", "2005": "$854"}, "BorgWarner Quarterly Gross Profit (Millions of US $)": {"2020-09-30": "$517", "2020-06-30": "$174", "2020-03-31": "$447", "2019-12-31": "$545", "2019-09-30": "$524", "2019-06-30": "$513", "2019-03-31": "$519", "2018-12-31": "$544", "2018-09-30": "$515", "2018-06-30": "$580", "2018-03-31": "$591", "2017-12-31": "$564", "2017-09-30": "$522", "2017-06-30": "$513", "2017-03-31": "$516", "2016-12-31": "$497", "2016-09-30": "$471", "2016-06-30": "$497", "2016-03-31": "$464", "2015-12-31": "$447", "2015-09-30": "$398", "2015-06-30": "$429", "2015-03-31": "$429", "2014-12-31": "$413", "2014-09-30": "$425", "2014-06-30": "$473", "2014-03-31": "$446", "2013-12-31": "$407", "2013-09-30": "$380", "2013-06-30": "$397", "2013-03-31": "$375", "2012-12-31": "$344", "2012-09-30": "$344", "2012-06-30": "$383", "2012-03-31": "$396", "2011-12-31": "$360", "2011-09-30": "$351", "2011-06-30": "$357", "2011-03-31": "$343", "2010-12-31": "$306", "2010-09-30": "$273", "2010-06-30": "$275", "2010-03-31": "$239", "2009-12-31": "$213", "2009-09-30": "$152", "2009-06-30": "$116", "2009-03-31": "$80", "2008-12-31": "$74", "2008-09-30": "$202", "2008-06-30": "$279", "2008-03-31": "$284", "2007-12-31": "$258", "2007-09-30": "$229", "2007-06-30": "$248", "2007-03-31": "$216", "2006-12-31": "$212", "2006-09-30": "$183", "2006-06-30": "$231", "2006-03-31": "$223", "2005-12-31": "$200", "2005-09-30": "$208", "2005-06-30": "$232", "2005-03-31": "$214"}}, "operating-income": {"BorgWarner Annual Operating Income (Millions of US $)": {"2019": "$1,303", "2018": "$1,190", "2017": "$1,072", "2016": "$973", "2015": "$888", "2014": "$964", "2013": "$855", "2012": "$753", "2011": "$798", "2010": "$504", "2009": "$51", "2008": "$7", "2007": "$418", "2006": "$275", "2005": "$323"}, "BorgWarner Quarterly Operating Income (Millions of US $)": {"2020-09-30": "$284", "2020-06-30": "$-78", "2020-03-31": "$189", "2019-12-31": "$478", "2019-09-30": "$276", "2019-06-30": "$285", "2019-03-31": "$264", "2018-12-31": "$266", "2018-09-30": "$278", "2018-06-30": "$313", "2018-03-31": "$333", "2017-12-31": "$208", "2017-09-30": "$275", "2017-06-30": "$298", "2017-03-31": "$292", "2016-12-31": "$289", "2016-09-30": "$150", "2016-06-30": "$269", "2016-03-31": "$264", "2015-12-31": "$149", "2015-09-30": "$237", "2015-06-30": "$243", "2015-03-31": "$260", "2014-12-31": "$212", "2014-09-30": "$238", "2014-06-30": "$281", "2014-03-31": "$233", "2013-12-31": "$188", "2013-09-30": "$226", "2013-06-30": "$243", "2013-03-31": "$199", "2012-12-31": "$171", "2012-09-30": "$163", "2012-06-30": "$194", "2012-03-31": "$226", "2011-12-31": "$191", "2011-09-30": "$199", "2011-06-30": "$228", "2011-03-31": "$179", "2010-12-31": "$157", "2010-09-30": "$123", "2010-06-30": "$117", "2010-03-31": "$107", "2009-12-31": "$67", "2009-09-30": "$28", "2009-06-30": "$-50", "2009-03-31": "$6", "2008-12-31": "$-132", "2008-09-30": "$-104", "2008-06-30": "$119", "2008-03-31": "$125", "2007-12-31": "$116", "2007-09-30": "$98", "2007-06-30": "$114", "2007-03-31": "$90", "2006-12-31": "$12", "2006-09-30": "$61", "2006-06-30": "$108", "2006-03-31": "$94", "2005-12-31": "$90", "2005-09-30": "$91", "2005-06-30": "$59", "2005-03-31": "$84"}}, "ebitda": {"BorgWarner Annual EBITDA (Millions of US $)": {"2019": "$1,742", "2018": "$1,621", "2017": "$1,480", "2016": "$1,365", "2015": "$1,209", "2014": "$1,294", "2013": "$1,155", "2012": "$1,042", "2011": "$1,101", "2010": "$776", "2009": "$324", "2008": "$451", "2007": "$683", "2006": "$531", "2005": "$579"}, "BorgWarner Quarterly EBITDA (Millions of US $)": {"2020-09-30": "$399", "2020-06-30": "$60", "2020-03-31": "$301", "2019-12-31": "$593", "2019-09-30": "$386", "2019-06-30": "$392", "2019-03-31": "$371", "2018-12-31": "$371", "2018-09-30": "$386", "2018-06-30": "$422", "2018-03-31": "$442", "2017-12-31": "$314", "2017-09-30": "$380", "2017-06-30": "$398", "2017-03-31": "$389", "2016-12-31": "$390", "2016-09-30": "$248", "2016-06-30": "$368", "2016-03-31": "$359", "2015-12-31": "$233", "2015-09-30": "$315", "2015-06-30": "$323", "2015-03-31": "$337", "2014-12-31": "$296", "2014-09-30": "$320", "2014-06-30": "$366", "2014-03-31": "$313", "2013-12-31": "$265", "2013-09-30": "$297", "2013-06-30": "$319", "2013-03-31": "$273", "2012-12-31": "$243", "2012-09-30": "$233", "2012-06-30": "$265", "2012-03-31": "$301", "2011-12-31": "$269", "2011-09-30": "$274", "2011-06-30": "$306", "2011-03-31": "$252", "2010-12-31": "$223", "2010-09-30": "$192", "2010-06-30": "$186", "2010-03-31": "$175", "2009-12-31": "$141", "2009-09-30": "$98", "2009-06-30": "$18", "2009-03-31": "$69", "2008-12-31": "$-59", "2008-09-30": "$113", "2008-06-30": "$200", "2008-03-31": "$197", "2007-12-31": "$191", "2007-09-30": "$162", "2007-06-30": "$175", "2007-03-31": "$154", "2006-12-31": "$85", "2006-09-30": "$120", "2006-06-30": "$171", "2006-03-31": "$155", "2005-12-31": "$153", "2005-09-30": "$153", "2005-06-30": "$126", "2005-03-31": "$147"}}, "net-income": {"BorgWarner Annual Net Income (Millions of US $)": {"2019": "$746", "2018": "$931", "2017": "$440", "2016": "$595", "2015": "$577", "2014": "$656", "2013": "$624", "2012": "$501", "2011": "$550", "2010": "$377", "2009": "$27", "2008": "$-36", "2007": "$289", "2006": "$212", "2005": "$240"}, "BorgWarner Quarterly Net Income (Millions of US $)": {"2020-09-30": "$111", "2020-06-30": "$-98", "2020-03-31": "$129", "2019-12-31": "$220", "2019-09-30": "$194", "2019-06-30": "$172", "2019-03-31": "$160", "2018-12-31": "$230", "2018-09-30": "$204", "2018-06-30": "$272", "2018-03-31": "$225", "2017-12-31": "$-146", "2017-09-30": "$185", "2017-06-30": "$212", "2017-03-31": "$189", "2016-12-31": "$183", "2016-09-30": "$83", "2016-06-30": "$164", "2016-03-31": "$164", "2015-12-31": "$93", "2015-09-30": "$157", "2015-06-30": "$148", "2015-03-31": "$179", "2014-12-31": "$140", "2014-09-30": "$167", "2014-06-30": "$190", "2014-03-31": "$159", "2013-12-31": "$141", "2013-09-30": "$167", "2013-06-30": "$174", "2013-03-31": "$142", "2012-12-31": "$121", "2012-09-30": "$101", "2012-06-30": "$121", "2012-03-31": "$158", "2011-12-31": "$122", "2011-09-30": "$142", "2011-06-30": "$162", "2011-03-31": "$125", "2010-12-31": "$112", "2010-09-30": "$107", "2010-06-30": "$83", "2010-03-31": "$76", "2009-12-31": "$53", "2009-09-30": "$17", "2009-06-30": "$-36", "2009-03-31": "$-7", "2008-12-31": "$-81", "2008-09-30": "$-130", "2008-06-30": "$88", "2008-03-31": "$89", "2007-12-31": "$71", "2007-09-30": "$83", "2007-06-30": "$76", "2007-03-31": "$58", "2006-12-31": "$41", "2006-09-30": "$39", "2006-06-30": "$70", "2006-03-31": "$61", "2005-12-31": "$65", "2005-09-30": "$61", "2005-06-30": "$36", "2005-03-31": "$78"}}, "eps-earnings-per-share-diluted": {"BorgWarner Annual EPS": {"2019": "$3.61", "2018": "$4.44", "2017": "$2.08", "2016": "$2.76", "2015": "$2.56", "2014": "$2.86", "2013": "$2.70", "2012": "$2.09", "2011": "$2.22", "2010": "$1.54", "2009": "$0.12", "2008": "$-0.16", "2007": "$1.23", "2006": "$0.92", "2005": "$1.05"}, "BorgWarner Quarterly EPS": {"2020-09-30": "$0.53", "2020-06-30": "$-0.47", "2020-03-31": "$0.63", "2019-12-31": "$1.07", "2019-09-30": "$0.94", "2019-06-30": "$0.83", "2019-03-31": "$0.77", "2018-12-31": "$1.09", "2018-09-30": "$0.98", "2018-06-30": "$1.30", "2018-03-31": "$1.07", "2017-12-31": "$-0.69", "2017-09-30": "$0.88", "2017-06-30": "$1.00", "2017-03-31": "$0.89", "2016-12-31": "$0.86", "2016-09-30": "$0.39", "2016-06-30": "$0.76", "2016-03-31": "$0.75", "2015-12-31": "$0.42", "2015-09-30": "$0.70", "2015-06-30": "$0.65", "2015-03-31": "$0.79", "2014-12-31": "$0.61", "2014-09-30": "$0.73", "2014-06-30": "$0.83", "2014-03-31": "$0.69", "2013-12-31": "$0.62", "2013-09-30": "$0.72", "2013-06-30": "$0.75", "2013-03-31": "$0.61", "2012-12-31": "$0.53", "2012-09-30": "$0.43", "2012-06-30": "$0.50", "2012-03-31": "$0.64", "2011-12-31": "$0.49", "2011-09-30": "$0.58", "2011-06-30": "$0.66", "2011-03-31": "$0.50", "2010-12-31": "$0.45", "2010-09-30": "$0.44", "2010-06-30": "$0.34", "2010-03-31": "$0.32", "2009-12-31": "$0.23", "2009-09-30": "$0.08", "2009-06-30": "$-0.16", "2009-03-31": "$-0.03", "2008-12-31": "$-0.34", "2008-09-30": "$-0.56", "2008-06-30": "$0.37", "2008-03-31": "$0.38", "2007-12-31": "$0.31", "2007-09-30": "$0.35", "2007-06-30": "$0.32", "2007-03-31": "$0.25", "2006-12-31": "$0.18", "2006-09-30": "$0.17", "2006-06-30": "$0.30", "2006-03-31": "$0.27", "2005-12-31": "$0.28", "2005-09-30": "$0.27", "2005-06-30": "$0.16", "2005-03-31": "$0.34"}}, "shares-outstanding": {"BorgWarner Annual Shares Outstanding (Millions of Shares)": {"2019": "207", "2018": "210", "2017": "212", "2016": "215", "2015": "226", "2014": "229", "2013": "231", "2012": "243", "2011": "257", "2010": "259", "2009": "234", "2008": "232", "2007": "236", "2006": "232", "2005": "230"}, "BorgWarner Quarterly Shares Outstanding (Millions of Shares)": {"2020-09-30": "207", "2020-06-30": "206", "2020-03-31": "206", "2019-12-31": "207", "2019-09-30": "206", "2019-06-30": "207", "2019-03-31": "207", "2018-12-31": "210", "2018-09-30": "209", "2018-06-30": "210", "2018-03-31": "211", "2017-12-31": "212", "2017-09-30": "211", "2017-06-30": "211", "2017-03-31": "212", "2016-12-31": "215", "2016-09-30": "214", "2016-06-30": "217", "2016-03-31": "218", "2015-12-31": "226", "2015-09-30": "226", "2015-06-30": "227", "2015-03-31": "227", "2014-12-31": "229", "2014-09-30": "229", "2014-06-30": "230", "2014-03-31": "229", "2013-12-31": "231", "2013-09-30": "230", "2013-06-30": "232", "2013-03-31": "233", "2012-12-31": "243", "2012-09-30": "237", "2012-06-30": "243", "2012-03-31": "255", "2011-12-31": "257", "2011-09-30": "256", "2011-06-30": "256", "2011-03-31": "260", "2010-12-31": "259", "2010-09-30": "256", "2010-06-30": "258", "2010-03-31": "259", "2009-12-31": "234", "2009-09-30": "235", "2009-06-30": "233", "2009-03-31": "232", "2008-12-31": "232", "2008-09-30": "232", "2008-06-30": "237", "2008-03-31": "237", "2007-12-31": "236", "2007-09-30": "236", "2007-06-30": "236", "2007-03-31": "234", "2006-12-31": "232", "2006-09-30": "232", "2006-06-30": "232", "2006-03-31": "231", "2005-12-31": "230", "2005-09-30": "230", "2005-06-30": "229", "2005-03-31": "229"}}, "total-assets": {"BorgWarner Annual Total Assets (Millions of US $)": {"2019": "$9,702", "2018": "$10,095", "2017": "$9,788", "2016": "$8,835", "2015": "$8,826", "2014": "$7,228", "2013": "$6,917", "2012": "$6,401", "2011": "$5,959", "2010": "$5,555", "2009": "$4,811", "2008": "$4,644", "2007": "$4,959", "2006": "$4,584", "2005": "$4,089"}, "BorgWarner Quarterly Total Assets (Millions of US $)": {"2020-09-30": "$10,892", "2020-06-30": "$10,337", "2020-03-31": "$9,502", "2019-12-31": "$9,702", "2019-09-30": "$10,199", "2019-06-30": "$10,231", "2019-03-31": "$10,104", "2018-12-31": "$10,095", "2018-09-30": "$9,716", "2018-06-30": "$9,777", "2018-03-31": "$10,035", "2017-12-31": "$9,788", "2017-09-30": "$9,816", "2017-06-30": "$9,289", "2017-03-31": "$9,084", "2016-12-31": "$8,835", "2016-09-30": "$9,007", "2016-06-30": "$8,989", "2016-03-31": "$8,941", "2015-12-31": "$8,826", "2015-09-30": "$7,687", "2015-06-30": "$7,766", "2015-03-31": "$7,523", "2014-12-31": "$7,228", "2014-09-30": "$7,282", "2014-06-30": "$7,457", "2014-03-31": "$7,358", "2013-12-31": "$6,917", "2013-09-30": "$6,964", "2013-06-30": "$6,705", "2013-03-31": "$6,529", "2012-12-31": "$6,401", "2012-09-30": "$6,347", "2012-06-30": "$6,221", "2012-03-31": "$6,281", "2011-12-31": "$5,959", "2011-09-30": "$6,094", "2011-06-30": "$6,226", "2011-03-31": "$6,007", "2010-12-31": "$5,555", "2010-09-30": "$5,578", "2010-06-30": "$4,969", "2010-03-31": "$4,966", "2009-12-31": "$4,811", "2009-09-30": "$4,791", "2009-06-30": "$4,611", "2009-03-31": "$4,354", "2008-12-31": "$4,644", "2008-09-30": "$4,886", "2008-06-30": "$5,441", "2008-03-31": "$5,287", "2007-12-31": "$4,959", "2007-09-30": "$4,854", "2007-06-30": "$4,776", "2007-03-31": "$4,705", "2006-12-31": "$4,584", "2006-09-30": "$4,377", "2006-06-30": "$4,297", "2006-03-31": "$4,206", "2005-12-31": "$4,089", "2005-09-30": "$4,160", "2005-06-30": "$4,137", "2005-03-31": "$4,206"}}, "cash-on-hand": {"BorgWarner Annual Cash on Hand (Millions of US $)": {"2019": "$832", "2018": "$739", "2017": "$545", "2016": "$444", "2015": "$578", "2014": "$798", "2013": "$940", "2012": "$716", "2011": "$360", "2010": "$450", "2009": "$357", "2008": "$103", "2007": "$203", "2006": "$182", "2005": "$130"}, "BorgWarner Quarterly Cash on Hand (Millions of US $)": {"2020-09-30": "$2,121", "2020-06-30": "$2,003", "2020-03-31": "$901", "2019-12-31": "$832", "2019-09-30": "$916", "2019-06-30": "$710", "2019-03-31": "$517", "2018-12-31": "$739", "2018-09-30": "$362", "2018-06-30": "$362", "2018-03-31": "$410", "2017-12-31": "$545", "2017-09-30": "$414", "2017-06-30": "$387", "2017-03-31": "$358", "2016-12-31": "$444", "2016-09-30": "$519", "2016-06-30": "$495", "2016-03-31": "$392", "2015-12-31": "$578", "2015-09-30": "$1,033", "2015-06-30": "$1,108", "2015-03-31": "$1,036", "2014-12-31": "$798", "2014-09-30": "$783", "2014-06-30": "$771", "2014-03-31": "$808", "2013-12-31": "$940", "2013-09-30": "$920", "2013-06-30": "$817", "2013-03-31": "$695", "2012-12-31": "$716", "2012-09-30": "$622", "2012-06-30": "$482", "2012-03-31": "$397", "2011-12-31": "$360", "2011-09-30": "$377", "2011-06-30": "$372", "2011-03-31": "$223", "2010-12-31": "$450", "2010-09-30": "$432", "2010-06-30": "$188", "2010-03-31": "$374", "2009-12-31": "$357", "2009-09-30": "$259", "2009-06-30": "$257", "2009-03-31": "$91", "2008-12-31": "$103", "2008-09-30": "$136", "2008-06-30": "$226", "2008-03-31": "$215", "2007-12-31": "$203", "2007-09-30": "$176", "2007-06-30": "$177", "2007-03-31": "$176", "2006-12-31": "$182", "2006-09-30": "$138", "2006-06-30": "$129", "2006-03-31": "$123", "2005-12-31": "$130", "2005-09-30": "$140", "2005-06-30": "$147", "2005-03-31": "$163"}}, "long-term-debt": {"BorgWarner Annual Long Term Debt (Millions of US $)": {"2019": "$1,674", "2018": "$1,941", "2017": "$2,104", "2016": "$2,044", "2015": "$2,109", "2014": "$716", "2013": "$1,021", "2012": "$824", "2011": "$751", "2010": "$1,052", "2009": "$773", "2008": "$460", "2007": "$573", "2006": "$569", "2005": "$441"}, "BorgWarner Quarterly Long Term Debt (Millions of US $)": {"2020-09-30": "$2,787", "2020-06-30": "$2,762", "2020-03-31": "$1,664", "2019-12-31": "$1,674", "2019-09-30": "$1,656", "2019-06-30": "$1,929", "2019-03-31": "$1,923", "2018-12-31": "$1,941", "2018-09-30": "$2,086", "2018-06-30": "$2,103", "2018-03-31": "$2,132", "2017-12-31": "$2,104", "2017-09-30": "$2,092", "2017-06-30": "$2,078", "2017-03-31": "$2,040", "2016-12-31": "$2,044", "2016-09-30": "$2,090", "2016-06-30": "$2,120", "2016-03-31": "$2,132", "2015-12-31": "$2,109", "2015-09-30": "$1,735", "2015-06-30": "$1,732", "2015-03-31": "$1,731", "2014-12-31": "$716", "2014-09-30": "$706", "2014-06-30": "$704", "2014-03-31": "$1,028", "2013-12-31": "$1,021", "2013-09-30": "$1,019", "2013-06-30": "$913", "2013-03-31": "$971", "2012-12-31": "$824", "2012-09-30": "$866", "2012-06-30": "$956", "2012-03-31": "$849", "2011-12-31": "$751", "2011-09-30": "$867", "2011-06-30": "$920", "2011-03-31": "$1,260", "2010-12-31": "$1,052", "2010-09-30": "$1,045", "2010-06-30": "$781", "2010-03-31": "$774", "2009-12-31": "$773", "2009-09-30": "$771", "2009-06-30": "$766", "2009-03-31": "$467", "2008-12-31": "$460", "2008-09-30": "$431", "2008-06-30": "$431", "2008-03-31": "$447", "2007-12-31": "$573", "2007-09-30": "$564", "2007-06-30": "$558", "2007-03-31": "$582", "2006-12-31": "$569", "2006-09-30": "$513", "2006-06-30": "$452", "2006-03-31": "$511", "2005-12-31": "$441", "2005-09-30": "$627", "2005-06-30": "$644", "2005-03-31": "$685"}}, "total-liabilities": {"BorgWarner Annual Total Liabilities (Millions of US $)": {"2019": "$4,858", "2018": "$5,750", "2017": "$5,962", "2016": "$5,533", "2015": "$5,194", "2014": "$3,537", "2013": "$3,285", "2012": "$3,255", "2011": "$3,506", "2010": "$3,245", "2009": "$2,589", "2008": "$2,607", "2007": "$2,637", "2006": "$2,709", "2005": "$2,445"}, "BorgWarner Quarterly Total Liabilities (Millions of US $)": {"2020-09-30": "$5,974", "2020-06-30": "$5,574", "2020-03-31": "$4,638", "2019-12-31": "$4,858", "2019-09-30": "$5,621", "2019-06-30": "$5,729", "2019-03-31": "$5,719", "2018-12-31": "$5,750", "2018-09-30": "$5,546", "2018-06-30": "$5,723", "2018-03-31": "$6,019", "2017-12-31": "$5,962", "2017-09-30": "$5,900", "2017-06-30": "$5,597", "2017-03-31": "$5,604", "2016-12-31": "$5,533", "2016-09-30": "$5,217", "2016-06-30": "$5,233", "2016-03-31": "$5,180", "2015-12-31": "$5,194", "2015-09-30": "$3,899", "2015-06-30": "$4,015", "2015-03-31": "$3,960", "2014-12-31": "$3,537", "2014-09-30": "$3,482", "2014-06-30": "$3,563", "2014-03-31": "$3,621", "2013-12-31": "$3,285", "2013-09-30": "$3,530", "2013-06-30": "$3,449", "2013-03-31": "$3,367", "2012-12-31": "$3,255", "2012-09-30": "$3,241", "2012-06-30": "$3,286", "2012-03-31": "$3,561", "2011-12-31": "$3,506", "2011-09-30": "$3,629", "2011-06-30": "$3,728", "2011-03-31": "$3,653", "2010-12-31": "$3,245", "2010-09-30": "$3,273", "2010-06-30": "$2,911", "2010-03-31": "$2,723", "2009-12-31": "$2,589", "2009-09-30": "$2,621", "2009-06-30": "$2,528", "2009-03-31": "$2,367", "2008-12-31": "$2,607", "2008-09-30": "$2,659", "2008-06-30": "$2,887", "2008-03-31": "$2,808", "2007-12-31": "$2,637", "2007-09-30": "$2,659", "2007-06-30": "$2,751", "2007-03-31": "$2,753", "2006-12-31": "$2,709", "2006-09-30": "$2,500", "2006-06-30": "$2,453", "2006-03-31": "$2,472", "2005-12-31": "$2,445", "2005-09-30": "$2,534", "2005-06-30": "$2,573", "2005-03-31": "$2,629"}}, "total-share-holder-equity": {"BorgWarner Annual Share Holder Equity (Millions of US $)": {"2019": "$4,844", "2018": "$4,345", "2017": "$3,826", "2016": "$3,302", "2015": "$3,632", "2014": "$3,691", "2013": "$3,632", "2012": "$3,146", "2011": "$2,453", "2010": "$2,310", "2009": "$2,223", "2008": "$2,038", "2007": "$2,321", "2006": "$1,875", "2005": "$1,644"}, "BorgWarner Quarterly Share Holder Equity (Millions of US $)": {"2020-09-30": "$4,918", "2020-06-30": "$4,763", "2020-03-31": "$4,864", "2019-12-31": "$4,844", "2019-09-30": "$4,578", "2019-06-30": "$4,502", "2019-03-31": "$4,385", "2018-12-31": "$4,345", "2018-09-30": "$4,170", "2018-06-30": "$4,054", "2018-03-31": "$4,016", "2017-12-31": "$3,826", "2017-09-30": "$3,916", "2017-06-30": "$3,692", "2017-03-31": "$3,480", "2016-12-31": "$3,302", "2016-09-30": "$3,791", "2016-06-30": "$3,756", "2016-03-31": "$3,761", "2015-12-31": "$3,632", "2015-09-30": "$3,788", "2015-06-30": "$3,752", "2015-03-31": "$3,563", "2014-12-31": "$3,691", "2014-09-30": "$3,800", "2014-06-30": "$3,894", "2014-03-31": "$3,737", "2013-12-31": "$3,632", "2013-09-30": "$3,435", "2013-06-30": "$3,256", "2013-03-31": "$3,162", "2012-12-31": "$3,146", "2012-09-30": "$3,106", "2012-06-30": "$2,935", "2012-03-31": "$2,721", "2011-12-31": "$2,453", "2011-09-30": "$2,466", "2011-06-30": "$2,499", "2011-03-31": "$2,354", "2010-12-31": "$2,310", "2010-09-30": "$2,305", "2010-06-30": "$2,058", "2010-03-31": "$2,243", "2009-12-31": "$2,223", "2009-09-30": "$2,171", "2009-06-30": "$2,083", "2009-03-31": "$1,987", "2008-12-31": "$2,038", "2008-09-30": "$2,227", "2008-06-30": "$2,555", "2008-03-31": "$2,479", "2007-12-31": "$2,321", "2007-09-30": "$2,195", "2007-06-30": "$2,025", "2007-03-31": "$1,952", "2006-12-31": "$1,875", "2006-09-30": "$1,877", "2006-06-30": "$1,844", "2006-03-31": "$1,734", "2005-12-31": "$1,644", "2005-09-30": "$1,626", "2005-06-30": "$1,564", "2005-03-31": "$1,577"}}, "profit-margins": {"current": "4.11%"}, "gross margin": {"2020-09-30": "19.13%", "2020-06-30": "19.30%", "2020-03-31": "20.53%", "2019-12-31": "20.66%", "2019-09-30": "20.62%", "2019-06-30": "20.56%", "2019-03-31": "20.93%", "2018-12-31": "21.18%", "2018-09-30": "21.34%", "2018-06-30": "21.54%", "2018-03-31": "21.52%", "2017-12-31": "21.58%", "2017-09-30": "21.62%", "2017-06-30": "21.54%", "2017-03-31": "21.51%", "2016-12-31": "21.27%", "2016-09-30": "21.03%", "2016-06-30": "20.99%", "2016-03-31": "20.92%", "2015-12-31": "21.23%", "2015-09-30": "21.15%", "2015-06-30": "21.09%", "2015-03-31": "21.21%", "2014-12-31": "21.16%", "2014-09-30": "21.36%", "2014-06-30": "21.40%", "2014-03-31": "21.25%", "2013-12-31": "20.97%", "2013-09-30": "20.58%", "2013-06-30": "20.39%", "2013-03-31": "20.31%", "2012-12-31": "20.42%", "2012-09-30": "20.49%", "2012-06-30": "20.31%", "2012-03-31": "20.06%", "2011-12-31": "19.83%", "2011-09-30": "19.74%", "2011-06-30": "19.70%", "2011-03-31": "19.64%", "2010-12-31": "19.33%", "2010-09-30": "18.80%", "2010-06-30": "17.81%", "2010-03-31": "16.26%", "2009-12-31": "14.16%", "2009-09-30": "11.42%", "2009-06-30": "11.85%", "2009-03-31": "13.85%", "2008-12-31": "15.94%", "2008-09-30": "17.93%", "2008-06-30": "18.41%", "2008-03-31": "18.36%", "2007-12-31": "17.85%", "2007-09-30": "17.55%", "2007-06-30": "17.52%", "2007-03-31": "17.88%", "2006-12-31": "18.51%", "2006-09-30": "18.86%", "2006-06-30": "19.47%", "2006-03-31": "19.75%", "2005-12-31": "19.86%"}, "operating margin": {"2020-09-30": "9.92%", "2020-06-30": "9.88%", "2020-03-31": "12.43%", "2019-12-31": "12.81%", "2019-09-30": "10.71%", "2019-06-30": "10.75%", "2019-03-31": "10.87%", "2018-12-31": "11.30%", "2018-09-30": "10.74%", "2018-06-30": "10.77%", "2018-03-31": "10.95%", "2017-12-31": "10.95%", "2017-09-30": "12.18%", "2017-06-30": "11.10%", "2017-03-31": "10.86%", "2016-12-31": "10.72%", "2016-09-30": "9.31%", "2016-06-30": "10.68%", "2016-03-31": "10.75%", "2015-12-31": "11.08%", "2015-09-30": "12.06%", "2015-06-30": "11.85%", "2015-03-31": "12.08%", "2014-12-31": "11.61%", "2014-09-30": "11.47%", "2014-06-30": "11.64%", "2014-03-31": "11.61%", "2013-12-31": "11.50%", "2013-09-30": "11.53%", "2013-06-30": "10.83%", "2013-03-31": "10.20%", "2012-12-31": "10.50%", "2012-09-30": "10.69%", "2012-06-30": "11.04%", "2012-03-31": "11.56%", "2011-12-31": "11.20%", "2011-09-30": "11.10%", "2011-06-30": "10.58%", "2011-03-31": "9.45%", "2010-12-31": "8.92%", "2010-09-30": "7.78%", "2010-06-30": "6.46%", "2010-03-31": "3.43%", "2009-12-31": "1.29%", "2009-09-30": "-4.01%", "2009-06-30": "-7.03%", "2009-03-31": "-2.42%", "2008-12-31": "0.15%", "2008-09-30": "4.49%", "2008-06-30": "8.03%", "2008-03-31": "8.16%", "2007-12-31": "7.84%", "2007-09-30": "6.09%", "2007-06-30": "5.65%", "2007-03-31": "5.73%", "2006-12-31": "5.97%", "2006-09-30": "7.94%", "2006-06-30": "8.64%", "2006-03-31": "7.65%", "2005-12-31": "7.55%"}, "ebitda margin": {"2020-09-30": "15.38%", "2020-06-30": "15.30%", "2020-03-31": "16.92%", "2019-12-31": "17.13%", "2019-09-30": "14.93%", "2019-06-30": "14.95%", "2019-03-31": "15.03%", "2018-12-31": "15.39%", "2018-09-30": "14.84%", "2018-06-30": "14.86%", "2018-03-31": "15.06%", "2017-12-31": "15.10%", "2017-09-30": "16.42%", "2017-06-30": "15.36%", "2017-03-31": "15.14%", "2016-12-31": "15.04%", "2016-09-30": "13.52%", "2016-06-30": "14.82%", "2016-03-31": "14.81%", "2015-12-31": "15.06%", "2015-09-30": "16.10%", "2015-06-30": "15.86%", "2015-03-31": "16.06%", "2014-12-31": "15.58%", "2014-09-30": "15.41%", "2014-06-30": "15.57%", "2014-03-31": "15.57%", "2013-12-31": "15.52%", "2013-09-30": "15.57%", "2013-06-30": "14.92%", "2013-03-31": "14.24%", "2012-12-31": "14.51%", "2012-09-30": "14.76%", "2012-06-30": "15.12%", "2012-03-31": "15.76%", "2011-12-31": "15.47%", "2011-09-30": "15.35%", "2011-06-30": "14.99%", "2011-03-31": "13.99%", "2010-12-31": "13.73%", "2010-09-30": "13.05%", "2010-06-30": "12.16%", "2010-03-31": "9.75%", "2009-12-31": "8.23%", "2009-09-30": "3.41%", "2009-06-30": "3.54%", "2009-03-31": "7.04%", "2008-12-31": "8.57%", "2008-09-30": "12.29%", "2008-06-30": "13.15%", "2008-03-31": "13.06%", "2007-12-31": "12.80%", "2007-09-30": "11.17%", "2007-06-30": "10.89%", "2007-03-31": "11.23%", "2006-12-31": "11.56%", "2006-09-30": "13.49%", "2006-06-30": "14.27%", "2006-03-31": "13.45%", "2005-12-31": "13.48%"}, "pre tax profit margin": {"2020-09-30": "9.58%", "2020-06-30": "9.64%", "2020-03-31": "12.03%", "2019-12-31": "12.44%", "2019-09-30": "10.38%", "2019-06-30": "10.49%", "2019-03-31": "10.92%", "2018-12-31": "11.36%", "2018-09-30": "10.77%", "2018-06-30": "10.74%", "2018-03-31": "10.90%", "2017-12-31": "10.85%", "2017-09-30": "12.09%", "2017-06-30": "10.93%", "2017-03-31": "10.60%", "2016-12-31": "10.41%", "2016-09-30": "8.96%", "2016-06-30": "10.37%", "2016-03-31": "10.47%", "2015-12-31": "10.92%", "2015-09-30": "11.99%", "2015-06-30": "11.92%", "2015-03-31": "12.25%", "2014-12-31": "11.80%", "2014-09-30": "11.70%", "2014-06-30": "11.83%", "2014-03-31": "11.80%", "2013-12-31": "11.70%", "2013-09-30": "11.71%", "2013-06-30": "11.06%", "2013-03-31": "10.39%", "2012-12-31": "10.59%", "2012-09-30": "10.65%", "2012-06-30": "10.82%", "2012-03-31": "11.18%", "2011-12-31": "10.75%", "2011-09-30": "10.56%", "2011-06-30": "10.00%", "2011-03-31": "8.96%", "2010-12-31": "8.46%", "2010-09-30": "7.41%", "2010-06-30": "6.08%", "2010-03-31": "3.00%", "2009-12-31": "0.45%", "2009-09-30": "-4.82%", "2009-06-30": "-7.63%", "2009-03-31": "-2.81%", "2008-12-31": "0.25%", "2008-09-30": "4.80%", "2008-06-30": "8.38%", "2008-03-31": "8.45%", "2007-12-31": "8.07%", "2007-09-30": "6.07%", "2007-06-30": "5.55%", "2007-03-31": "5.63%", "2006-12-31": "5.89%", "2006-09-30": "7.96%", "2006-06-30": "8.61%", "2006-03-31": "7.61%", "2005-12-31": "7.34%"}, "net profit margin": {"2020-09-30": "4.11%", "2020-06-30": "5.08%", "2020-03-31": "7.24%", "2019-12-31": "7.34%", "2019-09-30": "7.42%", "2019-06-30": "7.53%", "2019-03-31": "8.40%", "2018-12-31": "8.84%", "2018-09-30": "5.26%", "2018-06-30": "5.11%", "2018-03-31": "4.68%", "2017-12-31": "4.49%", "2017-09-30": "8.12%", "2017-06-30": "7.20%", "2017-03-31": "6.72%", "2016-12-31": "6.55%", "2016-09-30": "5.64%", "2016-06-30": "6.72%", "2016-03-31": "6.76%", "2015-12-31": "7.19%", "2015-09-30": "7.91%", "2015-06-30": "7.89%", "2015-03-31": "8.24%", "2014-12-31": "7.90%", "2014-09-30": "8.01%", "2014-06-30": "8.24%", "2014-03-31": "8.36%", "2013-12-31": "8.39%", "2013-09-30": "8.31%", "2013-06-30": "7.52%", "2013-03-31": "6.81%", "2012-12-31": "6.97%", "2012-09-30": "6.94%", "2012-06-30": "7.40%", "2012-03-31": "8.00%", "2011-12-31": "7.74%", "2011-09-30": "7.87%", "2011-06-30": "7.79%", "2011-03-31": "7.00%", "2010-12-31": "6.69%", "2010-09-30": "6.00%", "2010-06-30": "4.64%", "2010-03-31": "2.48%", "2009-12-31": "0.68%", "2009-09-30": "-2.90%", "2009-06-30": "-6.38%", "2009-03-31": "-2.84%", "2008-12-31": "-0.65%", "2008-09-30": "2.07%", "2008-06-30": "5.80%", "2008-03-31": "5.75%", "2007-12-31": "5.40%", "2007-09-30": "5.00%", "2007-06-30": "4.36%", "2007-03-31": "4.42%", "2006-12-31": "4.60%", "2006-09-30": "5.30%", "2006-06-30": "5.81%", "2006-03-31": "5.11%", "2005-12-31": "5.59%"}, "pe ratio": {"current": "16.08", "2021-02-05": "24.63", "2020-09-30": "22.04", "2020-06-30": "16.20", "2020-03-31": "6.95", "2019-12-31": "11.82", "2019-09-30": "9.85", "2019-06-30": "11.09", "2019-03-31": "8.95", "2018-12-31": "7.52", "2018-09-30": "15.48", "2018-06-30": "16.17", "2018-03-31": "21.26", "2017-12-31": "23.42", "2017-09-30": "35.12", "2017-06-30": "44.88", "2017-03-31": "60.43", "2016-12-31": "72.45", "2016-09-30": "13.34", "2016-06-30": "9.91", "2016-03-31": "13.37", "2015-12-31": "14.77", "2015-09-30": "13.91", "2015-06-30": "18.75", "2015-03-31": "18.69", "2014-12-31": "17.54", "2014-09-30": "16.70", "2014-06-30": "20.68", "2014-03-31": "20.02", "2013-12-31": "18.71", "2013-09-30": "17.60", "2013-06-30": "16.87", "2013-03-31": "16.99", "2012-12-31": "15.50", "2012-09-30": "15.07", "2012-06-30": "13.33", "2012-03-31": "16.02", "2011-12-31": "12.87", "2011-09-30": "12.53", "2011-06-30": "17.88", "2011-03-31": "20.86", "2010-12-31": "21.23", "2010-09-30": "18.02", "2010-06-30": "17.60", "2010-03-31": "37.37", "2009-12-31": "130.07", "2009-09-30": "0.00", "2009-06-30": "0.00", "2009-03-31": "0.00", "2008-12-31": "0.00", "2008-09-30": "30.06", "2008-06-30": "14.09", "2008-03-31": "14.11", "2007-12-31": "17.46", "2007-09-30": "18.35", "2007-06-30": "20.64", "2007-03-31": "18.45", "2006-12-31": "14.17"}, "price sales": {"2021-02-05": "1.01", "2020-09-30": "0.91", "2020-06-30": "0.82", "2020-03-31": "0.50", "2019-12-31": "0.87", "2019-09-30": "0.73", "2019-06-30": "0.83", "2019-03-31": "0.75", "2018-12-31": "0.67", "2018-09-30": "0.82", "2018-06-30": "0.83", "2018-03-31": "0.99", "2017-12-31": "1.05", "2017-09-30": "1.09", "2017-06-30": "0.92", "2017-03-31": "0.91", "2016-12-31": "0.88", "2016-09-30": "0.80", "2016-06-30": "0.71", "2016-03-31": "0.96", "2015-12-31": "1.12", "2015-09-30": "1.10", "2015-06-30": "1.48", "2015-03-31": "1.54", "2014-12-31": "1.38", "2014-09-30": "1.34", "2014-06-30": "1.71", "2014-03-31": "1.68", "2013-12-31": "1.58", "2013-09-30": "1.48", "2013-06-30": "1.28", "2013-03-31": "1.17", "2012-12-31": "1.10", "2012-09-30": "1.07", "2012-06-30": "1.02", "2012-03-31": "1.33", "2011-12-31": "1.04", "2011-09-30": "1.02", "2011-06-30": "1.44", "2011-03-31": "1.52", "2010-12-31": "1.49", "2010-09-30": "1.12", "2010-06-30": "0.84", "2010-03-31": "0.93", "2009-12-31": "0.88", "2009-09-30": "0.86", "2009-06-30": "0.90", "2009-03-31": "0.47", "2008-12-31": "0.43", "2008-09-30": "0.60", "2008-06-30": "0.82", "2008-03-31": "0.81", "2007-12-31": "0.95", "2007-09-30": "0.92", "2007-06-30": "0.90", "2007-03-31": "0.82", "2006-12-31": "0.65"}, "price book": {"current": "2.14", "2021-02-05": "2.14", "2020-09-30": "1.92", "2020-06-30": "1.52", "2020-03-31": "1.02", "2019-12-31": "1.81", "2019-09-30": "1.62", "2019-06-30": "1.87", "2019-03-31": "1.76", "2018-12-31": "1.60", "2018-09-30": "2.05", "2018-06-30": "2.12", "2018-03-31": "2.50", "2017-12-31": "2.67", "2017-09-30": "2.61", "2017-06-30": "2.28", "2017-03-31": "2.40", "2016-12-31": "2.38", "2016-09-30": "1.84", "2016-06-30": "1.57", "2016-03-31": "2.06", "2015-12-31": "2.41", "2015-09-30": "2.26", "2015-06-30": "3.14", "2015-03-31": "3.51", "2014-12-31": "3.08", "2014-09-30": "2.87", "2014-06-30": "3.48", "2014-03-31": "3.41", "2013-12-31": "3.18", "2013-09-30": "3.03", "2013-06-30": "2.73", "2013-03-31": "2.55", "2012-12-31": "2.37", "2012-09-30": "2.35", "2012-06-30": "2.30", "2012-03-31": "3.20", "2011-12-31": "2.54", "2011-09-30": "2.43", "2011-06-30": "3.19", "2011-03-31": "3.34", "2010-12-31": "3.17", "2010-09-30": "2.34", "2010-06-30": "1.86", "2010-03-31": "1.80", "2009-12-31": "1.57", "2009-09-30": "1.47", "2009-06-30": "1.72", "2009-03-31": "1.07", "2008-12-31": "1.10", "2008-09-30": "1.52", "2008-06-30": "1.79", "2008-03-31": "1.78", "2007-12-31": "2.14", "2007-09-30": "2.13", "2007-06-30": "2.17", "2007-03-31": "1.97", "2006-12-31": "1.59", "2006-09-30": "1.53", "2006-06-30": "1.77", "2006-03-31": "1.72"}, "price fcf": {"2021-02-05": "", "2020-09-30": "$2.76", "2020-06-30": "$2.23", "2020-03-31": "$3.61", "2019-12-31": "$2.55", "2019-09-30": "$4.30", "2019-06-30": "$3.68", "2019-03-31": "$2.99", "2018-12-31": "$2.77", "2018-09-30": "$2.61", "2018-06-30": "$2.41", "2018-03-31": "$2.67", "2017-12-31": "$2.93", "2017-09-30": "$2.46", "2017-06-30": "$2.56", "2017-03-31": "$2.47", "2016-12-31": "$2.49", "2016-09-30": "$2.21", "2016-06-30": "$1.75", "2016-03-31": "$1.44", "2015-12-31": "$1.29", "2015-09-30": "$0.62", "2015-06-30": "$0.89", "2015-03-31": "$0.92", "2014-12-31": "$1.04", "2014-09-30": "$1.01", "2014-06-30": "$1.15", "2014-03-31": "$1.26", "2013-12-31": "$1.30", "2013-09-30": "$1.79", "2013-06-30": "$1.89", "2013-03-31": "$1.89", "2012-12-31": "$1.94", "2012-09-30": "$1.54", "2012-06-30": "$1.37", "2012-03-31": "$1.40", "2011-12-31": "$1.22", "2011-09-30": "$1.30", "2011-06-30": "$0.97", "2011-03-31": "$0.55", "2010-12-31": "$1.01", "2010-09-30": "$0.83", "2010-06-30": "$0.79", "2010-03-31": "$0.67", "2009-12-31": "$0.77", "2009-09-30": "$0.56", "2009-06-30": "$0.06", "2009-03-31": "$0.26", "2008-12-31": "$0.13", "2008-09-30": "$0.59", "2008-06-30": "$1.33", "2008-03-31": "$1.21", "2007-12-31": "$1.31", "2007-09-30": "$1.14", "2007-06-30": "$0.80", "2007-03-31": "$0.95", "2006-12-31": "$0.75"}, "net worth": {"value": "$10.54B"}, "current ratio": {"current": "2.35", "2020-09-30": "2.35", "2020-06-30": "2.36", "2020-03-31": "1.76", "2019-12-31": "1.65", "2019-09-30": "1.58", "2019-06-30": "1.66", "2019-03-31": "1.62", "2018-12-31": "1.59", "2018-09-30": "1.66", "2018-06-30": "1.59", "2018-03-31": "1.52", "2017-12-31": "1.46", "2017-09-30": "1.43", "2017-06-30": "1.52", "2017-03-31": "1.44", "2016-12-31": "1.39", "2016-09-30": "1.35", "2016-06-30": "1.34", "2016-03-31": "1.38", "2015-12-31": "1.33", "2015-09-30": "2.14", "2015-06-30": "2.08", "2015-03-31": "2.08", "2014-12-31": "1.37", "2014-09-30": "1.39", "2014-06-30": "1.40", "2014-03-31": "1.58", "2013-12-31": "1.72", "2013-09-30": "1.74", "2013-06-30": "1.59", "2013-03-31": "1.64", "2012-12-31": "1.54", "2012-09-30": "1.59", "2012-06-30": "1.60", "2012-03-31": "1.28", "2011-12-31": "1.12", "2011-09-30": "1.18", "2011-06-30": "1.19", "2011-03-31": "1.41", "2010-12-31": "1.48", "2010-09-30": "1.48", "2010-06-30": "1.23", "2010-03-31": "1.48", "2009-12-31": "1.48", "2009-09-30": "1.43", "2009-06-30": "1.42", "2009-03-31": "1.07", "2008-12-31": "1.05", "2008-09-30": "1.19", "2008-06-30": "1.34", "2008-03-31": "1.32", "2007-12-31": "1.46", "2007-09-30": "1.58", "2007-06-30": "1.51", "2007-03-31": "1.46", "2006-12-31": "1.39", "2006-09-30": "1.25", "2006-06-30": "1.19", "2006-03-31": "1.16", "2005-12-31": "1.04", "2005-09-30": "1.30", "2005-06-30": "1.25", "2005-03-31": "1.27"}, "quick ratio": {"2020-09-30": "1.98", "2020-06-30": "1.93", "2020-03-31": "1.36", "2019-12-31": "1.30", "2019-09-30": "1.26", "2019-06-30": "1.31", "2019-03-31": "1.27", "2018-12-31": "1.26", "2018-09-30": "1.28", "2018-06-30": "1.23", "2018-03-31": "1.19", "2017-12-31": "1.15", "2017-09-30": "1.10", "2017-06-30": "1.18", "2017-03-31": "1.14", "2016-12-31": "1.09", "2016-09-30": "1.06", "2016-06-30": "1.03", "2016-03-31": "1.05", "2015-12-31": "1.02", "2015-09-30": "1.80", "2015-06-30": "1.76", "2015-03-31": "1.76", "2014-12-31": "1.14", "2014-09-30": "1.14", "2014-06-30": "1.16", "2014-03-31": "1.31", "2013-12-31": "1.44", "2013-09-30": "1.46", "2013-06-30": "1.34", "2013-03-31": "1.36", "2012-12-31": "1.26", "2012-09-30": "1.29", "2012-06-30": "1.29", "2012-03-31": "1.03", "2011-12-31": "0.88", "2011-09-30": "0.93", "2011-06-30": "0.94", "2011-03-31": "1.09", "2010-12-31": "1.17", "2010-09-30": "1.17", "2010-06-30": "0.96", "2010-03-31": "1.19", "2009-12-31": "1.18", "2009-09-30": "1.13", "2009-06-30": "1.10", "2009-03-31": "0.75", "2008-12-31": "0.69", "2008-09-30": "0.82", "2008-06-30": "0.97", "2008-03-31": "0.97", "2007-12-31": "1.05", "2007-09-30": "1.15", "2007-06-30": "1.10", "2007-03-31": "1.05", "2006-12-31": "1.02", "2006-09-30": "0.90", "2006-06-30": "0.86", "2006-03-31": "0.85", "2005-12-31": "0.75", "2005-09-30": "0.93", "2005-06-30": "0.89", "2005-03-31": "0.93"}, "debt equity ratio": {"current": "0.57", "2020-09-30": "1.22", "2020-06-30": "1.17", "2020-03-31": "0.95", "2019-12-31": "1.00", "2019-09-30": "1.23", "2019-06-30": "1.27", "2019-03-31": "1.30", "2018-12-31": "1.32", "2018-09-30": "1.33", "2018-06-30": "1.41", "2018-03-31": "1.50", "2017-12-31": "1.56", "2017-09-30": "1.51", "2017-06-30": "1.52", "2017-03-31": "1.61", "2016-12-31": "1.68", "2016-09-30": "1.38", "2016-06-30": "1.39", "2016-03-31": "1.38", "2015-12-31": "1.43", "2015-09-30": "1.03", "2015-06-30": "1.07", "2015-03-31": "1.11", "2014-12-31": "0.96", "2014-09-30": "0.92", "2014-06-30": "0.92", "2014-03-31": "0.97", "2013-12-31": "0.90", "2013-09-30": "1.03", "2013-06-30": "1.06", "2013-03-31": "1.07", "2012-12-31": "1.04", "2012-09-30": "1.04", "2012-06-30": "1.12", "2012-03-31": "1.31", "2011-12-31": "1.43", "2011-09-30": "1.47", "2011-06-30": "1.49", "2011-03-31": "1.55", "2010-12-31": "1.41", "2010-09-30": "1.42", "2010-06-30": "1.41", "2010-03-31": "1.21", "2009-12-31": "1.17", "2009-09-30": "1.21", "2009-06-30": "1.21", "2009-03-31": "1.19", "2008-12-31": "1.28", "2008-09-30": "1.19", "2008-06-30": "1.13", "2008-03-31": "1.13", "2007-12-31": "1.14", "2007-09-30": "1.21", "2007-06-30": "1.36", "2007-03-31": "1.41", "2006-12-31": "1.44", "2006-09-30": "1.33", "2006-06-30": "1.33", "2006-03-31": "1.43", "2005-12-31": "1.49", "2005-09-30": "1.56", "2005-06-30": "1.64", "2005-03-31": "1.67"}, "return on equity": {"2020-09-30": "7.47%", "2020-06-30": "9.34%", "2020-03-31": "15.22%", "2019-12-31": "16.30%", "2019-09-30": "16.98%", "2019-06-30": "17.61%", "2019-03-31": "20.43%", "2018-12-31": "22.45%", "2018-09-30": "13.82%", "2018-06-30": "13.56%", "2018-03-31": "12.32%", "2017-12-31": "11.80%", "2017-09-30": "21.38%", "2017-06-30": "18.70%", "2017-03-31": "17.28%", "2016-12-31": "16.26%", "2016-09-30": "13.49%", "2016-06-30": "15.48%", "2016-03-31": "15.05%", "2015-12-31": "15.66%", "2015-09-30": "16.87%", "2015-06-30": "17.13%", "2015-03-31": "18.09%", "2014-12-31": "17.35%", "2014-09-30": "17.45%", "2014-06-30": "17.88%", "2014-03-31": "18.24%", "2013-12-31": "18.51%", "2013-09-30": "18.59%", "2013-06-30": "16.99%", "2013-03-31": "15.71%", "2012-12-31": "16.83%", "2012-09-30": "17.90%", "2012-06-30": "20.54%", "2012-03-31": "23.04%", "2011-12-31": "22.55%", "2011-09-30": "22.47%", "2011-06-30": "21.38%", "2011-03-31": "18.92%", "2010-12-31": "16.96%", "2010-09-30": "14.45%", "2010-06-30": "10.53%", "2010-03-31": "5.05%", "2009-12-31": "1.28%", "2009-09-30": "-5.17%", "2009-06-30": "-12.19%", "2009-03-31": "-5.90%", "2008-12-31": "-1.46%", "2008-09-30": "4.93%", "2008-06-30": "13.86%", "2008-03-31": "14.15%", "2007-12-31": "13.56%", "2007-09-30": "12.82%", "2007-06-30": "11.08%", "2007-03-31": "11.02%", "2006-12-31": "11.51%", "2006-09-30": "13.24%", "2006-06-30": "15.01%", "2006-03-31": "13.58%", "2005-12-31": "14.97%"}, "return on assets": {"2020-09-30": "3.58%", "2020-06-30": "4.48%", "2020-03-31": "7.22%", "2019-12-31": "7.42%", "2019-09-30": "7.44%", "2019-06-30": "7.63%", "2019-03-31": "8.73%", "2018-12-31": "9.40%", "2018-09-30": "5.65%", "2018-06-30": "5.44%", "2018-03-31": "4.89%", "2017-12-31": "4.63%", "2017-09-30": "8.31%", "2017-06-30": "7.37%", "2017-03-31": "6.89%", "2016-12-31": "6.64%", "2016-09-30": "5.64%", "2016-06-30": "6.71%", "2016-03-31": "6.77%", "2015-12-31": "7.26%", "2015-09-30": "8.26%", "2015-06-30": "8.51%", "2015-03-31": "9.17%", "2014-12-31": "8.95%", "2014-09-30": "9.06%", "2014-06-30": "9.16%", "2014-03-31": "9.18%", "2013-12-31": "9.21%", "2013-09-30": "9.08%", "2013-06-30": "8.28%", "2013-03-31": "7.61%", "2012-12-31": "7.94%", "2012-09-30": "8.09%", "2012-06-30": "8.85%", "2012-03-31": "9.51%", "2011-12-31": "9.08%", "2011-09-30": "9.06%", "2011-06-30": "8.66%", "2011-03-31": "7.73%", "2010-12-31": "7.18%", "2010-09-30": "6.28%", "2010-06-30": "4.69%", "2010-03-31": "2.29%", "2009-12-31": "0.58%", "2009-09-30": "-2.33%", "2009-06-30": "-5.49%", "2009-03-31": "-2.69%", "2008-12-31": "-0.67%", "2008-09-30": "2.29%", "2008-06-30": "6.45%", "2008-03-31": "6.42%", "2007-12-31": "5.97%", "2007-09-30": "5.45%", "2007-06-30": "4.64%", "2007-03-31": "4.63%", "2006-12-31": "4.83%", "2006-09-30": "5.54%", "2006-06-30": "6.14%", "2006-03-31": "5.38%", "2005-12-31": "5.79%"}, "return on investments": {"2020-09-30": "12.35%", "2020-06-30": "12.91%", "2020-03-31": "19.10%", "2019-12-31": "20.45%", "2019-09-30": "17.28%", "2019-06-30": "17.29%", "2019-03-31": "17.93%", "2018-12-31": "19.16%", "2018-09-30": "18.49%", "2018-06-30": "18.63%", "2018-03-31": "18.68%", "2017-12-31": "18.48%", "2017-09-30": "20.39%", "2017-06-30": "18.28%", "2017-03-31": "17.68%", "2016-12-31": "16.91%", "2016-09-30": "14.23%", "2016-06-30": "15.96%", "2016-03-31": "15.78%", "2015-12-31": "16.14%", "2015-09-30": "18.39%", "2015-06-30": "19.36%", "2015-03-31": "21.08%", "2014-12-31": "21.10%", "2014-09-30": "20.30%", "2014-06-30": "20.10%", "2014-03-31": "19.73%", "2013-12-31": "19.65%", "2013-09-30": "20.04%", "2013-06-30": "19.08%", "2013-03-31": "18.19%", "2012-12-31": "19.58%", "2012-09-30": "21.15%", "2012-06-30": "23.15%", "2012-03-31": "24.96%", "2011-12-31": "23.50%", "2011-09-30": "22.24%", "2011-06-30": "20.00%", "2011-03-31": "17.50%", "2010-12-31": "16.04%", "2010-09-30": "13.57%", "2010-06-30": "10.82%", "2010-03-31": "5.15%", "2009-12-31": "1.81%", "2009-09-30": "-5.51%", "2009-06-30": "-10.71%", "2009-03-31": "-4.19%", "2008-12-31": "0.29%", "2008-09-30": "8.93%", "2008-06-30": "15.84%", "2008-03-31": "16.23%", "2007-12-31": "15.52%", "2007-09-30": "12.17%", "2007-06-30": "11.13%", "2007-03-31": "11.17%", "2006-12-31": "11.69%", "2006-09-30": "15.62%", "2006-06-30": "17.21%", "2006-03-31": "15.20%", "2005-12-31": "14.72%"}, "return on tangible equity": {"2020-09-30": "13.77%", "2020-06-30": "17.49%", "2020-03-31": "29.02%", "2019-12-31": "32.10%", "2019-09-30": "34.56%", "2019-06-30": "37.11%", "2019-03-31": "44.67%", "2018-12-31": "51.08%", "2018-09-30": "33.19%", "2018-06-30": "33.76%", "2018-03-31": "31.12%", "2017-12-31": "30.37%", "2017-09-30": "56.13%", "2017-06-30": "48.32%", "2017-03-31": "45.17%", "2016-12-31": "42.32%", "2016-09-30": "34.71%", "2016-06-30": "33.77%", "2016-03-31": "28.28%", "2015-12-31": "25.95%", "2015-09-30": "25.21%", "2015-06-30": "25.66%", "2015-03-31": "27.13%", "2014-12-31": "26.07%", "2014-09-30": "25.85%", "2014-06-30": "26.76%", "2014-03-31": "27.70%", "2013-12-31": "28.51%", "2013-09-30": "29.16%", "2013-06-30": "26.99%", "2013-03-31": "25.32%", "2012-12-31": "27.87%", "2012-09-30": "30.93%", "2012-06-30": "37.31%", "2012-03-31": "44.02%", "2011-12-31": "44.90%", "2011-09-30": "44.73%", "2011-06-30": "42.51%", "2011-03-31": "38.13%", "2010-12-31": "33.16%", "2010-09-30": "28.20%", "2010-06-30": "20.62%", "2010-03-31": "9.80%", "2009-12-31": "2.55%", "2009-09-30": "-10.54%", "2009-06-30": "-24.67%", "2009-03-31": "-11.88%", "2008-12-31": "-2.89%", "2008-09-30": "9.68%", "2008-06-30": "27.59%", "2008-03-31": "28.71%", "2007-12-31": "28.61%", "2007-09-30": "28.18%", "2007-06-30": "25.51%", "2007-03-31": "25.87%", "2006-12-31": "27.65%", "2006-09-30": "32.67%", "2006-06-30": "37.92%", "2006-03-31": "36.17%", "2005-12-31": "41.58%"}, "dividend yield history": {"last payout": "$0.68", "last yield": "1.58%"}}