{"ticker": "BXP", "price": {"title": "Boston Properties Historical Annual Stock Price Data", "value": 92.12, "historical": {"2021": {"Average Stock Price": "91.6163", "Year Open": "90.8200", "Year High": "95.1500", "Year Low": "89.5900", "Year Close": "92.1200", "Annual % Change": "-2.55%"}, "2020": {"Average Stock Price": "98.8286", "Year Open": "135.5800", "Year High": "147.5100", "Year Low": "71.1500", "Year Close": "94.5300", "Annual % Change": "-31.43%"}, "2019": {"Average Stock Price": "131.8746", "Year Open": "109.1500", "Year High": "139.8700", "Year Low": "109.1500", "Year Close": "137.8600", "Annual % Change": "22.49%"}, "2018": {"Average Stock Price": "122.8298", "Year Open": "129.2800", "Year High": "132.4800", "Year Low": "109.0900", "Year Close": "112.5500", "Annual % Change": "-13.44%"}, "2017": {"Average Stock Price": "126.3608", "Year Open": "127.1800", "Year High": "139.8800", "Year Low": "117.7000", "Year Close": "130.0300", "Annual % Change": "3.38%"}, "2016": {"Average Stock Price": "127.6557", "Year Open": "124.2000", "Year High": "143.6100", "Year Low": "108.1800", "Year Close": "125.7800", "Annual % Change": "-1.38%"}, "2015": {"Average Stock Price": "128.6915", "Year Open": "131.2600", "Year High": "144.7400", "Year Low": "108.6500", "Year Close": "127.5400", "Annual % Change": "-0.89%"}, "2014": {"Average Stock Price": "118.4552", "Year Open": "100.3900", "Year High": "136.2800", "Year Low": "100.3900", "Year Close": "128.6900", "Annual % Change": "28.22%"}, "2013": {"Average Stock Price": "105.8319", "Year Open": "106.6500", "Year High": "114.5900", "Year Low": "98.2700", "Year Close": "100.3700", "Annual % Change": "-5.14%"}, "2012": {"Average Stock Price": "106.1651", "Year Open": "101.3200", "Year High": "116.0700", "Year Low": "97.4900", "Year Close": "105.8100", "Annual % Change": "6.23%"}, "2011": {"Average Stock Price": "97.7920", "Year Open": "89.1800", "Year High": "112.3600", "Year Low": "84.6600", "Year Close": "99.6000", "Annual % Change": "15.68%"}, "2010": {"Average Stock Price": "78.6494", "Year Open": "67.1000", "Year High": "90.7300", "Year Low": "62.4900", "Year Close": "86.1000", "Annual % Change": "28.37%"}, "2009": {"Average Stock Price": "52.8129", "Year Open": "55.1300", "Year High": "70.8000", "Year Low": "31.4900", "Year Close": "67.0700", "Annual % Change": "21.95%"}, "2008": {"Average Stock Price": "86.0889", "Year Open": "92.7700", "Year High": "105.0400", "Year Low": "43.2800", "Year Close": "55.0000", "Annual % Change": "-40.09%"}, "2007": {"Average Stock Price": "108.3406", "Year Open": "112.0900", "Year High": "130.7500", "Year Low": "88.7100", "Year Close": "91.8100", "Annual % Change": "-17.94%"}, "2006": {"Average Stock Price": "94.8337", "Year Open": "75.3600", "Year High": "118.0000", "Year Low": "75.3600", "Year Close": "111.8800", "Annual % Change": "50.92%"}, "2005": {"Average Stock Price": "67.4912", "Year Open": "63.6500", "Year High": "76.2500", "Year Low": "56.9300", "Year Close": "74.1300", "Annual % Change": "14.63%"}, "2004": {"Average Stock Price": "53.3521", "Year Open": "48.2500", "Year High": "64.8500", "Year Low": "44.0000", "Year Close": "64.6700", "Annual % Change": "34.20%"}, "2003": {"Average Stock Price": "41.8885", "Year Open": "36.8000", "Year High": "48.3400", "Year Low": "34.9900", "Year Close": "48.1900", "Annual % Change": "30.74%"}, "2002": {"Average Stock Price": "38.0618", "Year Open": "38.2500", "Year High": "41.5500", "Year Low": "33.9300", "Year Close": "36.8600", "Annual % Change": "-3.00%"}, "2001": {"Average Stock Price": "38.9896", "Year Open": "43.3100", "Year High": "43.3100", "Year Low": "34.3300", "Year Close": "38.0000", "Annual % Change": "-12.64%"}, "2000": {"Average Stock Price": "37.2212", "Year Open": "30.6900", "Year High": "44.7500", "Year Low": "29.8100", "Year Close": "43.5000", "Annual % Change": "39.74%"}, "1999": {"Average Stock Price": "32.5916", "Year Open": "30.3100", "Year High": "37.1300", "Year Low": "27.5000", "Year Close": "31.1300", "Annual % Change": "2.07%"}, "1998": {"Average Stock Price": "32.2792", "Year Open": "33.1900", "Year High": "35.9400", "Year Low": "23.8800", "Year Close": "30.5000", "Annual % Change": "-7.74%"}}}, "market cap": {"value": "$14.34B"}, "income statement": {"Revenue": {"2020-12-31": "2765.68600", "2019-12-31": "2960.56200", "2018-12-31": "2717.07600", "2017-12-31": "2602.07600", "2016-12-31": "2550.82000", "2015-12-31": "2490.82100", "2014-12-31": "2396.99800", "2013-12-31": "2135.53900", "2012-12-31": "1847.18600", "2011-12-31": "1722.79200", "2010-12-31": "1543.31000", "2009-12-31": "1518.19000", "2008-12-31": "1469.44200", "2007-12-31": "1482.28900", "2006-12-31": "1417.62700", "2005-12-31": "1382.86600"}, "Cost Of Goods Sold": {"2020-12-31": "1030.34400", "2019-12-31": "1084.01400", "2018-12-31": "1013.01400", "2017-12-31": "962.03600", "2016-12-31": "921.23400", "2015-12-31": "904.33600", "2014-12-31": "864.52600", "2013-12-31": "771.40300", "2012-12-31": "667.20800", "2011-12-31": "598.79600", "2010-12-31": "523.30700", "2009-12-31": "525.76500", "2008-12-31": "515.54000", "2007-12-31": "483.60500", "2006-12-31": "462.67100", "2005-12-31": "457.12900"}, "Gross Profit": {"2020-12-31": "1735.34200", "2019-12-31": "1876.54800", "2018-12-31": "1704.06200", "2017-12-31": "1640.04000", "2016-12-31": "1629.58600", "2015-12-31": "1586.48500", "2014-12-31": "1532.47200", "2013-12-31": "1364.13600", "2012-12-31": "1179.97800", "2011-12-31": "1123.99600", "2010-12-31": "1020.00300", "2009-12-31": "992.42490", "2008-12-31": "953.90200", "2007-12-31": "998.68400", "2006-12-31": "954.95590", "2005-12-31": "925.73690"}, "Research And Development Expenses": {"2020-12-31": "", "2019-12-31": "", "2018-12-31": "", "2017-12-31": "", "2016-12-31": "", "2015-12-31": "", "2014-12-31": "", "2013-12-31": "", "2012-12-31": "", "2011-12-31": "", "2010-12-31": "", "2009-12-31": "", "2008-12-31": "", "2007-12-31": "", "2006-12-31": "", "2005-12-31": ""}, "SG&A Expenses": {"2020-12-31": "133.11200", "2019-12-31": "140.77700", "2018-12-31": "121.72200", "2017-12-31": "113.71500", "2016-12-31": "105.22900", "2015-12-31": "96.31900", "2014-12-31": "98.93700", "2013-12-31": "115.32900", "2012-12-31": "90.12900", "2011-12-31": "87.10100", "2010-12-31": "79.39600", "2009-12-31": "75.44700", "2008-12-31": "72.36500", "2007-12-31": "69.88200", "2006-12-31": "59.37500", "2005-12-31": "55.47100"}, "Other Operating Income Or Expenses": {"2020-12-31": "-13.15700", "2019-12-31": "-36.40800", "2018-12-31": "-23.00600", "2017-12-31": "-0.66800", "2016-12-31": "-4.17000", "2015-12-31": "-1.25900", "2014-12-31": "-3.14000", "2013-12-31": "-10.05000", "2012-12-31": "-3.65300", "2011-12-31": "-1.98700", "2010-12-31": "4.32400", "2009-12-31": "-351.10900", "2008-12-31": "-312.34300", "2007-12-31": "-306.39700", "2006-12-31": "-330.40300", "2005-12-31": "-320.98700"}, "Operating Expenses": {"2020-12-31": "1860.36400", "2019-12-31": "1938.96300", "2018-12-31": "1803.39100", "2017-12-31": "1693.96600", "2016-12-31": "1725.03600", "2015-12-31": "1641.45600", "2014-12-31": "1595.17600", "2013-12-31": "1457.41900", "2012-12-31": "1206.86500", "2011-12-31": "1117.62600", "2010-12-31": "934.23800", "2009-12-31": "1274.00200", "2008-12-31": "1204.39500", "2007-12-31": "1145.91400", "2006-12-31": "1123.01100", "2005-12-31": "1094.56600"}, "Operating Income": {"2020-12-31": "905.32200", "2019-12-31": "1021.59900", "2018-12-31": "913.68490", "2017-12-31": "908.11000", "2016-12-31": "825.78410", "2015-12-31": "849.36510", "2014-12-31": "801.82200", "2013-12-31": "678.12000", "2012-12-31": "640.32100", "2011-12-31": "605.16590", "2010-12-31": "609.07200", "2009-12-31": "244.18790", "2008-12-31": "265.04700", "2007-12-31": "336.37490", "2006-12-31": "294.61600", "2005-12-31": "288.29990"}, "Total Non-Operating Income/Expense": {"2020-12-31": "113.36900", "2019-12-31": "-369.60000", "2018-12-31": "-201.12200", "2017-12-31": "-345.62900", "2016-12-31": "-255.80700", "2015-12-31": "-49.44700", "2014-12-31": "-275.76500", "2013-12-31": "25.52800", "2012-12-31": "-354.86500", "2011-12-31": "-302.21600", "2010-12-31": "-422.92100", "2009-12-31": "18.55100", "2008-12-31": "-167.66400", "2007-12-31": "950.21300", "2006-12-31": "630.90100", "2005-12-31": "156.71300"}, "Pre-Tax Income": {"2020-12-31": "1018.69100", "2019-12-31": "651.99900", "2018-12-31": "712.56290", "2017-12-31": "562.48100", "2016-12-31": "569.97710", "2015-12-31": "799.91810", "2014-12-31": "526.05700", "2013-12-31": "703.64800", "2012-12-31": "285.45610", "2011-12-31": "302.94990", "2010-12-31": "186.15100", "2009-12-31": "262.73890", "2008-12-31": "97.38300", "2007-12-31": "1286.58800", "2006-12-31": "925.51700", "2005-12-31": "445.01290"}, "Income Taxes": {"2020-12-31": "", "2019-12-31": "", "2018-12-31": "", "2017-12-31": "", "2016-12-31": "", "2015-12-31": "", "2014-12-31": "", "2013-12-31": "", "2012-12-31": "", "2011-12-31": "", "2010-12-31": "", "2009-12-31": "", "2008-12-31": "", "2007-12-31": "", "2006-12-31": "", "2005-12-31": ""}, "Income After Taxes": {"2020-12-31": "1018.69100", "2019-12-31": "651.99900", "2018-12-31": "712.56290", "2017-12-31": "562.48100", "2016-12-31": "569.97710", "2015-12-31": "799.91810", "2014-12-31": "526.05700", "2013-12-31": "703.64800", "2012-12-31": "285.45610", "2011-12-31": "302.94990", "2010-12-31": "186.15100", "2009-12-31": "262.73890", "2008-12-31": "97.38300", "2007-12-31": "1286.58800", "2006-12-31": "925.51700", "2005-12-31": "445.01290"}, "Other Income": {"2020-12-31": "", "2019-12-31": "", "2018-12-31": "", "2017-12-31": "", "2016-12-31": "", "2015-12-31": "", "2014-12-31": "", "2013-12-31": "", "2012-12-31": "", "2011-12-31": "", "2010-12-31": "", "2009-12-31": "", "2008-12-31": "", "2007-12-31": "", "2006-12-31": "", "2005-12-31": ""}, "Income From Continuous Operations": {"2020-12-31": "1018.69100", "2019-12-31": "651.99900", "2018-12-31": "712.56290", "2017-12-31": "562.48100", "2016-12-31": "569.97710", "2015-12-31": "799.91810", "2014-12-31": "526.05700", "2013-12-31": "703.64800", "2012-12-31": "285.45600", "2011-12-31": "302.95000", "2010-12-31": "186.15100", "2009-12-31": "262.73900", "2008-12-31": "97.38300", "2007-12-31": "1286.58800", "2006-12-31": "857.53100", "2005-12-31": "379.53200"}, "Income From Discontinued Operations": {"2020-12-31": "", "2019-12-31": "", "2018-12-31": "", "2017-12-31": "", "2016-12-31": "", "2015-12-31": "", "2014-12-31": "", "2013-12-31": "137.79200", "2012-12-31": "46.68300", "2011-12-31": "10.87600", "2010-12-31": "4.17600", "2009-12-31": "11.76000", "2008-12-31": "33.34000", "2007-12-31": "266.79300", "2006-12-31": "16.10400", "2005-12-31": "62.98300"}, "Net Income": {"2020-12-31": "862.22700", "2019-12-31": "511.03400", "2018-12-31": "572.34700", "2017-12-31": "451.93900", "2016-12-31": "502.28500", "2015-12-31": "572.60600", "2014-12-31": "433.11100", "2013-12-31": "741.75400", "2012-12-31": "289.65000", "2011-12-31": "272.67900", "2010-12-31": "159.07200", "2009-12-31": "231.01400", "2008-12-31": "105.27000", "2007-12-31": "1310.10600", "2006-12-31": "873.63500", "2005-12-31": "438.29200"}, "EBITDA": {"2020-12-31": "905.32200", "2019-12-31": "1701.77500", "2018-12-31": "1559.33400", "2017-12-31": "1525.65700", "2016-12-31": "1520.18700", "2015-12-31": "1488.90700", "2014-12-31": "1430.39500", "2013-12-31": "1243.51700", "2012-12-31": "1094.36500", "2011-12-31": "1044.35000", "2010-12-31": "947.44300", "2009-12-31": "565.86890", "2008-12-31": "569.19400", "2007-12-31": "625.35290", "2006-12-31": "571.37500", "2005-12-31": "555.94090"}, "EBIT": {"2020-12-31": "905.32200", "2019-12-31": "1021.59900", "2018-12-31": "913.68490", "2017-12-31": "908.11000", "2016-12-31": "825.78410", "2015-12-31": "849.36510", "2014-12-31": "801.82200", "2013-12-31": "678.12000", "2012-12-31": "640.32100", "2011-12-31": "605.16590", "2010-12-31": "609.07200", "2009-12-31": "244.18790", "2008-12-31": "265.04700", "2007-12-31": "336.37490", "2006-12-31": "294.61600", "2005-12-31": "288.29990"}, "Basic Shares Outstanding": {"2020-12-31": "155.43200", "2019-12-31": "154.58200", "2018-12-31": "154.42700", "2017-12-31": "154.19000", "2016-12-31": "153.71500", "2015-12-31": "153.47100", "2014-12-31": "153.08900", "2013-12-31": "152.20100", "2012-12-31": "150.12000", "2011-12-31": "145.69300", "2010-12-31": "139.44000", "2009-12-31": "131.05000", "2008-12-31": "119.98000", "2007-12-31": "118.83900", "2006-12-31": "114.72100", "2005-12-31": "111.27400"}, "Shares Outstanding": {"2020-12-31": "155.51700", "2019-12-31": "154.88300", "2018-12-31": "154.68200", "2017-12-31": "154.39000", "2016-12-31": "153.97700", "2015-12-31": "153.84400", "2014-12-31": "153.30800", "2013-12-31": "152.52100", "2012-12-31": "150.71100", "2011-12-31": "146.21800", "2010-12-31": "140.05700", "2009-12-31": "131.51200", "2008-12-31": "121.29900", "2007-12-31": "120.78000", "2006-12-31": "117.07700", "2005-12-31": "113.55900"}, "Basic EPS": {"2020-12-31": "5.54000", "2019-12-31": "3.31000", "2018-12-31": "3.71000", "2017-12-31": "2.93000", "2016-12-31": "3.27000", "2015-12-31": "3.73000", "2014-12-31": "2.83000", "2013-12-31": "4.87000", "2012-12-31": "1.93000", "2011-12-31": "1.87000", "2010-12-31": "1.14000", "2009-12-31": "1.76000", "2008-12-31": "0.88000", "2007-12-31": "10.98000", "2006-12-31": "7.62000", "2005-12-31": "3.94000"}, "EPS - Earnings Per Share": {"2020-12-31": "5.54000", "2019-12-31": "3.30000", "2018-12-31": "3.70000", "2017-12-31": "2.93000", "2016-12-31": "3.26000", "2015-12-31": "3.72000", "2014-12-31": "2.83000", "2013-12-31": "4.86000", "2012-12-31": "1.92000", "2011-12-31": "1.86000", "2010-12-31": "1.14000", "2009-12-31": "1.76000", "2008-12-31": "0.87000", "2007-12-31": "10.80000", "2006-12-31": "7.46000", "2005-12-31": "3.86000"}}, "income statement, quarterly": {"Revenue": {"2020-12-31": "665.08900", "2020-09-30": "693.26800", "2020-06-30": "654.77300", "2020-03-31": "752.55600", "2019-12-31": "757.50100", "2019-09-30": "743.55300", "2019-06-30": "733.74100", "2019-03-31": "725.76700", "2018-12-31": "705.15700", "2018-09-30": "686.28400", "2018-06-30": "664.48400", "2018-03-31": "661.15100", "2017-12-31": "655.22900", "2017-09-30": "657.71200", "2017-06-30": "656.90700", "2017-03-31": "632.22800", "2016-12-31": "636.06100", "2016-09-30": "625.22800", "2016-06-30": "623.54600", "2016-03-31": "665.98500", "2015-12-31": "624.24010", "2015-09-30": "629.88400", "2015-06-30": "618.22100", "2015-03-31": "618.47600", "2014-12-31": "613.70720", "2014-09-30": "618.80300", "2014-06-30": "589.79400", "2014-03-31": "574.69400", "2013-12-31": "576.19920", "2013-09-30": "571.48100", "2013-06-30": "510.03300", "2013-03-31": "477.82600", "2012-12-31": "465.46410", "2012-09-30": "466.68000", "2012-06-30": "471.34900", "2012-03-31": "443.69300", "2011-12-31": "422.00800", "2011-09-30": "449.70300", "2011-06-30": "433.86700", "2011-03-31": "417.21400", "2010-12-31": "384.98800", "2010-09-30": "386.41000", "2010-06-30": "393.84100", "2010-03-31": "378.07100", "2009-12-31": "373.85300", "2009-09-30": "377.30300", "2009-06-30": "389.49000", "2009-03-31": "377.54400", "2008-12-31": "371.34200", "2008-09-30": "357.98800", "2008-06-30": "368.68000", "2008-03-31": "371.43200", "2007-12-31": "380.78890", "2007-09-30": "368.58400", "2007-06-30": "372.21300", "2007-03-31": "360.70300", "2006-12-31": "352.66890", "2006-09-30": "359.49700", "2006-06-30": "357.91100", "2006-03-31": "347.55000", "2005-12-31": "311.56400", "2005-09-30": "359.09400", "2005-06-30": "357.93500", "2005-03-31": "354.27300"}, "Cost Of Goods Sold": {"2020-12-31": "257.37200", "2020-09-30": "261.42500", "2020-06-30": "241.76000", "2020-03-31": "269.78700", "2019-12-31": "277.23710", "2019-09-30": "274.34600", "2019-06-30": "267.05100", "2019-03-31": "265.38000", "2018-12-31": "261.26400", "2018-09-30": "256.81700", "2018-06-30": "246.53100", "2018-03-31": "248.40200", "2017-12-31": "242.01200", "2017-09-30": "245.78800", "2017-06-30": "238.85800", "2017-03-31": "235.37800", "2016-12-31": "231.83400", "2016-09-30": "236.67800", "2016-06-30": "225.91600", "2016-03-31": "226.80600", "2015-12-31": "224.53000", "2015-09-30": "227.92100", "2015-06-30": "222.95900", "2015-03-31": "228.92600", "2014-12-31": "218.61600", "2014-09-30": "222.76400", "2014-06-30": "209.96100", "2014-03-31": "213.18500", "2013-12-31": "206.07600", "2013-09-30": "205.86800", "2013-06-30": "183.35300", "2013-03-31": "176.10600", "2012-12-31": "164.90000", "2012-09-30": "172.57900", "2012-06-30": "167.78800", "2012-03-31": "161.94100", "2011-12-31": "143.70500", "2011-09-30": "159.80800", "2011-06-30": "149.91400", "2011-03-31": "145.36900", "2010-12-31": "129.44600", "2010-09-30": "134.23500", "2010-06-30": "129.37300", "2010-03-31": "130.25300", "2009-12-31": "131.90500", "2009-09-30": "134.43800", "2009-06-30": "130.08900", "2009-03-31": "129.33300", "2008-12-31": "132.32500", "2008-09-30": "134.03300", "2008-06-30": "125.55200", "2008-03-31": "123.63000", "2007-12-31": "125.52400", "2007-09-30": "119.78100", "2007-06-30": "119.41500", "2007-03-31": "118.88500", "2006-12-31": "112.79500", "2006-09-30": "117.51500", "2006-06-30": "115.24600", "2006-03-31": "117.11500", "2005-12-31": "95.51400", "2005-09-30": "123.37200", "2005-06-30": "118.95000", "2005-03-31": "119.29300"}, "Gross Profit": {"2020-12-31": "407.71700", "2020-09-30": "431.84300", "2020-06-30": "413.01300", "2020-03-31": "482.76900", "2019-12-31": "480.26400", "2019-09-30": "469.20700", "2019-06-30": "466.69000", "2019-03-31": "460.38700", "2018-12-31": "443.89290", "2018-09-30": "429.46700", "2018-06-30": "417.95300", "2018-03-31": "412.74900", "2017-12-31": "413.21700", "2017-09-30": "411.92400", "2017-06-30": "418.04900", "2017-03-31": "396.85000", "2016-12-31": "404.22700", "2016-09-30": "388.55000", "2016-06-30": "397.63000", "2016-03-31": "439.17900", "2015-12-31": "399.71010", "2015-09-30": "401.96300", "2015-06-30": "395.26200", "2015-03-31": "389.55000", "2014-12-31": "395.09120", "2014-09-30": "396.03900", "2014-06-30": "379.83300", "2014-03-31": "361.50900", "2013-12-31": "370.12320", "2013-09-30": "365.61300", "2013-06-30": "326.68000", "2013-03-31": "301.72000", "2012-12-31": "300.56410", "2012-09-30": "294.10100", "2012-06-30": "303.56100", "2012-03-31": "281.75200", "2011-12-31": "278.30300", "2011-09-30": "289.89500", "2011-06-30": "283.95300", "2011-03-31": "271.84500", "2010-12-31": "255.54200", "2010-09-30": "252.17500", "2010-06-30": "264.46800", "2010-03-31": "247.81800", "2009-12-31": "241.94790", "2009-09-30": "242.86500", "2009-06-30": "259.40100", "2009-03-31": "248.21100", "2008-12-31": "239.01700", "2008-09-30": "223.95500", "2008-06-30": "243.12800", "2008-03-31": "247.80200", "2007-12-31": "255.26500", "2007-09-30": "248.80300", "2007-06-30": "252.79800", "2007-03-31": "241.81800", "2006-12-31": "239.87390", "2006-09-30": "241.98200", "2006-06-30": "242.66500", "2006-03-31": "230.43500", "2005-12-31": "216.05000", "2005-09-30": "235.72200", "2005-06-30": "238.98500", "2005-03-31": "234.98000"}, "Research And Development Expenses": {"2020-12-31": "", "2020-09-30": "", "2020-06-30": "", "2020-03-31": "", "2019-12-31": "", "2019-09-30": "", "2019-06-30": "", "2019-03-31": "", "2018-12-31": "", "2018-09-30": "", "2018-06-30": "", "2018-03-31": "", "2017-12-31": "", "2017-09-30": "", "2017-06-30": "", "2017-03-31": "", "2016-12-31": "", "2016-09-30": "", "2016-06-30": "", "2016-03-31": "", "2015-12-31": "", "2015-09-30": "", "2015-06-30": "", "2015-03-31": "", "2014-12-31": "", "2014-09-30": "", "2014-06-30": "", "2014-03-31": "", "2013-12-31": "", "2013-09-30": "", "2013-06-30": "", "2013-03-31": "", "2012-12-31": "", "2012-09-30": "", "2012-06-30": "", "2012-03-31": "", "2011-12-31": "", "2011-09-30": "", "2011-06-30": "", "2011-03-31": "", "2010-12-31": "", "2010-09-30": "", "2010-06-30": "", "2010-03-31": "", "2009-12-31": "", "2009-09-30": "", "2009-06-30": "", "2009-03-31": "", "2008-12-31": "", "2008-09-30": "", "2008-06-30": "", "2008-03-31": "", "2007-12-31": "", "2007-09-30": "", "2007-06-30": "", "2007-03-31": "", "2006-12-31": "", "2006-09-30": "", "2006-06-30": "", "2006-03-31": "", "2005-12-31": "", "2005-09-30": "", "2005-06-30": "", "2005-03-31": ""}, "SG&A Expenses": {"2020-12-31": "31.05300", "2020-09-30": "27.86200", "2020-06-30": "37.74300", "2020-03-31": "36.45400", "2019-12-31": "32.79700", "2019-09-30": "31.14700", "2019-06-30": "35.07100", "2019-03-31": "41.76200", "2018-12-31": "27.68300", "2018-09-30": "29.67700", "2018-06-30": "28.46800", "2018-03-31": "35.89400", "2017-12-31": "29.39600", "2017-09-30": "25.79200", "2017-06-30": "27.14100", "2017-03-31": "31.38600", "2016-12-31": "25.29300", "2016-09-30": "25.16500", "2016-06-30": "25.41800", "2016-03-31": "29.35300", "2015-12-31": "24.30000", "2015-09-30": "20.94400", "2015-06-30": "22.28400", "2015-03-31": "28.79100", "2014-12-31": "23.17200", "2014-09-30": "22.58900", "2014-06-30": "23.27100", "2014-03-31": "29.90500", "2013-12-31": "20.65600", "2013-09-30": "24.84100", "2013-06-30": "24.31600", "2013-03-31": "45.51600", "2012-12-31": "21.82700", "2012-09-30": "21.61700", "2012-06-30": "19.06600", "2012-03-31": "27.61900", "2011-12-31": "26.82000", "2011-09-30": "16.91700", "2011-06-30": "18.72100", "2011-03-31": "24.64300", "2010-12-31": "16.85900", "2010-09-30": "18.06700", "2010-06-30": "17.64800", "2010-03-31": "26.82200", "2009-12-31": "19.50600", "2009-09-30": "19.98900", "2009-06-30": "18.53200", "2009-03-31": "17.42000", "2008-12-31": "16.55200", "2008-09-30": "18.75800", "2008-06-30": "17.46700", "2008-03-31": "19.58800", "2007-12-31": "16.59400", "2007-09-30": "20.18900", "2007-06-30": "16.29100", "2007-03-31": "16.80800", "2006-12-31": "16.19800", "2006-09-30": "12.73900", "2006-06-30": "15.79600", "2006-03-31": "14.64200", "2005-12-31": "13.13600", "2005-09-30": "13.27000", "2005-06-30": "14.25200", "2005-03-31": "14.81300"}, "Other Operating Income Or Expenses": {"2020-12-31": "-3.28600", "2020-09-30": "-3.20300", "2020-06-30": "-2.81600", "2020-03-31": "-105.44300", "2019-12-31": "98.28100", "2019-09-30": "-2.96700", "2019-06-30": "-2.82000", "2019-03-31": "-128.90200", "2018-12-31": "-14.22600", "2018-09-30": "-3.43000", "2018-06-30": "-2.44400", "2018-03-31": "-2.90600", "2017-12-31": "-0.09600", "2017-09-30": "-0.23900", "2017-06-30": "-0.29900", "2017-03-31": "-0.03400", "2016-12-31": "-1.20000", "2016-09-30": "-2.03200", "2016-06-30": "-0.91300", "2016-03-31": "-0.02500", "2015-12-31": "-0.47000", "2015-09-30": "-0.25400", "2015-06-30": "-0.20800", "2015-03-31": "-0.32700", "2014-12-31": "-0.64000", "2014-09-30": "-1.40200", "2014-06-30": "-0.66100", "2014-03-31": "-0.43700", "2013-12-31": "0.00000", "2013-09-30": "-0.76600", "2013-06-30": "-0.53500", "2013-03-31": "-8.74900", "2012-12-31": "-0.40100", "2012-09-30": "-1.14000", "2012-06-30": "-0.00800", "2012-03-31": "-2.10400", "2011-12-31": "-0.08000", "2011-09-30": "-0.47400", "2011-06-30": "-1.36100", "2011-03-31": "-0.07200", "2010-12-31": "293.12500", "2010-09-30": "-98.99600", "2010-06-30": "-102.80600", "2010-03-31": "-86.99900", "2009-12-31": "-88.18000", "2009-09-30": "-77.10600", "2009-06-30": "-79.12700", "2009-03-31": "-106.69600", "2008-12-31": "-86.03400", "2008-09-30": "-80.98000", "2008-06-30": "-69.04500", "2008-03-31": "-76.28400", "2007-12-31": "-85.38200", "2007-09-30": "-72.62400", "2007-06-30": "-73.74300", "2007-03-31": "-74.64800", "2006-12-31": "-71.43400", "2006-09-30": "-73.77900", "2006-06-30": "-109.90600", "2006-03-31": "-75.28400", "2005-12-31": "-74.80400", "2005-09-30": "-75.70000", "2005-06-30": "-91.12900", "2005-03-31": "-79.35400"}, "Operating Expenses": {"2020-12-31": "459.72400", "2020-09-30": "458.94600", "2020-06-30": "460.50700", "2020-03-31": "582.77800", "2019-12-31": "381.65000", "2019-09-30": "474.32200", "2019-06-30": "482.35300", "2019-03-31": "600.63800", "2018-12-31": "468.61200", "2018-09-30": "447.92000", "2018-06-30": "433.86000", "2018-03-31": "452.99900", "2017-12-31": "425.76290", "2017-09-30": "423.98300", "2017-06-30": "418.21700", "2017-03-31": "426.00300", "2016-12-31": "436.35900", "2016-09-30": "467.62300", "2016-06-30": "405.42200", "2016-03-31": "415.63200", "2015-12-31": "413.75990", "2015-09-30": "402.13400", "2015-06-30": "413.29500", "2015-03-31": "412.26700", "2014-12-31": "404.85800", "2014-09-30": "404.00000", "2014-06-30": "388.52100", "2014-03-31": "397.79700", "2013-12-31": "381.20700", "2013-09-30": "384.72800", "2013-06-30": "341.66000", "2013-03-31": "349.82400", "2012-12-31": "302.72000", "2012-09-30": "305.98900", "2012-06-30": "298.03000", "2012-03-31": "300.12600", "2011-12-31": "272.17710", "2011-09-30": "285.87300", "2011-06-30": "280.25500", "2011-03-31": "279.32100", "2010-12-31": "-56.56900", "2010-09-30": "332.43100", "2010-06-30": "331.22700", "2010-03-31": "327.14900", "2009-12-31": "318.71610", "2009-09-30": "309.71400", "2009-06-30": "314.75300", "2009-03-31": "330.81900", "2008-12-31": "314.67710", "2008-09-30": "309.09200", "2008-06-30": "286.45300", "2008-03-31": "294.17300", "2007-12-31": "298.92110", "2007-09-30": "283.51000", "2007-06-30": "283.37000", "2007-03-31": "280.11300", "2006-12-31": "267.34900", "2006-09-30": "274.59100", "2006-06-30": "308.02500", "2006-03-31": "273.04600", "2005-12-31": "243.89400", "2005-09-30": "278.05900", "2005-06-30": "291.35700", "2005-03-31": "281.25600"}, "Operating Income": {"2020-12-31": "205.36500", "2020-09-30": "234.32200", "2020-06-30": "194.26600", "2020-03-31": "169.77800", "2019-12-31": "375.85100", "2019-09-30": "269.23100", "2019-06-30": "251.38810", "2019-03-31": "125.12900", "2018-12-31": "236.54500", "2018-09-30": "238.36400", "2018-06-30": "230.62400", "2018-03-31": "208.15200", "2017-12-31": "229.46610", "2017-09-30": "233.72890", "2017-06-30": "238.69000", "2017-03-31": "206.22500", "2016-12-31": "199.70210", "2016-09-30": "157.60500", "2016-06-30": "218.12400", "2016-03-31": "250.35300", "2015-12-31": "210.48010", "2015-09-30": "227.75000", "2015-06-30": "204.92600", "2015-03-31": "206.20900", "2014-12-31": "208.84920", "2014-09-30": "214.80300", "2014-06-30": "201.27300", "2014-03-31": "176.89690", "2013-12-31": "194.99220", "2013-09-30": "186.75300", "2013-06-30": "168.37300", "2013-03-31": "128.00200", "2012-12-31": "162.74410", "2012-09-30": "160.69100", "2012-06-30": "173.31900", "2012-03-31": "143.56700", "2011-12-31": "149.83090", "2011-09-30": "163.83000", "2011-06-30": "153.61200", "2011-03-31": "137.89300", "2010-12-31": "441.55700", "2010-09-30": "53.97900", "2010-06-30": "62.61400", "2010-03-31": "50.92200", "2009-12-31": "55.13690", "2009-09-30": "67.58900", "2009-06-30": "74.73700", "2009-03-31": "46.72500", "2008-12-31": "56.66490", "2008-09-30": "48.89600", "2008-06-30": "82.22700", "2008-03-31": "77.25900", "2007-12-31": "81.86790", "2007-09-30": "85.07400", "2007-06-30": "88.84300", "2007-03-31": "80.59000", "2006-12-31": "85.31990", "2006-09-30": "84.90600", "2006-06-30": "49.88600", "2006-03-31": "74.50400", "2005-12-31": "67.66990", "2005-09-30": "81.03500", "2005-06-30": "66.57800", "2005-03-31": "73.01700"}, "Total Non-Operating Income/Expense": {"2020-12-31": "-180.46000", "2020-09-30": "-116.26200", "2020-06-30": "104.31400", "2020-03-31": "407.36800", "2019-12-31": "-199.84200", "2019-09-30": "-127.86100", "2019-06-30": "-47.92700", "2019-03-31": "6.03000", "2018-12-31": "-51.30400", "2018-09-30": "-87.91900", "2018-06-30": "-70.05900", "2018-03-31": "8.16000", "2017-12-31": "-97.26300", "2017-09-30": "-86.02500", "2017-06-30": "-71.68000", "2017-03-31": "-90.66100", "2016-12-31": "-34.80800", "2016-09-30": "-86.10100", "2016-06-30": "-100.76700", "2016-03-31": "-34.13100", "2015-12-31": "-43.74200", "2015-09-30": "95.52100", "2015-06-30": "-104.18700", "2015-03-31": "2.96100", "2014-12-31": "2.57600", "2014-09-30": "-63.82800", "2014-06-30": "-105.37200", "2014-03-31": "-109.14100", "2013-12-31": "-115.59700", "2013-09-30": "-104.44200", "2013-06-30": "335.07300", "2013-03-31": "-89.50600", "2012-12-31": "-93.60400", "2012-09-30": "-96.71900", "2012-06-30": "-76.24000", "2012-03-31": "-88.30200", "2011-12-31": "-45.87300", "2011-09-30": "-83.39900", "2011-06-30": "-83.74200", "2011-03-31": "-89.20200", "2010-12-31": "-458.48900", "2010-09-30": "14.11000", "2010-06-30": "9.87300", "2010-03-31": "11.58500", "2009-12-31": "-4.15100", "2009-09-30": "10.06100", "2009-06-30": "5.33600", "2009-03-31": "7.30500", "2008-12-31": "-202.62600", "2008-09-30": "3.45700", "2008-06-30": "7.89800", "2008-03-31": "23.60700", "2007-12-31": "142.88890", "2007-09-30": "169.88500", "2007-06-30": "17.26800", "2007-03-31": "620.17100", "2006-12-31": "3.10200", "2006-09-30": "38.08900", "2006-06-30": "582.97900", "2006-03-31": "6.73100", "2005-12-31": "50.13300", "2005-09-30": "1.11700", "2005-06-30": "102.92000", "2005-03-31": "2.54300"}, "Pre-Tax Income": {"2020-12-31": "24.90500", "2020-09-30": "118.06000", "2020-06-30": "298.58000", "2020-03-31": "577.14600", "2019-12-31": "176.00900", "2019-09-30": "141.37000", "2019-06-30": "203.46110", "2019-03-31": "131.15900", "2018-12-31": "185.24090", "2018-09-30": "150.44500", "2018-06-30": "160.56500", "2018-03-31": "216.31200", "2017-12-31": "132.20300", "2017-09-30": "147.70390", "2017-06-30": "167.01000", "2017-03-31": "115.56400", "2016-12-31": "164.89400", "2016-09-30": "71.50400", "2016-06-30": "117.35700", "2016-03-31": "216.22200", "2015-12-31": "166.73810", "2015-09-30": "323.27100", "2015-06-30": "100.73900", "2015-03-31": "209.17000", "2014-12-31": "211.42510", "2014-09-30": "150.97500", "2014-06-30": "95.90100", "2014-03-31": "67.75590", "2013-12-31": "79.39510", "2013-09-30": "82.31100", "2013-06-30": "503.44590", "2013-03-31": "38.49600", "2012-12-31": "69.14000", "2012-09-30": "63.97200", "2012-06-30": "97.07900", "2012-03-31": "55.26500", "2011-12-31": "103.95790", "2011-09-30": "80.43100", "2011-06-30": "69.87000", "2011-03-31": "48.69100", "2010-12-31": "-16.93200", "2010-09-30": "68.08900", "2010-06-30": "72.48700", "2010-03-31": "62.50700", "2009-12-31": "50.98580", "2009-09-30": "77.65000", "2009-06-30": "80.07300", "2009-03-31": "54.03000", "2008-12-31": "-145.96110", "2008-09-30": "52.35300", "2008-06-30": "90.12500", "2008-03-31": "100.86600", "2007-12-31": "224.75690", "2007-09-30": "254.95900", "2007-06-30": "106.11100", "2007-03-31": "700.76100", "2006-12-31": "88.42200", "2006-09-30": "122.99500", "2006-06-30": "632.86500", "2006-03-31": "81.23500", "2005-12-31": "117.80290", "2005-09-30": "82.15200", "2005-06-30": "169.49800", "2005-03-31": "75.56000"}, "Income Taxes": {"2020-12-31": "", "2020-09-30": "", "2020-06-30": "", "2020-03-31": "", "2019-12-31": "", "2019-09-30": "", "2019-06-30": "", "2019-03-31": "", "2018-12-31": "", "2018-09-30": "", "2018-06-30": "", "2018-03-31": "", "2017-12-31": "", "2017-09-30": "", "2017-06-30": "", "2017-03-31": "", "2016-12-31": "", "2016-09-30": "", "2016-06-30": "", "2016-03-31": "", "2015-12-31": "", "2015-09-30": "", "2015-06-30": "", "2015-03-31": "", "2014-12-31": "", "2014-09-30": "", "2014-06-30": "", "2014-03-31": "", "2013-12-31": "", "2013-09-30": "", "2013-06-30": "", "2013-03-31": "", "2012-12-31": "", "2012-09-30": "", "2012-06-30": "", "2012-03-31": "", "2011-12-31": "", "2011-09-30": "", "2011-06-30": "", "2011-03-31": "", "2010-12-31": "", "2010-09-30": "", "2010-06-30": "", "2010-03-31": "", "2009-12-31": "", "2009-09-30": "", "2009-06-30": "", "2009-03-31": "", "2008-12-31": "", "2008-09-30": "", "2008-06-30": "", "2008-03-31": "", "2007-12-31": "", "2007-09-30": "", "2007-06-30": "", "2007-03-31": "", "2006-12-31": "", "2006-09-30": "", "2006-06-30": "", "2006-03-31": "", "2005-12-31": "", "2005-09-30": "", "2005-06-30": "", "2005-03-31": ""}, "Income After Taxes": {"2020-12-31": "24.90500", "2020-09-30": "118.06000", "2020-06-30": "298.58000", "2020-03-31": "577.14600", "2019-12-31": "176.00900", "2019-09-30": "141.37000", "2019-06-30": "203.46110", "2019-03-31": "131.15900", "2018-12-31": "185.24090", "2018-09-30": "150.44500", "2018-06-30": "160.56500", "2018-03-31": "216.31200", "2017-12-31": "132.20300", "2017-09-30": "147.70390", "2017-06-30": "167.01000", "2017-03-31": "115.56400", "2016-12-31": "164.89400", "2016-09-30": "71.50400", "2016-06-30": "117.35700", "2016-03-31": "216.22200", "2015-12-31": "166.73810", "2015-09-30": "323.27100", "2015-06-30": "100.73900", "2015-03-31": "209.17000", "2014-12-31": "211.42510", "2014-09-30": "150.97500", "2014-06-30": "95.90100", "2014-03-31": "67.75590", "2013-12-31": "79.39510", "2013-09-30": "82.31100", "2013-06-30": "503.44590", "2013-03-31": "38.49600", "2012-12-31": "69.14000", "2012-09-30": "63.97200", "2012-06-30": "97.07900", "2012-03-31": "55.26500", "2011-12-31": "103.95790", "2011-09-30": "80.43100", "2011-06-30": "69.87000", "2011-03-31": "48.69100", "2010-12-31": "-16.93200", "2010-09-30": "68.08900", "2010-06-30": "72.48700", "2010-03-31": "62.50700", "2009-12-31": "50.98580", "2009-09-30": "77.65000", "2009-06-30": "80.07300", "2009-03-31": "54.03000", "2008-12-31": "-145.96110", "2008-09-30": "52.35300", "2008-06-30": "90.12500", "2008-03-31": "100.86600", "2007-12-31": "224.75690", "2007-09-30": "254.95900", "2007-06-30": "106.11100", "2007-03-31": "700.76100", "2006-12-31": "88.42200", "2006-09-30": "122.99500", "2006-06-30": "632.86500", "2006-03-31": "81.23500", "2005-12-31": "117.80290", "2005-09-30": "82.15200", "2005-06-30": "169.49800", "2005-03-31": "75.56000"}, "Other Income": {"2020-12-31": "", "2020-09-30": "", "2020-06-30": "", "2020-03-31": "", "2019-12-31": "", "2019-09-30": "", "2019-06-30": "", "2019-03-31": "", "2018-12-31": "", "2018-09-30": "", "2018-06-30": "", "2018-03-31": "", "2017-12-31": "", "2017-09-30": "", "2017-06-30": "", "2017-03-31": "", "2016-12-31": "", "2016-09-30": "", "2016-06-30": "", "2016-03-31": "", "2015-12-31": "", "2015-09-30": "", "2015-06-30": "", "2015-03-31": "", "2014-12-31": "", "2014-09-30": "", "2014-06-30": "", "2014-03-31": "", "2013-12-31": "", "2013-09-30": "", "2013-06-30": "", "2013-03-31": "", "2012-12-31": "", "2012-09-30": "", "2012-06-30": "", "2012-03-31": "", "2011-12-31": "", "2011-09-30": "", "2011-06-30": "", "2011-03-31": "", "2010-12-31": "", "2010-09-30": "", "2010-06-30": "", "2010-03-31": "", "2009-12-31": "", "2009-09-30": "", "2009-06-30": "", "2009-03-31": "", "2008-12-31": "", "2008-09-30": "", "2008-06-30": "", "2008-03-31": "", "2007-12-31": "", "2007-09-30": "", "2007-06-30": "", "2007-03-31": "", "2006-12-31": "", "2006-09-30": "", "2006-06-30": "", "2006-03-31": "", "2005-12-31": "", "2005-09-30": "", "2005-06-30": "", "2005-03-31": ""}, "Income From Continuous Operations": {"2020-12-31": "24.90500", "2020-09-30": "118.06000", "2020-06-30": "298.58000", "2020-03-31": "577.14600", "2019-12-31": "176.00900", "2019-09-30": "141.37000", "2019-06-30": "203.46110", "2019-03-31": "131.15900", "2018-12-31": "185.24090", "2018-09-30": "150.44500", "2018-06-30": "160.56500", "2018-03-31": "216.31200", "2017-12-31": "132.20300", "2017-09-30": "147.70390", "2017-06-30": "167.01000", "2017-03-31": "115.56400", "2016-12-31": "164.89400", "2016-09-30": "71.50400", "2016-06-30": "117.35700", "2016-03-31": "216.22200", "2015-12-31": "166.73810", "2015-09-30": "323.27100", "2015-06-30": "100.73900", "2015-03-31": "209.17000", "2014-12-31": "211.42510", "2014-09-30": "150.97500", "2014-06-30": "95.90100", "2014-03-31": "67.75590", "2013-12-31": "79.39500", "2013-09-30": "82.31100", "2013-06-30": "503.44600", "2013-03-31": "38.49600", "2012-12-31": "69.14000", "2012-09-30": "63.97200", "2012-06-30": "97.07900", "2012-03-31": "55.26500", "2011-12-31": "103.95800", "2011-09-30": "80.43100", "2011-06-30": "69.87000", "2011-03-31": "48.69100", "2010-12-31": "-16.93200", "2010-09-30": "68.08900", "2010-06-30": "72.48700", "2010-03-31": "62.50700", "2009-12-31": "50.98600", "2009-09-30": "77.65000", "2009-06-30": "80.07300", "2009-03-31": "54.03000", "2008-12-31": "-145.96110", "2008-09-30": "52.35300", "2008-06-30": "90.12500", "2008-03-31": "100.86600", "2007-12-31": "266.47090", "2007-09-30": "241.01300", "2007-06-30": "89.27100", "2007-03-31": "689.83300", "2006-12-31": "63.33500", "2006-09-30": "104.59100", "2006-06-30": "622.48700", "2006-03-31": "67.11800", "2005-12-31": "104.81800", "2005-09-30": "56.80500", "2005-06-30": "156.37400", "2005-03-31": "61.53500"}, "Income From Discontinued Operations": {"2020-12-31": "", "2020-09-30": "", "2020-06-30": "", "2020-03-31": "", "2019-12-31": "", "2019-09-30": "", "2019-06-30": "", "2019-03-31": "", "2018-12-31": "", "2018-09-30": "", "2018-06-30": "", "2018-03-31": "", "2017-12-31": "", "2017-09-30": "", "2017-06-30": "", "2017-03-31": "", "2016-12-31": "", "2016-09-30": "", "2016-06-30": "", "2016-03-31": "", "2015-12-31": "", "2015-09-30": "", "2015-06-30": "", "2015-03-31": "", "2014-12-31": "", "2014-09-30": "", "2014-06-30": "", "2014-03-31": "0.00000", "2013-12-31": "26.91700", "2013-09-30": "88.12500", "2013-06-30": "3.31500", "2013-03-31": "19.43500", "2012-12-31": "7.46800", "2012-09-30": "1.55000", "2012-06-30": "37.09500", "2012-03-31": "0.57000", "2011-12-31": "11.48500", "2011-09-30": "0.02000", "2011-06-30": "-0.13200", "2011-03-31": "-0.49700", "2010-12-31": "", "2010-09-30": "", "2010-06-30": "", "2010-03-31": "", "2009-12-31": "", "2009-09-30": "", "2009-06-30": "", "2009-03-31": "", "2008-12-31": "", "2008-09-30": "", "2008-06-30": "", "2008-03-31": "", "2007-12-31": "87.88900", "2007-09-30": "1.35700", "2007-06-30": "13.07300", "2007-03-31": "164.47400", "2006-12-31": "8.87000", "2006-09-30": "3.37100", "2006-06-30": "3.24400", "2006-03-31": "0.61900", "2005-12-31": "53.41400", "2005-09-30": "0.74600", "2005-06-30": "9.11600", "2005-03-31": "-0.29300"}, "Net Income": {"2020-12-31": "7.31000", "2020-09-30": "89.85400", "2020-06-30": "266.52500", "2020-03-31": "497.49600", "2019-12-31": "140.84000", "2019-09-30": "107.77100", "2019-06-30": "164.31800", "2019-03-31": "98.10500", "2018-12-31": "148.52700", "2018-09-30": "119.11800", "2018-06-30": "128.68100", "2018-03-31": "176.02100", "2017-12-31": "103.81000", "2017-09-30": "117.33700", "2017-06-30": "133.70900", "2017-03-31": "97.08300", "2016-12-31": "147.18800", "2016-09-30": "76.75300", "2016-06-30": "96.59700", "2016-03-31": "181.74700", "2015-12-31": "137.88200", "2015-09-30": "184.08200", "2015-06-30": "79.46000", "2015-03-31": "171.18200", "2014-12-31": "174.82600", "2014-09-30": "127.72400", "2014-06-30": "76.52700", "2014-03-31": "54.03400", "2013-12-31": "88.80600", "2013-09-30": "152.67700", "2013-06-30": "452.41700", "2013-03-31": "47.85400", "2012-12-31": "65.38800", "2012-09-30": "57.24900", "2012-06-30": "118.55900", "2012-03-31": "48.45400", "2011-12-31": "101.11000", "2011-09-30": "70.54200", "2011-06-30": "60.21400", "2011-03-31": "40.81300", "2010-12-31": "-12.72200", "2010-09-30": "57.66800", "2010-06-30": "61.41200", "2010-03-31": "52.71400", "2009-12-31": "53.46900", "2009-09-30": "65.79500", "2009-06-30": "67.15200", "2009-03-31": "44.59800", "2008-12-31": "-97.77400", "2008-09-30": "43.07900", "2008-06-30": "75.48300", "2008-03-31": "84.48200", "2007-12-31": "111.08500", "2007-09-30": "242.37000", "2007-06-30": "102.34400", "2007-03-31": "854.30700", "2006-12-31": "72.20500", "2006-09-30": "107.96200", "2006-06-30": "625.73100", "2006-03-31": "67.73700", "2005-12-31": "154.00900", "2005-09-30": "57.55100", "2005-06-30": "165.49000", "2005-03-31": "61.24200"}, "EBITDA": {"2020-12-31": "", "2020-09-30": "401.31700", "2020-06-30": "372.99900", "2020-03-31": "341.45500", "2019-12-31": "546.33900", "2019-09-30": "435.70100", "2019-06-30": "429.40710", "2019-03-31": "290.32800", "2018-12-31": "401.98400", "2018-09-30": "396.36000", "2018-06-30": "387.04100", "2018-03-31": "373.94900", "2017-12-31": "383.72510", "2017-09-30": "385.89290", "2017-06-30": "390.60890", "2017-03-31": "365.43010", "2016-12-31": "377.73410", "2016-09-30": "361.35300", "2016-06-30": "371.29900", "2016-03-31": "409.80100", "2015-12-31": "374.94010", "2015-09-30": "380.76500", "2015-06-30": "372.77000", "2015-03-31": "360.43200", "2014-12-31": "371.27910", "2014-09-30": "372.04800", "2014-06-30": "355.90100", "2014-03-31": "331.16690", "2013-12-31": "350.40110", "2013-09-30": "340.94600", "2013-06-30": "302.97700", "2013-03-31": "249.19300", "2012-12-31": "283.29420", "2012-09-30": "272.24500", "2012-06-30": "285.39400", "2012-03-31": "253.43200", "2011-12-31": "259.01190", "2011-09-30": "273.32500", "2011-06-30": "264.69200", "2011-03-31": "247.32100", "2010-12-31": "534.32000", "2010-09-30": "135.11200", "2010-06-30": "144.01400", "2010-03-31": "133.99700", "2009-12-31": "134.26190", "2009-09-30": "145.77000", "2009-06-30": "161.74200", "2009-03-31": "124.09500", "2008-12-31": "136.43090", "2008-09-30": "124.21700", "2008-06-30": "156.61600", "2008-03-31": "151.93000", "2007-12-31": "153.52290", "2007-09-30": "156.69000", "2007-06-30": "163.46400", "2007-03-31": "151.67600", "2006-12-31": "155.77190", "2006-09-30": "156.45400", "2006-06-30": "117.79800", "2006-03-31": "141.35100", "2005-12-31": "134.02290", "2005-09-30": "146.94200", "2005-06-30": "133.79700", "2005-03-31": "141.17900"}, "EBIT": {"2020-12-31": "205.36500", "2020-09-30": "234.32200", "2020-06-30": "194.26600", "2020-03-31": "169.77800", "2019-12-31": "375.85100", "2019-09-30": "269.23100", "2019-06-30": "251.38810", "2019-03-31": "125.12900", "2018-12-31": "236.54490", "2018-09-30": "238.36400", "2018-06-30": "230.62400", "2018-03-31": "208.15200", "2017-12-31": "229.46600", "2017-09-30": "233.72890", "2017-06-30": "238.69000", "2017-03-31": "206.22500", "2016-12-31": "199.70210", "2016-09-30": "157.60500", "2016-06-30": "218.12400", "2016-03-31": "250.35300", "2015-12-31": "210.48010", "2015-09-30": "227.75000", "2015-06-30": "204.92600", "2015-03-31": "206.20900", "2014-12-31": "208.84910", "2014-09-30": "214.80300", "2014-06-30": "201.27300", "2014-03-31": "176.89690", "2013-12-31": "194.99200", "2013-09-30": "186.75300", "2013-06-30": "168.37300", "2013-03-31": "128.00200", "2012-12-31": "162.74400", "2012-09-30": "160.69100", "2012-06-30": "173.31900", "2012-03-31": "143.56700", "2011-12-31": "149.83090", "2011-09-30": "163.83000", "2011-06-30": "153.61200", "2011-03-31": "137.89300", "2010-12-31": "441.55700", "2010-09-30": "53.97900", "2010-06-30": "62.61400", "2010-03-31": "50.92200", "2009-12-31": "55.13680", "2009-09-30": "67.58900", "2009-06-30": "74.73700", "2009-03-31": "46.72500", "2008-12-31": "56.66500", "2008-09-30": "48.89600", "2008-06-30": "82.22700", "2008-03-31": "77.25900", "2007-12-31": "81.86780", "2007-09-30": "85.07400", "2007-06-30": "88.84300", "2007-03-31": "80.59000", "2006-12-31": "85.32000", "2006-09-30": "84.90600", "2006-06-30": "49.88600", "2006-03-31": "74.50400", "2005-12-31": "67.66990", "2005-09-30": "81.03500", "2005-06-30": "66.57800", "2005-03-31": "73.01700"}, "Basic Shares Outstanding": {"2020-12-31": "155.68200", "2020-09-30": "155.64500", "2020-06-30": "155.38600", "2020-03-31": "155.01100", "2019-12-31": "154.58200", "2019-09-30": "154.57700", "2019-06-30": "154.55500", "2019-03-31": "154.52500", "2018-12-31": "154.42700", "2018-09-30": "154.44000", "2018-06-30": "154.41500", "2018-03-31": "154.38500", "2017-12-31": "154.19000", "2017-09-30": "154.35500", "2017-06-30": "154.17700", "2017-03-31": "153.86000", "2016-12-31": "153.71500", "2016-09-30": "153.75400", "2016-06-30": "153.66200", "2016-03-31": "153.62600", "2015-12-31": "153.47100", "2015-09-30": "153.59500", "2015-06-30": "153.45000", "2015-03-31": "153.23000", "2014-12-31": "153.08900", "2014-09-30": "153.12000", "2014-06-30": "153.07800", "2014-03-31": "153.03000", "2013-12-31": "152.20100", "2013-09-30": "152.40700", "2013-06-30": "151.93800", "2013-03-31": "151.64600", "2012-12-31": "150.12000", "2012-09-30": "150.80100", "2012-06-30": "150.31200", "2012-03-31": "148.34300", "2011-12-31": "145.69300", "2011-09-30": "147.00600", "2011-06-30": "145.86400", "2011-03-31": "142.09500", "2010-12-31": "139.44000", "2010-09-30": "139.59500", "2010-06-30": "139.11300", "2010-03-31": "138.93100", "2009-12-31": "131.05000", "2009-09-30": "138.64100", "2009-06-30": "125.26700", "2009-03-31": "121.25600", "2008-12-31": "119.98000", "2008-09-30": "119.83200", "2008-06-30": "119.75300", "2008-03-31": "119.53600", "2007-12-31": "118.83900", "2007-09-30": "119.01000", "2007-06-30": "118.96100", "2007-03-31": "118.17700", "2006-12-31": "114.72100", "2006-09-30": "115.43200", "2006-06-30": "113.99400", "2006-03-31": "112.50900", "2005-12-31": "111.27400", "2005-09-30": "111.77600", "2005-06-30": "110.76400", "2005-03-31": "110.18700"}, "Shares Outstanding": {"2020-12-31": "155.73100", "2020-09-30": "155.67000", "2020-06-30": "155.40700", "2020-03-31": "155.25800", "2019-12-31": "154.88300", "2019-09-30": "154.82000", "2019-06-30": "154.87400", "2019-03-31": "154.84400", "2018-12-31": "154.68200", "2018-09-30": "154.67800", "2018-06-30": "154.57100", "2018-03-31": "154.70500", "2017-12-31": "154.39000", "2017-09-30": "154.48300", "2017-06-30": "154.33100", "2017-03-31": "154.21400", "2016-12-31": "153.97700", "2016-09-30": "154.13600", "2016-06-30": "153.86000", "2016-03-31": "153.91700", "2015-12-31": "153.84400", "2015-09-30": "153.78600", "2015-06-30": "153.81500", "2015-03-31": "153.87300", "2014-12-31": "153.30800", "2014-09-30": "153.27300", "2014-06-30": "153.23800", "2014-03-31": "153.16900", "2013-12-31": "152.52100", "2013-09-30": "152.69200", "2013-06-30": "152.49000", "2013-03-31": "151.95200", "2012-12-31": "150.71100", "2012-09-30": "151.98300", "2012-06-30": "150.69400", "2012-03-31": "148.74600", "2011-12-31": "146.21800", "2011-09-30": "147.62200", "2011-06-30": "146.69500", "2011-03-31": "142.50400", "2010-12-31": "140.05700", "2010-09-30": "140.19300", "2010-06-30": "139.82600", "2010-03-31": "139.59700", "2009-12-31": "131.51200", "2009-09-30": "139.22500", "2009-06-30": "125.62000", "2009-03-31": "121.46800", "2008-12-31": "121.29900", "2008-09-30": "121.36900", "2008-06-30": "121.31500", "2008-03-31": "121.02200", "2007-12-31": "120.78000", "2007-09-30": "120.65500", "2007-06-30": "120.98400", "2007-03-31": "120.64700", "2006-12-31": "117.07700", "2006-09-30": "117.72800", "2006-06-30": "116.17600", "2006-03-31": "115.15700", "2005-12-31": "113.55900", "2005-09-30": "114.09000", "2005-06-30": "113.10300", "2005-03-31": "112.36400"}, "Basic EPS": {"2020-12-31": "0.05000", "2020-09-30": "0.58000", "2020-06-30": "1.72000", "2020-03-31": "3.20000", "2019-12-31": "0.92000", "2019-09-30": "0.70000", "2019-06-30": "1.06000", "2019-03-31": "0.63000", "2018-12-31": "0.97000", "2018-09-30": "0.77000", "2018-06-30": "0.83000", "2018-03-31": "1.14000", "2017-12-31": "0.67000", "2017-09-30": "0.76000", "2017-06-30": "0.87000", "2017-03-31": "0.63000", "2016-12-31": "0.96000", "2016-09-30": "0.50000", "2016-06-30": "0.63000", "2016-03-31": "1.18000", "2015-12-31": "0.89000", "2015-09-30": "1.20000", "2015-06-30": "0.52000", "2015-03-31": "1.12000", "2014-12-31": "1.15000", "2014-09-30": "0.83000", "2014-06-30": "0.50000", "2014-03-31": "0.35000", "2013-12-31": "0.60000", "2013-09-30": "1.00000", "2013-06-30": "2.95000", "2013-03-31": "0.32000", "2012-12-31": "0.43000", "2012-09-30": "0.38000", "2012-06-30": "0.79000", "2012-03-31": "0.33000", "2011-12-31": "0.69000", "2011-09-30": "0.48000", "2011-06-30": "0.41000", "2011-03-31": "0.29000", "2010-12-31": "-0.09000", "2010-09-30": "0.41000", "2010-06-30": "0.44000", "2010-03-31": "0.38000", "2009-12-31": "0.38000", "2009-09-30": "0.47000", "2009-06-30": "0.54000", "2009-03-31": "0.37000", "2008-12-31": "-0.82000", "2008-09-30": "0.36000", "2008-06-30": "0.63000", "2008-03-31": "0.71000", "2007-12-31": "0.96000", "2007-09-30": "2.02000", "2007-06-30": "0.86000", "2007-03-31": "7.14000", "2006-12-31": "0.76000", "2006-09-30": "0.93000", "2006-06-30": "5.33000", "2006-03-31": "0.60000", "2005-12-31": "1.41000", "2005-09-30": "0.51000", "2005-06-30": "1.46000", "2005-03-31": "0.56000"}, "EPS - Earnings Per Share": {"2020-12-31": "0.05000", "2020-09-30": "0.58000", "2020-06-30": "1.71000", "2020-03-31": "3.20000", "2019-12-31": "0.91000", "2019-09-30": "0.70000", "2019-06-30": "1.06000", "2019-03-31": "0.63000", "2018-12-31": "0.96000", "2018-09-30": "0.77000", "2018-06-30": "0.83000", "2018-03-31": "1.14000", "2017-12-31": "0.67000", "2017-09-30": "0.76000", "2017-06-30": "0.87000", "2017-03-31": "0.63000", "2016-12-31": "0.95000", "2016-09-30": "0.50000", "2016-06-30": "0.63000", "2016-03-31": "1.18000", "2015-12-31": "0.89000", "2015-09-30": "1.20000", "2015-06-30": "0.52000", "2015-03-31": "1.11000", "2014-12-31": "1.15000", "2014-09-30": "0.83000", "2014-06-30": "0.50000", "2014-03-31": "0.35000", "2013-12-31": "0.61000", "2013-09-30": "1.00000", "2013-06-30": "2.94000", "2013-03-31": "0.31000", "2012-12-31": "0.43000", "2012-09-30": "0.38000", "2012-06-30": "0.78000", "2012-03-31": "0.33000", "2011-12-31": "0.68000", "2011-09-30": "0.48000", "2011-06-30": "0.41000", "2011-03-31": "0.29000", "2010-12-31": "-0.09000", "2010-09-30": "0.41000", "2010-06-30": "0.44000", "2010-03-31": "0.38000", "2009-12-31": "0.39000", "2009-09-30": "0.47000", "2009-06-30": "0.53000", "2009-03-31": "0.37000", "2008-12-31": "-0.80000", "2008-09-30": "0.35000", "2008-06-30": "0.62000", "2008-03-31": "0.70000", "2007-12-31": "0.98000", "2007-09-30": "1.99000", "2007-06-30": "0.84000", "2007-03-31": "6.99000", "2006-12-31": "0.73000", "2006-09-30": "0.91000", "2006-06-30": "5.23000", "2006-03-31": "0.59000", "2005-12-31": "1.38000", "2005-09-30": "0.50000", "2005-06-30": "1.43000", "2005-03-31": "0.55000"}}, "balance sheet": {"Cash On Hand": {"2020-12-31": "1719.32900", "2019-12-31": "691.88600", "2018-12-31": "639.19100", "2017-12-31": "505.36900", "2016-12-31": "420.08800", "2015-12-31": "797.50800", "2014-12-31": "2250.40000", "2013-12-31": "2422.33800", "2012-12-31": "1097.15900", "2011-12-31": "1863.54000", "2010-12-31": "786.97900", "2009-12-31": "1470.80000", "2008-12-31": "263.48000", "2007-12-31": "1693.76000", "2006-12-31": "751.57200", "2005-12-31": "287.11400"}, "Receivables": {"2020-12-31": "1199.91300", "2019-12-31": "1151.59500", "2018-12-31": "1021.52500", "2017-12-31": "953.76100", "2016-12-31": "891.68600", "2015-12-31": "852.74800", "2014-12-31": "738.59400", "2013-12-31": "711.06700", "2012-12-31": "772.57000", "2011-12-31": "692.36700", "2010-12-31": "572.50100", "2009-12-31": "456.36100", "2008-12-31": "385.45400", "2007-12-31": "358.66800", "2006-12-31": "384.38900", "2005-12-31": "355.02400"}, "Inventory": {"2020-12-31": "", "2019-12-31": "", "2018-12-31": "", "2017-12-31": "", "2016-12-31": "", "2015-12-31": "", "2014-12-31": "", "2013-12-31": "", "2012-12-31": "", "2011-12-31": "", "2010-12-31": "", "2009-12-31": "", "2008-12-31": "", "2007-12-31": "", "2006-12-31": "", "2005-12-31": ""}, "Pre-Paid Expenses": {"2020-12-31": "", "2019-12-31": "", "2018-12-31": "", "2017-12-31": "", "2016-12-31": "", "2015-12-31": "", "2014-12-31": "", "2013-12-31": "", "2012-12-31": "", "2011-12-31": "", "2010-12-31": "", "2009-12-31": "", "2008-12-31": "", "2007-12-31": "", "2006-12-31": "", "2005-12-31": ""}, "Other Current Assets": {"2020-12-31": "", "2019-12-31": "", "2018-12-31": "", "2017-12-31": "", "2016-12-31": "", "2015-12-31": "", "2014-12-31": "", "2013-12-31": "", "2012-12-31": "", "2011-12-31": "", "2010-12-31": "", "2009-12-31": "", "2008-12-31": "", "2007-12-31": "", "2006-12-31": "", "2005-12-31": ""}, "Total Current Assets": {"2020-12-31": "3015.52300", "2019-12-31": "1939.40100", "2018-12-31": "1760.18400", "2017-12-31": "1459.13000", "2016-12-31": "1311.77400", "2015-12-31": "1650.25600", "2014-12-31": "2988.99400", "2013-12-31": "3133.40500", "2012-12-31": "2152.22000", "2011-12-31": "2836.34900", "2010-12-31": "1629.48000", "2009-12-31": "2197.16100", "2008-12-31": "918.93400", "2007-12-31": "2052.42800", "2006-12-31": "1135.96100", "2005-12-31": "642.13800"}, "Property, Plant, And Equipment": {"2020-12-31": "17818.81000", "2019-12-31": "17622.21000", "2018-12-31": "16752.12000", "2017-12-31": "16507.01000", "2016-12-31": "15925.03000", "2015-12-31": "15555.64000", "2014-12-31": "15688.74000", "2013-12-31": "15817.19000", "2012-12-31": "11959.17000", "2011-12-31": "10746.49000", "2010-12-31": "10441.12000", "2009-12-31": "9065.88100", "2008-12-31": "8856.42200", "2007-12-31": "8718.18800", "2006-12-31": "8160.40300", "2005-12-31": "7886.10200"}, "Long-Term Investments": {"2020-12-31": "", "2019-12-31": "", "2018-12-31": "", "2017-12-31": "", "2016-12-31": "", "2015-12-31": "", "2014-12-31": "", "2013-12-31": "", "2012-12-31": "", "2011-12-31": "", "2010-12-31": "", "2009-12-31": "", "2008-12-31": "", "2007-12-31": "", "2006-12-31": "", "2005-12-31": ""}, "Goodwill And Intangible Assets": {"2020-12-31": "", "2019-12-31": "", "2018-12-31": "", "2017-12-31": "", "2016-12-31": "", "2015-12-31": "", "2014-12-31": "", "2013-12-31": "", "2012-12-31": "", "2011-12-31": "", "2010-12-31": "", "2009-12-31": "", "2008-12-31": "", "2007-12-31": "", "2006-12-31": "", "2005-12-31": ""}, "Other Long-Term Assets": {"2020-12-31": "1383.77500", "2019-12-31": "1034.07900", "2018-12-31": "1065.45000", "2017-12-31": "727.05700", "2016-12-31": "928.67800", "2015-12-31": "440.72200", "2014-12-31": "377.28500", "2013-12-31": "341.21500", "2012-12-31": "762.69800", "2011-12-31": "754.72800", "2010-12-31": "841.64700", "2009-12-31": "791.26600", "2008-12-31": "816.75100", "2007-12-31": "134.82200", "2006-12-31": "124.57900", "2005-12-31": "131.46800"}, "Total Long-Term Assets": {"2020-12-31": "19842.67000", "2019-12-31": "19345.50000", "2018-12-31": "18496.29000", "2017-12-31": "17913.10000", "2016-12-31": "17539.87000", "2015-12-31": "16701.23000", "2014-12-31": "16897.77000", "2013-12-31": "17042.86000", "2012-12-31": "13310.10000", "2011-12-31": "11946.62000", "2010-12-31": "11718.78000", "2009-12-31": "10151.54000", "2008-12-31": "9998.54200", "2007-12-31": "9140.21000", "2006-12-31": "8559.06100", "2005-12-31": "8260.23000"}, "Total Assets": {"2020-12-31": "22858.19000", "2019-12-31": "21284.90000", "2018-12-31": "20256.48000", "2017-12-31": "19372.23000", "2016-12-31": "18851.64000", "2015-12-31": "18351.49000", "2014-12-31": "19886.77000", "2013-12-31": "20176.26000", "2012-12-31": "15462.32000", "2011-12-31": "14782.97000", "2010-12-31": "13348.26000", "2009-12-31": "12348.70000", "2008-12-31": "10917.48000", "2007-12-31": "11192.64000", "2006-12-31": "9695.02200", "2005-12-31": "8902.36800"}, "Total Current Liabilities": {"2020-12-31": "442.55200", "2019-12-31": "467.56900", "2018-12-31": "365.91200", "2017-12-31": "415.14600", "2016-12-31": "722.45700", "2015-12-31": "645.09500", "2014-12-31": "586.79490", "2013-12-31": "549.99300", "2012-12-31": "271.56300", "2011-12-31": "224.24400", "2010-12-31": "223.91900", "2009-12-31": "296.14700", "2008-12-31": "238.92300", "2007-12-31": "200.17900", "2006-12-31": "150.37500", "2005-12-31": "157.73400"}, "Long Term Debt": {"2020-12-31": "13284.25000", "2019-12-31": "12035.85000", "2018-12-31": "11007.76000", "2017-12-31": "10271.61000", "2016-12-31": "9616.13300", "2015-12-31": "9008.54300", "2014-12-31": "9906.98300", "2013-12-31": "11341.51000", "2012-12-31": "8912.36900", "2011-12-31": "8704.13900", "2010-12-31": "7786.00100", "2009-12-31": "6719.77100", "2008-12-31": "6092.88400", "2007-12-31": "5492.16600", "2006-12-31": "4600.93700", "2005-12-31": "4826.25400"}, "Other Non-Current Liabilities": {"2020-12-31": "583.16600", "2019-12-31": "558.70700", "2018-12-31": "668.84000", "2017-12-31": "583.02000", "2016-12-31": "581.12900", "2015-12-31": "810.92100", "2014-12-31": "1384.72700", "2013-12-31": "1090.22400", "2012-12-31": "435.10100", "2011-12-31": "385.41600", "2010-12-31": "318.49800", "2009-12-31": "208.07400", "2008-12-31": "270.91200", "2007-12-31": "1177.57500", "2006-12-31": "1096.97600", "2005-12-31": "261.76600"}, "Total Long Term Liabilities": {"2020-12-31": "13874.31000", "2019-12-31": "12602.92000", "2018-12-31": "11676.60000", "2017-12-31": "10854.63000", "2016-12-31": "10197.26000", "2015-12-31": "9819.46400", "2014-12-31": "11397.04000", "2013-12-31": "12582.65000", "2012-12-31": "9555.90300", "2011-12-31": "9145.20700", "2010-12-31": "8160.15100", "2009-12-31": "6983.49700", "2008-12-31": "6419.44800", "2007-12-31": "7323.63300", "2006-12-31": "6321.42100", "2005-12-31": "5827.28800"}, "Total Liabilities": {"2020-12-31": "14518.58000", "2019-12-31": "13270.66000", "2018-12-31": "12042.51000", "2017-12-31": "11269.78000", "2016-12-31": "10919.72000", "2015-12-31": "10464.56000", "2014-12-31": "11983.83000", "2013-12-31": "13132.65000", "2012-12-31": "9827.46600", "2011-12-31": "9369.45400", "2010-12-31": "8384.07000", "2009-12-31": "7279.64400", "2008-12-31": "6658.37100", "2007-12-31": "7523.81200", "2006-12-31": "6471.79600", "2005-12-31": "5985.02200"}, "Common Stock Net": {"2020-12-31": "1.55700", "2019-12-31": "1.54800", "2018-12-31": "1.54500", "2017-12-31": "1.54300", "2016-12-31": "1.53800", "2015-12-31": "1.53600", "2014-12-31": "1.53100", "2013-12-31": "1.53000", "2012-12-31": "1.51600", "2011-12-31": "1.48100", "2010-12-31": "1.40200", "2009-12-31": "1.38900", "2008-12-31": "1.21200", "2007-12-31": "1.19500", "2006-12-31": "1.17500", "2005-12-31": "1.12500"}, "Retained Earnings (Accumulated Deficit)": {"2020-12-31": "", "2019-12-31": "-760.52300", "2018-12-31": "-675.53400", "2017-12-31": "", "2016-12-31": "-693.69400", "2015-12-31": "-780.95200", "2014-12-31": "-762.46400", "2013-12-31": "-108.55200", "2012-12-31": "-109.98500", "2011-12-31": "-53.08000", "2010-12-31": "-24.76300", "2009-12-31": "95.43300", "2008-12-31": "154.95300", "2007-12-31": "394.32400", "2006-12-31": "108.15500", "2005-12-31": "182.10500"}, "Comprehensive Income": {"2020-12-31": "-49.89000", "2019-12-31": "-48.33500", "2018-12-31": "-47.74100", "2017-12-31": "-50.42900", "2016-12-31": "-52.25100", "2015-12-31": "-14.11400", "2014-12-31": "-9.30400", "2013-12-31": "-11.55600", "2012-12-31": "-13.81700", "2011-12-31": "-16.13800", "2010-12-31": "-18.43600", "2009-12-31": "-21.77700", "2008-12-31": "-24.29100", "2007-12-31": "-29.19100", "2006-12-31": "-3.32300", "2005-12-31": "-8.88100"}, "Other Share Holders Equity": {"2020-12-31": "-509.65300", "2019-12-31": "", "2018-12-31": "", "2017-12-31": "-712.34300", "2016-12-31": "", "2015-12-31": "", "2014-12-31": "-0.00010", "2013-12-31": "", "2012-12-31": "", "2011-12-31": "", "2010-12-31": "", "2009-12-31": "", "2008-12-31": "", "2007-12-31": "", "2006-12-31": "", "2005-12-31": ""}, "Share Holder Equity": {"2020-12-31": "8339.61200", "2019-12-31": "8014.23600", "2018-12-31": "8213.96800", "2017-12-31": "8102.45600", "2016-12-31": "7931.92400", "2015-12-31": "7886.92700", "2014-12-31": "7902.93600", "2013-12-31": "7043.61800", "2012-12-31": "5634.85400", "2011-12-31": "5413.51600", "2010-12-31": "4964.19300", "2009-12-31": "5069.05900", "2008-12-31": "4259.10500", "2007-12-31": "3668.82500", "2006-12-31": "3223.22600", "2005-12-31": "2917.34600"}, "Total Liabilities And Share Holders Equity": {"2020-12-31": "22858.19000", "2019-12-31": "21284.90000", "2018-12-31": "20256.48000", "2017-12-31": "19372.23000", "2016-12-31": "18851.64000", "2015-12-31": "18351.49000", "2014-12-31": "19886.77000", "2013-12-31": "20176.26000", "2012-12-31": "15462.32000", "2011-12-31": "14782.97000", "2010-12-31": "13348.26000", "2009-12-31": "12348.70000", "2008-12-31": "10917.48000", "2007-12-31": "11192.64000", "2006-12-31": "9695.02200", "2005-12-31": "8902.36800"}}, "balance sheet, quarterly": {"Cash On Hand": {"2020-12-31": "1719.32900", "2020-09-30": "1764.78900", "2020-06-30": "1991.65500", "2020-03-31": "858.57790", "2019-12-31": "691.88600", "2019-09-30": "804.76500", "2019-06-30": "1162.92400", "2019-03-31": "432.29800", "2018-12-31": "639.19100", "2018-09-30": "423.78400", "2018-06-30": "727.06000", "2018-03-31": "455.12900", "2017-12-31": "505.36900", "2017-09-30": "576.83400", "2017-06-30": "539.78000", "2017-03-31": "354.18300", "2016-12-31": "420.08800", "2016-09-30": "483.30300", "2016-06-30": "1245.69800", "2016-03-31": "1677.02700", "2015-12-31": "797.50800", "2015-09-30": "1477.38600", "2015-06-30": "1595.30900", "2015-03-31": "1652.61400", "2014-12-31": "2250.40000", "2014-09-30": "999.82500", "2014-06-30": "1095.82400", "2014-03-31": "1233.81300", "2013-12-31": "2422.33800", "2013-09-30": "1694.77400", "2013-06-30": "1663.56000", "2013-03-31": "964.78590", "2012-12-31": "1097.15900", "2012-09-30": "1255.46800", "2012-06-30": "1703.37800", "2012-03-31": "621.89300", "2011-12-31": "1863.54000", "2011-09-30": "1099.78300", "2011-06-30": "1083.02300", "2011-03-31": "1052.99700", "2010-12-31": "786.97900", "2010-09-30": "1570.84500", "2010-06-30": "1728.83000", "2010-03-31": "1241.24000", "2009-12-31": "1470.80000", "2009-09-30": "802.78700", "2009-06-30": "841.53400", "2009-03-31": "163.20900", "2008-12-31": "263.48000", "2008-09-30": "89.90800", "2008-06-30": "171.75400", "2008-03-31": "852.28300", "2007-12-31": "1693.76000", "2007-09-30": "1912.03300", "2007-06-30": "1907.98300", "2007-03-31": "2036.67000", "2006-12-31": "751.57200", "2006-09-30": "1070.46200", "2006-06-30": "1264.64000", "2006-03-31": "55.92900", "2005-12-31": "287.11400", "2005-09-30": "478.12900", "2005-06-30": "536.25900", "2005-03-31": "234.92000"}, "Receivables": {"2020-12-31": "1199.91300", "2020-09-30": "1187.40800", "2020-06-30": "1151.54900", "2020-03-31": "1149.10800", "2019-12-31": "1151.59500", "2019-09-30": "1105.18800", "2019-06-30": "1060.89400", "2019-03-31": "1046.52500", "2018-12-31": "1021.52500", "2018-09-30": "1024.77600", "2018-06-30": "976.31200", "2018-03-31": "962.30800", "2017-12-31": "953.76100", "2017-09-30": "915.16500", "2017-06-30": "908.70900", "2017-03-31": "885.13600", "2016-12-31": "891.68600", "2016-09-30": "861.82700", "2016-06-30": "861.67700", "2016-03-31": "841.62300", "2015-12-31": "852.74800", "2015-09-30": "803.59100", "2015-06-30": "785.98000", "2015-03-31": "761.64200", "2014-12-31": "738.59400", "2014-09-30": "733.09500", "2014-06-30": "724.93500", "2014-03-31": "699.54200", "2013-12-31": "711.06700", "2013-09-30": "696.43400", "2013-06-30": "691.69300", "2013-03-31": "794.20300", "2012-12-31": "772.57000", "2012-09-30": "726.71400", "2012-06-30": "702.01900", "2012-03-31": "704.55400", "2011-12-31": "692.36700", "2011-09-30": "641.17400", "2011-06-30": "616.23200", "2011-03-31": "593.13700", "2010-12-31": "572.50100", "2010-09-30": "534.66300", "2010-06-30": "499.65600", "2010-03-31": "479.02700", "2009-12-31": "456.36100", "2009-09-30": "425.55400", "2009-06-30": "418.61800", "2009-03-31": "400.35300", "2008-12-31": "385.45400", "2008-09-30": "373.96500", "2008-06-30": "368.26500", "2008-03-31": "347.59100", "2007-12-31": "358.66800", "2007-09-30": "342.28100", "2007-06-30": "344.82200", "2007-03-31": "339.62300", "2006-12-31": "384.38900", "2006-09-30": "352.68800", "2006-06-30": "334.12000", "2006-03-31": "357.50600", "2005-12-31": "355.02400", "2005-09-30": "324.75200", "2005-06-30": "308.48700", "2005-03-31": "299.47700"}, "Inventory": {"2020-12-31": "", "2020-09-30": "", "2020-06-30": "", "2020-03-31": "", "2019-12-31": "", "2019-09-30": "", "2019-06-30": "", "2019-03-31": "", "2018-12-31": "", "2018-09-30": "", "2018-06-30": "", "2018-03-31": "", "2017-12-31": "", "2017-09-30": "", "2017-06-30": "", "2017-03-31": "", "2016-12-31": "", "2016-09-30": "", "2016-06-30": "", "2016-03-31": "", "2015-12-31": "", "2015-09-30": "", "2015-06-30": "", "2015-03-31": "", "2014-12-31": "", "2014-09-30": "", "2014-06-30": "", "2014-03-31": "", "2013-12-31": "", "2013-09-30": "", "2013-06-30": "", "2013-03-31": "", "2012-12-31": "", "2012-09-30": "", "2012-06-30": "", "2012-03-31": "", "2011-12-31": "", "2011-09-30": "", "2011-06-30": "", "2011-03-31": "", "2010-12-31": "", "2010-09-30": "", "2010-06-30": "", "2010-03-31": "", "2009-12-31": "", "2009-09-30": "", "2009-06-30": "", "2009-03-31": "", "2008-12-31": "", "2008-09-30": "", "2008-06-30": "", "2008-03-31": "", "2007-12-31": "", "2007-09-30": "", "2007-06-30": "", "2007-03-31": "", "2006-12-31": "", "2006-09-30": "", "2006-06-30": "", "2006-03-31": "", "2005-12-31": "", "2005-09-30": "", "2005-06-30": "", "2005-03-31": ""}, "Pre-Paid Expenses": {"2020-12-31": "", "2020-09-30": "", "2020-06-30": "", "2020-03-31": "", "2019-12-31": "", "2019-09-30": "", "2019-06-30": "", "2019-03-31": "", "2018-12-31": "", "2018-09-30": "", "2018-06-30": "", "2018-03-31": "", "2017-12-31": "", "2017-09-30": "", "2017-06-30": "", "2017-03-31": "", "2016-12-31": "", "2016-09-30": "", "2016-06-30": "", "2016-03-31": "", "2015-12-31": "", "2015-09-30": "", "2015-06-30": "", "2015-03-31": "", "2014-12-31": "", "2014-09-30": "", "2014-06-30": "", "2014-03-31": "", "2013-12-31": "", "2013-09-30": "", "2013-06-30": "", "2013-03-31": "", "2012-12-31": "", "2012-09-30": "", "2012-06-30": "", "2012-03-31": "", "2011-12-31": "", "2011-09-30": "", "2011-06-30": "", "2011-03-31": "", "2010-12-31": "", "2010-09-30": "", "2010-06-30": "", "2010-03-31": "", "2009-12-31": "", "2009-09-30": "", "2009-06-30": "", "2009-03-31": "", "2008-12-31": "", "2008-09-30": "", "2008-06-30": "", "2008-03-31": "", "2007-12-31": "", "2007-09-30": "", "2007-06-30": "", "2007-03-31": "", "2006-12-31": "", "2006-09-30": "", "2006-06-30": "", "2006-03-31": "", "2005-12-31": "", "2005-09-30": "", "2005-06-30": "", "2005-03-31": ""}, "Other Current Assets": {"2020-12-31": "", "2020-09-30": "", "2020-06-30": "", "2020-03-31": "", "2019-12-31": "", "2019-09-30": "", "2019-06-30": "", "2019-03-31": "", "2018-12-31": "", "2018-09-30": "", "2018-06-30": "", "2018-03-31": "", "2017-12-31": "", "2017-09-30": "", "2017-06-30": "", "2017-03-31": "", "2016-12-31": "", "2016-09-30": "", "2016-06-30": "", "2016-03-31": "", "2015-12-31": "", "2015-09-30": "", "2015-06-30": "", "2015-03-31": "", "2014-12-31": "", "2014-09-30": "", "2014-06-30": "", "2014-03-31": "", "2013-12-31": "", "2013-09-30": "", "2013-06-30": "", "2013-03-31": "", "2012-12-31": "", "2012-09-30": "", "2012-06-30": "", "2012-03-31": "", "2011-12-31": "", "2011-09-30": "", "2011-06-30": "", "2011-03-31": "", "2010-12-31": "", "2010-09-30": "", "2010-06-30": "", "2010-03-31": "", "2009-12-31": "", "2009-09-30": "", "2009-06-30": "", "2009-03-31": "", "2008-12-31": "", "2008-09-30": "", "2008-06-30": "", "2008-03-31": "", "2007-12-31": "", "2007-09-30": "", "2007-06-30": "", "2007-03-31": "", "2006-12-31": "", "2006-09-30": "", "2006-06-30": "", "2006-03-31": "", "2005-12-31": "", "2005-09-30": "", "2005-06-30": "", "2005-03-31": ""}, "Total Current Assets": {"2020-12-31": "3015.52300", "2020-09-30": "3055.09300", "2020-06-30": "3247.20400", "2020-03-31": "2102.28000", "2019-12-31": "1939.40100", "2019-09-30": "2009.79700", "2019-06-30": "2323.53600", "2019-03-31": "1578.41600", "2018-12-31": "1760.18400", "2018-09-30": "1528.56000", "2018-06-30": "1703.37200", "2018-03-31": "1417.43700", "2017-12-31": "1459.13000", "2017-09-30": "1491.99900", "2017-06-30": "1448.48900", "2017-03-31": "1239.31900", "2016-12-31": "1311.77400", "2016-09-30": "1345.13000", "2016-06-30": "2107.37500", "2016-03-31": "2518.65000", "2015-12-31": "1650.25600", "2015-09-30": "2280.97700", "2015-06-30": "2381.28900", "2015-03-31": "2414.25600", "2014-12-31": "2988.99400", "2014-09-30": "1732.92000", "2014-06-30": "1820.75900", "2014-03-31": "1933.35500", "2013-12-31": "3133.40500", "2013-09-30": "2391.20800", "2013-06-30": "2355.25300", "2013-03-31": "2041.29600", "2012-12-31": "2152.22000", "2012-09-30": "2264.38800", "2012-06-30": "2687.81300", "2012-03-31": "1607.62400", "2011-12-31": "2836.34900", "2011-09-30": "2017.33200", "2011-06-30": "1975.63000", "2011-03-31": "1916.13400", "2010-12-31": "1629.48000", "2010-09-30": "2375.50800", "2010-06-30": "2498.48600", "2010-03-31": "1990.26700", "2009-12-31": "2197.16100", "2009-09-30": "1498.34100", "2009-06-30": "1530.15200", "2009-03-31": "833.56200", "2008-12-31": "918.93400", "2008-09-30": "733.87300", "2008-06-30": "810.01900", "2008-03-31": "1299.87400", "2007-12-31": "2052.42800", "2007-09-30": "2254.31400", "2007-06-30": "2252.80500", "2007-03-31": "2376.29300", "2006-12-31": "1135.96100", "2006-09-30": "1423.15000", "2006-06-30": "1598.76000", "2006-03-31": "413.43500", "2005-12-31": "642.13800", "2005-09-30": "802.88100", "2005-06-30": "844.74600", "2005-03-31": "534.39700"}, "Property, Plant, And Equipment": {"2020-12-31": "17818.81000", "2020-09-30": "17741.34000", "2020-06-30": "17668.42000", "2020-03-31": "17518.17000", "2019-12-31": "17622.21000", "2019-09-30": "17511.07000", "2019-06-30": "17229.71000", "2019-03-31": "17116.76000", "2018-12-31": "16752.12000", "2018-09-30": "16849.14000", "2018-06-30": "16780.93000", "2018-03-31": "16641.81000", "2017-12-31": "16507.01000", "2017-09-30": "16374.45000", "2017-06-30": "16234.92000", "2017-03-31": "16089.98000", "2016-12-31": "15925.03000", "2016-09-30": "15789.20000", "2016-06-30": "15740.15000", "2016-03-31": "15569.42000", "2015-12-31": "15555.64000", "2015-09-30": "15569.01000", "2015-06-30": "15612.33000", "2015-03-31": "15575.44000", "2014-12-31": "15688.74000", "2014-09-30": "15886.28000", "2014-06-30": "15894.95000", "2014-03-31": "15860.78000", "2013-12-31": "15817.19000", "2013-09-30": "15826.60000", "2013-06-30": "15835.91000", "2013-03-31": "12270.71000", "2012-12-31": "11959.17000", "2012-09-30": "11534.07000", "2012-06-30": "11365.17000", "2012-03-31": "11352.57000", "2011-12-31": "10746.49000", "2011-09-30": "10639.18000", "2011-06-30": "10584.62000", "2011-03-31": "10597.04000", "2010-12-31": "10441.12000", "2010-09-30": "9529.71000", "2010-06-30": "9175.76600", "2010-03-31": "9112.76000", "2009-12-31": "9065.88100", "2009-09-30": "9020.21400", "2009-06-30": "8960.28500", "2009-03-31": "8898.07700", "2008-12-31": "8856.42200", "2008-09-30": "8791.30400", "2008-06-30": "8619.04000", "2008-03-31": "8527.90800", "2007-12-31": "8718.18800", "2007-09-30": "8315.69200", "2007-06-30": "8337.01500", "2007-03-31": "8308.75000", "2006-12-31": "8160.40300", "2006-09-30": "7935.16600", "2006-06-30": "7685.46600", "2006-03-31": "7840.27000", "2005-12-31": "7886.10200", "2005-09-30": "7943.89400", "2005-06-30": "7885.35200", "2005-03-31": "8164.97100"}, "Long-Term Investments": {"2020-12-31": "", "2020-09-30": "", "2020-06-30": "", "2020-03-31": "", "2019-12-31": "", "2019-09-30": "", "2019-06-30": "", "2019-03-31": "", "2018-12-31": "", "2018-09-30": "", "2018-06-30": "", "2018-03-31": "", "2017-12-31": "", "2017-09-30": "", "2017-06-30": "", "2017-03-31": "", "2016-12-31": "", "2016-09-30": "", "2016-06-30": "", "2016-03-31": "", "2015-12-31": "", "2015-09-30": "", "2015-06-30": "", "2015-03-31": "", "2014-12-31": "", "2014-09-30": "", "2014-06-30": "", "2014-03-31": "", "2013-12-31": "", "2013-09-30": "", "2013-06-30": "", "2013-03-31": "", "2012-12-31": "", "2012-09-30": "", "2012-06-30": "", "2012-03-31": "", "2011-12-31": "", "2011-09-30": "", "2011-06-30": "", "2011-03-31": "", "2010-12-31": "", "2010-09-30": "", "2010-06-30": "", "2010-03-31": "", "2009-12-31": "", "2009-09-30": "", "2009-06-30": "", "2009-03-31": "", "2008-12-31": "", "2008-09-30": "", "2008-06-30": "", "2008-03-31": "", "2007-12-31": "", "2007-09-30": "", "2007-06-30": "", "2007-03-31": "", "2006-12-31": "", "2006-09-30": "", "2006-06-30": "", "2006-03-31": "", "2005-12-31": "", "2005-09-30": "", "2005-06-30": "", "2005-03-31": ""}, "Goodwill And Intangible Assets": {"2020-12-31": "", "2020-09-30": "", "2020-06-30": "", "2020-03-31": "", "2019-12-31": "", "2019-09-30": "", "2019-06-30": "", "2019-03-31": "", "2018-12-31": "", "2018-09-30": "", "2018-06-30": "", "2018-03-31": "", "2017-12-31": "", "2017-09-30": "", "2017-06-30": "", "2017-03-31": "", "2016-12-31": "", "2016-09-30": "", "2016-06-30": "", "2016-03-31": "", "2015-12-31": "", "2015-09-30": "", "2015-06-30": "", "2015-03-31": "", "2014-12-31": "", "2014-09-30": "", "2014-06-30": "", "2014-03-31": "", "2013-12-31": "", "2013-09-30": "", "2013-06-30": "", "2013-03-31": "", "2012-12-31": "", "2012-09-30": "", "2012-06-30": "", "2012-03-31": "", "2011-12-31": "", "2011-09-30": "", "2011-06-30": "", "2011-03-31": "", "2010-12-31": "", "2010-09-30": "", "2010-06-30": "", "2010-03-31": "", "2009-12-31": "", "2009-09-30": "", "2009-06-30": "", "2009-03-31": "", "2008-12-31": "", "2008-09-30": "", "2008-06-30": "", "2008-03-31": "", "2007-12-31": "", "2007-09-30": "", "2007-06-30": "", "2007-03-31": "", "2006-12-31": "", "2006-09-30": "", "2006-06-30": "", "2006-03-31": "", "2005-12-31": "", "2005-09-30": "", "2005-06-30": "", "2005-03-31": ""}, "Other Long-Term Assets": {"2020-12-31": "1383.77500", "2020-09-30": "1518.74900", "2020-06-30": "1429.34000", "2020-03-31": "1542.16900", "2019-12-31": "1034.07900", "2019-09-30": "1077.93800", "2019-06-30": "1038.94700", "2019-03-31": "1140.10400", "2018-12-31": "1065.45000", "2018-09-30": "1090.25000", "2018-06-30": "798.54200", "2018-03-31": "843.32700", "2017-12-31": "727.05700", "2017-09-30": "784.59800", "2017-06-30": "940.13400", "2017-03-31": "970.65410", "2016-12-31": "928.67800", "2016-09-30": "975.37400", "2016-06-30": "418.61500", "2016-03-31": "393.78000", "2015-12-31": "440.72200", "2015-09-30": "380.65000", "2015-06-30": "348.92000", "2015-03-31": "382.90900", "2014-12-31": "377.28500", "2014-09-30": "418.05700", "2014-06-30": "328.90100", "2014-03-31": "323.87000", "2013-12-31": "341.21500", "2013-09-30": "383.10300", "2013-06-30": "331.94200", "2013-03-31": "738.38800", "2012-12-31": "762.69800", "2012-09-30": "808.59100", "2012-06-30": "723.16900", "2012-03-31": "751.70200", "2011-12-31": "754.72800", "2011-09-30": "882.59000", "2011-06-30": "874.94700", "2011-03-31": "873.21900", "2010-12-31": "841.64700", "2010-09-30": "842.73600", "2010-06-30": "824.06100", "2010-03-31": "856.75100", "2009-12-31": "791.26600", "2009-09-30": "824.58000", "2009-06-30": "806.39700", "2009-03-31": "838.40800", "2008-12-31": "816.75100", "2008-09-30": "1033.59500", "2008-06-30": "653.57900", "2008-03-31": "227.70300", "2007-12-31": "134.82200", "2007-09-30": "158.14600", "2007-06-30": "140.11800", "2007-03-31": "155.85100", "2006-12-31": "124.57900", "2006-09-30": "155.51800", "2006-06-30": "176.13600", "2006-03-31": "190.48200", "2005-12-31": "131.46800", "2005-09-30": "197.67000", "2005-06-30": "150.85200", "2005-03-31": "142.92800"}, "Total Long-Term Assets": {"2020-12-31": "19842.67000", "2020-09-30": "19904.12000", "2020-06-30": "19753.57000", "2020-03-31": "19727.42000", "2019-12-31": "19345.50000", "2019-09-30": "19278.78000", "2019-06-30": "18944.74000", "2019-03-31": "18923.19000", "2018-12-31": "18496.29000", "2018-09-30": "18608.94000", "2018-06-30": "18257.79000", "2018-03-31": "18166.50000", "2017-12-31": "17913.10000", "2017-09-30": "17816.52000", "2017-06-30": "17833.27000", "2017-03-31": "17727.31000", "2016-12-31": "17539.87000", "2016-09-30": "17444.77000", "2016-06-30": "16856.59000", "2016-03-31": "16657.18000", "2015-12-31": "16701.23000", "2015-09-30": "16699.29000", "2015-06-30": "16732.67000", "2015-03-31": "16764.81000", "2014-12-31": "16897.77000", "2014-09-30": "17142.24000", "2014-06-30": "17077.77000", "2014-03-31": "17046.21000", "2013-12-31": "17042.86000", "2013-09-30": "17128.50000", "2013-06-30": "17107.53000", "2013-03-31": "13581.98000", "2012-12-31": "13310.10000", "2012-09-30": "12877.56000", "2012-06-30": "12592.82000", "2012-03-31": "12605.23000", "2011-12-31": "11946.62000", "2011-09-30": "11963.47000", "2011-06-30": "11908.58000", "2011-03-31": "11919.34000", "2010-12-31": "11718.78000", "2010-09-30": "10673.33000", "2010-06-30": "10289.21000", "2010-03-31": "10261.08000", "2009-12-31": "10151.54000", "2009-09-30": "10133.44000", "2009-06-30": "10050.51000", "2009-03-31": "10038.37000", "2008-12-31": "9998.54200", "2008-09-30": "10139.46000", "2008-06-30": "9577.90600", "2008-03-31": "9049.61300", "2007-12-31": "9140.21000", "2007-09-30": "8731.30700", "2007-06-30": "8741.79700", "2007-03-31": "8709.44600", "2006-12-31": "8559.06100", "2006-09-30": "8354.35800", "2006-06-30": "8111.75600", "2006-03-31": "8276.96600", "2005-12-31": "8260.23000", "2005-09-30": "8381.00700", "2005-06-30": "8279.87800", "2005-03-31": "8563.59400"}, "Total Assets": {"2020-12-31": "22858.19000", "2020-09-30": "22959.21000", "2020-06-30": "23000.78000", "2020-03-31": "21829.70000", "2019-12-31": "21284.90000", "2019-09-30": "21288.57000", "2019-06-30": "21268.28000", "2019-03-31": "20501.60000", "2018-12-31": "20256.48000", "2018-09-30": "20137.50000", "2018-06-30": "19961.16000", "2018-03-31": "19583.94000", "2017-12-31": "19372.23000", "2017-09-30": "19308.52000", "2017-06-30": "19281.76000", "2017-03-31": "18966.63000", "2016-12-31": "18851.64000", "2016-09-30": "18789.90000", "2016-06-30": "18963.96000", "2016-03-31": "19175.83000", "2015-12-31": "18351.49000", "2015-09-30": "18980.26000", "2015-06-30": "19113.96000", "2015-03-31": "19179.07000", "2014-12-31": "19886.77000", "2014-09-30": "18875.16000", "2014-06-30": "18898.53000", "2014-03-31": "18979.57000", "2013-12-31": "20176.26000", "2013-09-30": "19519.71000", "2013-06-30": "19462.78000", "2013-03-31": "15623.28000", "2012-12-31": "15462.32000", "2012-09-30": "15141.94000", "2012-06-30": "15280.63000", "2012-03-31": "14212.86000", "2011-12-31": "14782.97000", "2011-09-30": "13980.80000", "2011-06-30": "13884.21000", "2011-03-31": "13835.47000", "2010-12-31": "13348.26000", "2010-09-30": "13048.84000", "2010-06-30": "12787.70000", "2010-03-31": "12251.34000", "2009-12-31": "12348.70000", "2009-09-30": "11631.78000", "2009-06-30": "11580.66000", "2009-03-31": "10871.94000", "2008-12-31": "10917.48000", "2008-09-30": "10873.33000", "2008-06-30": "10387.92000", "2008-03-31": "10349.49000", "2007-12-31": "11192.64000", "2007-09-30": "10985.62000", "2007-06-30": "10994.60000", "2007-03-31": "11085.74000", "2006-12-31": "9695.02200", "2006-09-30": "9777.50900", "2006-06-30": "9710.51600", "2006-03-31": "8690.40100", "2005-12-31": "8902.36800", "2005-09-30": "9183.88800", "2005-06-30": "9124.62400", "2005-03-31": "9097.99100"}, "Total Current Liabilities": {"2020-12-31": "442.55200", "2020-09-30": "434.78500", "2020-06-30": "423.56600", "2020-03-31": "376.21900", "2019-12-31": "467.56900", "2019-09-30": "504.44600", "2019-06-30": "507.71800", "2019-03-31": "418.05600", "2018-12-31": "365.91200", "2018-09-30": "408.27100", "2018-06-30": "423.91100", "2018-03-31": "451.17800", "2017-12-31": "415.14600", "2017-09-30": "424.54000", "2017-06-30": "388.73100", "2017-03-31": "760.43690", "2016-12-31": "722.45700", "2016-09-30": "727.60700", "2016-06-30": "689.63910", "2016-03-31": "654.30510", "2015-12-31": "645.09500", "2015-09-30": "626.11590", "2015-06-30": "590.44790", "2015-03-31": "590.71610", "2014-12-31": "586.79490", "2014-09-30": "615.55380", "2014-06-30": "552.10380", "2014-03-31": "576.67890", "2013-12-31": "549.99300", "2013-09-30": "577.08780", "2013-06-30": "534.67420", "2013-03-31": "309.85000", "2012-12-31": "271.56300", "2012-09-30": "292.09300", "2012-06-30": "225.44300", "2012-03-31": "263.43800", "2011-12-31": "224.24400", "2011-09-30": "262.48300", "2011-06-30": "235.30300", "2011-03-31": "259.68700", "2010-12-31": "223.91900", "2010-09-30": "284.22300", "2010-06-30": "257.52100", "2010-03-31": "258.79900", "2009-12-31": "296.14700", "2009-09-30": "278.71300", "2009-06-30": "290.37200", "2009-03-31": "250.59800", "2008-12-31": "238.92300", "2008-09-30": "213.69100", "2008-06-30": "239.17100", "2008-03-31": "176.12400", "2007-12-31": "200.17900", "2007-09-30": "180.38500", "2007-06-30": "183.01500", "2007-03-31": "150.10500", "2006-12-31": "150.37500", "2006-09-30": "149.28400", "2006-06-30": "140.92300", "2006-03-31": "126.20700", "2005-12-31": "157.73400", "2005-09-30": "121.17300", "2005-06-30": "140.39300", "2005-03-31": "146.99600"}, "Long Term Debt": {"2020-12-31": "13284.25000", "2020-09-30": "13281.45000", "2020-06-30": "13278.72000", "2020-03-31": "12288.29000", "2019-12-31": "12035.85000", "2019-09-30": "12059.77000", "2019-06-30": "12019.14000", "2019-03-31": "11178.68000", "2018-12-31": "11007.76000", "2018-09-30": "10889.70000", "2018-06-30": "10721.88000", "2018-03-31": "10339.31000", "2017-12-31": "10271.61000", "2017-09-30": "10234.63000", "2017-06-30": "10236.64000", "2017-03-31": "9706.84600", "2016-12-31": "9616.13300", "2016-09-30": "9628.92300", "2016-06-30": "9754.08400", "2016-03-31": "9980.36600", "2015-12-31": "9008.54300", "2015-09-30": "9729.79600", "2015-06-30": "9867.45900", "2015-03-31": "9886.69500", "2014-12-31": "9906.98300", "2014-09-30": "10475.75000", "2014-06-30": "10558.61000", "2014-03-31": "10577.14000", "2013-12-31": "11341.51000", "2013-09-30": "11354.37000", "2013-06-30": "11365.54000", "2013-03-31": "8871.51800", "2012-12-31": "8912.36900", "2012-09-30": "8650.85700", "2012-06-30": "8896.20700", "2012-03-31": "7960.62600", "2011-12-31": "8704.13900", "2011-09-30": "7950.36300", "2011-06-30": "7941.64300", "2011-03-31": "7937.26400", "2010-12-31": "7786.00100", "2010-09-30": "7444.88600", "2010-06-30": "7229.30000", "2010-03-31": "6674.89900", "2009-12-31": "6719.77100", "2009-09-30": "6008.99000", "2009-06-30": "5957.69600", "2009-03-31": "6112.80000", "2008-12-31": "6092.88400", "2008-09-30": "6111.46300", "2008-06-30": "5503.88900", "2008-03-31": "5527.83200", "2007-12-31": "5492.16600", "2007-09-30": "5409.26800", "2007-06-30": "5619.60200", "2007-03-31": "5736.13900", "2006-12-31": "4600.93700", "2006-09-30": "4733.32300", "2006-06-30": "4833.40100", "2006-03-31": "4696.71300", "2005-12-31": "4826.25400", "2005-09-30": "4921.86700", "2005-06-30": "4898.75700", "2005-03-31": "5011.01600"}, "Other Non-Current Liabilities": {"2020-12-31": "583.16600", "2020-09-30": "541.00200", "2020-06-30": "544.35800", "2020-03-31": "537.87800", "2019-12-31": "558.70700", "2019-09-30": "521.75900", "2019-06-30": "521.40300", "2019-03-31": "534.92700", "2018-12-31": "668.84000", "2018-09-30": "633.55100", "2018-06-30": "602.13200", "2018-03-31": "609.35800", "2017-12-31": "583.02000", "2017-09-30": "549.64900", "2017-06-30": "583.04000", "2017-03-31": "576.90700", "2016-12-31": "581.12900", "2016-09-30": "574.11700", "2016-06-30": "622.02300", "2016-03-31": "611.36900", "2015-12-31": "810.92100", "2015-09-30": "561.59200", "2015-06-30": "561.37200", "2015-03-31": "596.55800", "2014-12-31": "1384.72700", "2014-09-30": "630.13600", "2014-06-30": "652.13600", "2014-03-31": "671.57100", "2013-12-31": "1090.22400", "2013-09-30": "679.93400", "2013-06-30": "669.15500", "2013-03-31": "427.56900", "2012-12-31": "435.10100", "2012-09-30": "402.46500", "2012-06-30": "401.70700", "2012-03-31": "417.44100", "2011-12-31": "385.41600", "2011-09-30": "328.13900", "2011-06-30": "315.07100", "2011-03-31": "293.41100", "2010-12-31": "318.49800", "2010-09-30": "185.98200", "2010-06-30": "176.28800", "2010-03-31": "196.51100", "2009-12-31": "208.07400", "2009-09-30": "211.65600", "2009-06-30": "207.03500", "2009-03-31": "231.20900", "2008-12-31": "270.91200", "2008-09-30": "264.13700", "2008-06-30": "283.55500", "2008-03-31": "326.58200", "2007-12-31": "1177.57500", "2007-09-30": "294.46600", "2007-06-30": "297.59800", "2007-03-31": "334.95000", "2006-12-31": "1096.97600", "2006-09-30": "331.95700", "2006-06-30": "341.88100", "2006-03-31": "193.64000", "2005-12-31": "261.76600", "2005-09-30": "580.96300", "2005-06-30": "228.02400", "2005-03-31": "225.97500"}, "Total Long Term Liabilities": {"2020-12-31": "13874.31000", "2020-09-30": "13828.05000", "2020-06-30": "13829.09000", "2020-03-31": "12832.02000", "2019-12-31": "12602.92000", "2019-09-30": "12588.61000", "2019-06-30": "12540.55000", "2019-03-31": "11713.61000", "2018-12-31": "11676.60000", "2018-09-30": "11523.25000", "2018-06-30": "11324.01000", "2018-03-31": "10948.67000", "2017-12-31": "10854.63000", "2017-09-30": "10784.28000", "2017-06-30": "10819.68000", "2017-03-31": "10283.75000", "2016-12-31": "10197.26000", "2016-09-30": "10203.04000", "2016-06-30": "10376.11000", "2016-03-31": "10591.74000", "2015-12-31": "9819.46400", "2015-09-30": "10291.39000", "2015-06-30": "10535.06000", "2015-03-31": "10589.41000", "2014-12-31": "11397.04000", "2014-09-30": "11212.01000", "2014-06-30": "11332.53000", "2014-03-31": "11400.35000", "2013-12-31": "12582.65000", "2013-09-30": "12200.76000", "2013-06-30": "12243.74000", "2013-03-31": "9508.17900", "2012-12-31": "9555.90300", "2012-09-30": "9164.19800", "2012-06-30": "9349.45100", "2012-03-31": "8429.60400", "2011-12-31": "9145.20700", "2011-09-30": "8334.15400", "2011-06-30": "8312.36500", "2011-03-31": "8286.32600", "2010-12-31": "8160.15100", "2010-09-30": "7630.86800", "2010-06-30": "7461.24000", "2010-03-31": "6927.06200", "2009-12-31": "6983.49700", "2009-09-30": "6276.29800", "2009-06-30": "6220.38300", "2009-03-31": "6399.66100", "2008-12-31": "6419.44800", "2008-09-30": "7014.77100", "2008-06-30": "6450.75700", "2008-03-31": "6508.92600", "2007-12-31": "7323.63300", "2007-09-30": "6457.35400", "2007-06-30": "6648.24300", "2007-03-31": "6798.02600", "2006-12-31": "6321.42100", "2006-09-30": "5811.69600", "2006-06-30": "6000.14900", "2006-03-31": "5625.53800", "2005-12-31": "5827.28800", "2005-09-30": "6227.90700", "2005-06-30": "5922.54800", "2005-03-31": "6019.52300"}, "Total Liabilities": {"2020-12-31": "14518.58000", "2020-09-30": "14464.18000", "2020-06-30": "14453.63000", "2020-03-31": "13408.82000", "2019-12-31": "13270.67000", "2019-09-30": "13292.81000", "2019-06-30": "13247.61000", "2019-03-31": "12331.32000", "2018-12-31": "12042.51000", "2018-09-30": "11931.52000", "2018-06-30": "11747.92000", "2018-03-31": "11399.85000", "2017-12-31": "11269.78000", "2017-09-30": "11208.82000", "2017-06-30": "11208.41000", "2017-03-31": "11044.19000", "2016-12-31": "10919.72000", "2016-09-30": "10930.65000", "2016-06-30": "11065.75000", "2016-03-31": "11246.04000", "2015-12-31": "10464.56000", "2015-09-30": "10917.50000", "2015-06-30": "11125.51000", "2015-03-31": "11180.12000", "2014-12-31": "11983.83000", "2014-09-30": "11827.57000", "2014-06-30": "11884.63000", "2014-03-31": "11977.02000", "2013-12-31": "13132.65000", "2013-09-30": "12777.85000", "2013-06-30": "12778.41000", "2013-03-31": "9818.02900", "2012-12-31": "9827.46600", "2012-09-30": "9456.28900", "2012-06-30": "9574.89400", "2012-03-31": "8693.04200", "2011-12-31": "9369.45400", "2011-09-30": "8596.63700", "2011-06-30": "8547.66900", "2011-03-31": "8546.01400", "2010-12-31": "8384.07000", "2010-09-30": "7915.09100", "2010-06-30": "7718.76100", "2010-03-31": "7185.85900", "2009-12-31": "7279.64400", "2009-09-30": "6555.01100", "2009-06-30": "6510.75500", "2009-03-31": "6650.25900", "2008-12-31": "6658.37100", "2008-09-30": "7228.46200", "2008-06-30": "6689.92800", "2008-03-31": "6685.05000", "2007-12-31": "7523.81200", "2007-09-30": "6637.73900", "2007-06-30": "6831.25800", "2007-03-31": "6948.13100", "2006-12-31": "6471.79600", "2006-09-30": "5960.98000", "2006-06-30": "6141.07200", "2006-03-31": "5751.74500", "2005-12-31": "5985.02200", "2005-09-30": "6349.08000", "2005-06-30": "6062.94100", "2005-03-31": "6166.51900"}, "Common Stock Net": {"2020-12-31": "1.55700", "2020-09-30": "1.55600", "2020-06-30": "1.55600", "2020-03-31": "1.55300", "2019-12-31": "1.54800", "2019-09-30": "1.54600", "2019-06-30": "1.54600", "2019-03-31": "1.54500", "2018-12-31": "1.54500", "2018-09-30": "1.54400", "2018-06-30": "1.54400", "2018-03-31": "1.54400", "2017-12-31": "1.54300", "2017-09-30": "1.54300", "2017-06-30": "1.54300", "2017-03-31": "1.53800", "2016-12-31": "1.53800", "2016-09-30": "1.53800", "2016-06-30": "1.53700", "2016-03-31": "1.53600", "2015-12-31": "1.53600", "2015-09-30": "1.53600", "2015-06-30": "1.53500", "2015-03-31": "1.53400", "2014-12-31": "1.53100", "2014-09-30": "1.53100", "2014-06-30": "1.53100", "2014-03-31": "1.53000", "2013-12-31": "1.53000", "2013-09-30": "1.52400", "2013-06-30": "1.52400", "2013-03-31": "1.51600", "2012-12-31": "1.51600", "2012-09-30": "1.50900", "2012-06-30": "1.50700", "2012-03-31": "1.49400", "2011-12-31": "1.48100", "2011-09-30": "1.47600", "2011-06-30": "1.46400", "2011-03-31": "1.45100", "2010-12-31": "1.40200", "2010-09-30": "1.40100", "2010-06-30": "1.39300", "2010-03-31": "1.39000", "2009-12-31": "1.38900", "2009-09-30": "1.38700", "2009-06-30": "1.38500", "2009-03-31": "1.21300", "2008-12-31": "1.21200", "2008-09-30": "1.19900", "2008-06-30": "1.19800", "2008-03-31": "1.19700", "2007-12-31": "1.19500", "2007-09-30": "1.19300", "2007-06-30": "1.19000", "2007-03-31": "1.19000", "2006-12-31": "1.17500", "2006-09-30": "1.16600", "2006-06-30": "1.14200", "2006-03-31": "1.12800", "2005-12-31": "1.12500", "2005-09-30": "1.12500", "2005-06-30": "1.11400", "2005-03-31": "1.10400"}, "Retained Earnings (Accumulated Deficit)": {"2020-12-31": "", "2020-09-30": "-364.72000", "2020-06-30": "-302.51100", "2020-03-31": "-416.74000", "2019-12-31": "-760.52300", "2019-09-30": "-749.66600", "2019-06-30": "-710.59200", "2019-03-31": "-728.08300", "2018-12-31": "-675.53400", "2018-09-30": "-677.31200", "2018-06-30": "-649.74700", "2018-03-31": "-654.87900", "2017-12-31": "", "2017-09-30": "-692.73900", "2017-06-30": "-694.32000", "2017-03-31": "-712.27000", "2016-12-31": "-693.69400", "2016-09-30": "-725.52200", "2016-06-30": "-702.36100", "2016-03-31": "-699.04800", "2015-12-31": "-780.95200", "2015-09-30": "-627.05400", "2015-06-30": "-711.23900", "2015-03-31": "-690.99300", "2014-12-31": "-762.46400", "2014-09-30": "-148.56600", "2014-06-30": "-176.92900", "2014-03-31": "", "2013-12-31": "-108.55200", "2013-09-30": "", "2013-06-30": "192.49200", "2013-03-31": "-160.69700", "2012-12-31": "-109.98500", "2012-09-30": "-59.62100", "2012-06-30": "-34.46300", "2012-03-31": "-70.60900", "2011-12-31": "-53.08000", "2011-09-30": "-72.94100", "2011-06-30": "-69.53700", "2011-03-31": "-56.47900", "2010-12-31": "-24.76300", "2010-09-30": "58.05100", "2010-06-30": "70.42600", "2010-03-31": "78.64500", "2009-12-31": "95.43300", "2009-09-30": "111.46300", "2009-06-30": "115.02700", "2009-03-31": "117.08200", "2008-12-31": "154.95300", "2008-09-30": "366.48200", "2008-06-30": "399.50200", "2008-03-31": "401.41000", "2007-12-31": "394.32400", "2007-09-30": "1065.99300", "2007-06-30": "904.41700", "2007-03-31": "881.73300", "2006-12-31": "108.15500", "2006-09-30": "749.94000", "2006-06-30": "720.32200", "2006-03-31": "173.12900", "2005-12-31": "182.10500", "2005-09-30": "104.55900", "2005-06-30": "404.63500", "2005-03-31": "314.90700"}, "Comprehensive Income": {"2020-12-31": "-49.89000", "2020-09-30": "-52.62200", "2020-06-30": "-54.92100", "2020-03-31": "-55.70000", "2019-12-31": "-48.33500", "2019-09-30": "-51.99600", "2019-06-30": "-51.34000", "2019-03-31": "-48.73400", "2018-12-31": "-47.74100", "2018-09-30": "-45.13700", "2018-06-30": "-47.69500", "2018-03-31": "-49.06200", "2017-12-31": "-50.42900", "2017-09-30": "-51.79600", "2017-06-30": "-53.16100", "2017-03-31": "-50.98300", "2016-12-31": "-52.25100", "2016-09-30": "-73.94300", "2016-06-30": "-79.74800", "2016-03-31": "-56.70600", "2015-12-31": "-14.11400", "2015-09-30": "-20.62500", "2015-06-30": "1.84800", "2015-03-31": "-11.90700", "2014-12-31": "-9.30400", "2014-09-30": "-9.86600", "2014-06-30": "-10.42900", "2014-03-31": "-10.98900", "2013-12-31": "-11.55600", "2013-09-30": "-12.12200", "2013-06-30": "-12.68900", "2013-03-31": "-13.25300", "2012-12-31": "-13.81700", "2012-09-30": "-14.37900", "2012-06-30": "-14.97800", "2012-03-31": "-15.55800", "2011-12-31": "-16.13800", "2011-09-30": "-16.71700", "2011-06-30": "-17.29400", "2011-03-31": "-17.86700", "2010-12-31": "-18.43600", "2010-09-30": "-19.53000", "2010-06-30": "-20.15500", "2010-03-31": "-21.14500", "2009-12-31": "-21.77700", "2009-09-30": "-22.41100", "2009-06-30": "-28.46400", "2009-03-31": "-29.20200", "2008-12-31": "-24.29100", "2008-09-30": "-37.44500", "2008-06-30": "-41.86800", "2008-03-31": "-53.09100", "2007-12-31": "-29.19100", "2007-09-30": "-6.34200", "2007-06-30": "-3.33800", "2007-03-31": "-3.23900", "2006-12-31": "-3.32300", "2006-09-30": "-0.80700", "2006-06-30": "19.58300", "2006-03-31": "7.54100", "2005-12-31": "-8.88100", "2005-09-30": "-12.02200", "2005-06-30": "-15.28800", "2005-03-31": "-15.46300"}, "Other Share Holders Equity": {"2020-12-31": "-509.65300", "2020-09-30": "", "2020-06-30": "", "2020-03-31": "", "2019-12-31": "", "2019-09-30": "", "2019-06-30": "", "2019-03-31": "", "2018-12-31": "", "2018-09-30": "", "2018-06-30": "", "2018-03-31": "", "2017-12-31": "-712.34300", "2017-09-30": "", "2017-06-30": "", "2017-03-31": "", "2016-12-31": "", "2016-09-30": "", "2016-06-30": "", "2016-03-31": "0.00010", "2015-12-31": "", "2015-09-30": "", "2015-06-30": "", "2015-03-31": "", "2014-12-31": "-0.00010", "2014-09-30": "", "2014-06-30": "", "2014-03-31": "-153.97900", "2013-12-31": "", "2013-09-30": "246.20610", "2013-06-30": "", "2013-03-31": "", "2012-12-31": "", "2012-09-30": "", "2012-06-30": "", "2012-03-31": "", "2011-12-31": "", "2011-09-30": "", "2011-06-30": "", "2011-03-31": "", "2010-12-31": "", "2010-09-30": "", "2010-06-30": "", "2010-03-31": "", "2009-12-31": "", "2009-09-30": "", "2009-06-30": "", "2009-03-31": "", "2008-12-31": "", "2008-09-30": "", "2008-06-30": "", "2008-03-31": "", "2007-12-31": "", "2007-09-30": "", "2007-06-30": "", "2007-03-31": "", "2006-12-31": "", "2006-09-30": "", "2006-06-30": "", "2006-03-31": "", "2005-12-31": "", "2005-09-30": "", "2005-06-30": "", "2005-03-31": ""}, "Share Holder Equity": {"2020-12-31": "8339.61200", "2020-09-30": "8495.03800", "2020-06-30": "8547.14600", "2020-03-31": "8420.88300", "2019-12-31": "8014.23600", "2019-09-30": "7995.76700", "2019-06-30": "8020.66700", "2019-03-31": "8170.28700", "2018-12-31": "8213.96800", "2018-09-30": "8205.97400", "2018-06-30": "8213.24200", "2018-03-31": "8184.09000", "2017-12-31": "8102.45600", "2017-09-30": "8099.69500", "2017-06-30": "8073.35200", "2017-03-31": "7922.43800", "2016-12-31": "7931.92400", "2016-09-30": "7859.25300", "2016-06-30": "7898.21900", "2016-03-31": "7929.79000", "2015-12-31": "7886.92700", "2015-09-30": "8062.75900", "2015-06-30": "7988.44700", "2015-03-31": "7998.94800", "2014-12-31": "7902.93600", "2014-09-30": "7047.59300", "2014-06-30": "7013.90000", "2014-03-31": "7002.54400", "2013-12-31": "7043.61800", "2013-09-30": "6741.86200", "2013-06-30": "6684.37200", "2013-03-31": "5805.25000", "2012-12-31": "5634.85400", "2012-09-30": "5685.65100", "2012-06-30": "5705.73500", "2012-03-31": "5519.81500", "2011-12-31": "5413.51600", "2011-09-30": "5384.16100", "2011-06-30": "5336.54300", "2011-03-31": "5289.45900", "2010-12-31": "4964.19300", "2010-09-30": "5133.74900", "2010-06-30": "5068.94000", "2010-03-31": "5065.48100", "2009-12-31": "5069.05900", "2009-09-30": "5076.76600", "2009-06-30": "5069.90900", "2009-03-31": "4221.67700", "2008-12-31": "4259.10500", "2008-09-30": "3644.87200", "2008-06-30": "3697.99700", "2008-03-31": "3664.43700", "2007-12-31": "3668.82500", "2007-09-30": "4347.88200", "2007-06-30": "4163.34400", "2007-03-31": "4137.60900", "2006-12-31": "3223.22600", "2006-09-30": "3816.52900", "2006-06-30": "3569.44400", "2006-03-31": "2938.65600", "2005-12-31": "2917.34600", "2005-09-30": "2834.80800", "2005-06-30": "3061.68300", "2005-03-31": "2931.47200"}, "Total Liabilities And Share Holders Equity": {"2020-12-31": "22858.19000", "2020-09-30": "22959.21000", "2020-06-30": "23000.78000", "2020-03-31": "21829.70000", "2019-12-31": "21284.90000", "2019-09-30": "21288.57000", "2019-06-30": "21268.28000", "2019-03-31": "20501.60000", "2018-12-31": "20256.48000", "2018-09-30": "20137.50000", "2018-06-30": "19961.16000", "2018-03-31": "19583.94000", "2017-12-31": "19372.23000", "2017-09-30": "19308.52000", "2017-06-30": "19281.76000", "2017-03-31": "18966.63000", "2016-12-31": "18851.64000", "2016-09-30": "18789.90000", "2016-06-30": "18963.96000", "2016-03-31": "19175.83000", "2015-12-31": "18351.49000", "2015-09-30": "18980.26000", "2015-06-30": "19113.96000", "2015-03-31": "19179.07000", "2014-12-31": "19886.77000", "2014-09-30": "18875.16000", "2014-06-30": "18898.53000", "2014-03-31": "18979.57000", "2013-12-31": "20176.26000", "2013-09-30": "19519.71000", "2013-06-30": "19462.78000", "2013-03-31": "15623.28000", "2012-12-31": "15462.32000", "2012-09-30": "15141.94000", "2012-06-30": "15280.63000", "2012-03-31": "14212.86000", "2011-12-31": "14782.97000", "2011-09-30": "13980.80000", "2011-06-30": "13884.21000", "2011-03-31": "13835.47000", "2010-12-31": "13348.26000", "2010-09-30": "13048.84000", "2010-06-30": "12787.70000", "2010-03-31": "12251.34000", "2009-12-31": "12348.70000", "2009-09-30": "11631.78000", "2009-06-30": "11580.66000", "2009-03-31": "10871.94000", "2008-12-31": "10917.48000", "2008-09-30": "10873.33000", "2008-06-30": "10387.92000", "2008-03-31": "10349.49000", "2007-12-31": "11192.64000", "2007-09-30": "10985.62000", "2007-06-30": "10994.60000", "2007-03-31": "11085.74000", "2006-12-31": "9695.02200", "2006-09-30": "9777.50900", "2006-06-30": "9710.51600", "2006-03-31": "8690.40100", "2005-12-31": "8902.36800", "2005-09-30": "9183.88800", "2005-06-30": "9124.62400", "2005-03-31": "9097.99100"}}, "cash flow statement": {"Net Income/Loss": {"2020-12-31": "0.00000", "2019-12-31": "651.99900", "2018-12-31": "712.56300", "2017-12-31": "562.48100", "2016-12-31": "569.97700", "2015-12-31": "799.91800", "2014-12-31": "526.05700", "2013-12-31": "841.44000", "2012-12-31": "332.13900", "2011-12-31": "313.82600", "2010-12-31": "190.32700", "2009-12-31": "274.49900", "2008-12-31": "130.72300", "2007-12-31": "1553.38100", "2006-12-31": "873.63500", "2005-12-31": "438.29200"}, "Total Depreciation And Amortization - Cash Flow": {"2020-12-31": "", "2019-12-31": "680.17600", "2018-12-31": "645.64900", "2017-12-31": "617.54700", "2016-12-31": "694.40300", "2015-12-31": "639.54200", "2014-12-31": "628.57300", "2013-12-31": "565.39700", "2012-12-31": "454.04400", "2011-12-31": "439.18400", "2010-12-31": "338.37100", "2009-12-31": "321.68100", "2008-12-31": "304.14700", "2007-12-31": "288.97800", "2006-12-31": "276.75900", "2005-12-31": "267.64100"}, "Other Non-Cash Items": {"2020-12-31": "", "2019-12-31": "79.46400", "2018-12-31": "-86.77100", "2017-12-31": "35.88600", "2016-12-31": "-125.35500", "2015-12-31": "-380.79400", "2014-12-31": "-280.68100", "2013-12-31": "-561.83200", "2012-12-31": "-38.03100", "2011-12-31": "34.92500", "2010-12-31": "52.77300", "2009-12-31": "92.90000", "2008-12-31": "240.29800", "2007-12-31": "-1160.61300", "2006-12-31": "-504.16700", "2005-12-31": "-109.36700"}, "Total Non-Cash Items": {"2020-12-31": "", "2019-12-31": "759.64000", "2018-12-31": "558.87800", "2017-12-31": "653.43300", "2016-12-31": "569.04800", "2015-12-31": "258.74800", "2014-12-31": "347.89200", "2013-12-31": "3.56500", "2012-12-31": "416.01300", "2011-12-31": "474.10900", "2010-12-31": "391.14400", "2009-12-31": "414.58100", "2008-12-31": "544.44500", "2007-12-31": "-871.63490", "2006-12-31": "-227.40800", "2005-12-31": "158.27400"}, "Change In Accounts Receivable": {"2020-12-31": "", "2019-12-31": "-24.87600", "2018-12-31": "29.20400", "2017-12-31": "2.43300", "2016-12-31": "3.68800", "2015-12-31": "-46.32600", "2014-12-31": "12.86900", "2013-12-31": "-0.44300", "2012-12-31": "23.15500", "2011-12-31": "-19.39600", "2010-12-31": "-5.11500", "2009-12-31": "1.84400", "2008-12-31": "2.66300", "2007-12-31": "-1.34100", "2006-12-31": "-7.05100", "2005-12-31": "-31.37800"}, "Change In Inventories": {"2020-12-31": "", "2019-12-31": "", "2018-12-31": "", "2017-12-31": "", "2016-12-31": "", "2015-12-31": "", "2014-12-31": "", "2013-12-31": "", "2012-12-31": "", "2011-12-31": "", "2010-12-31": "", "2009-12-31": "", "2008-12-31": "", "2007-12-31": "", "2006-12-31": "", "2005-12-31": ""}, "Change In Accounts Payable": {"2020-12-31": "", "2019-12-31": "", "2018-12-31": "", "2017-12-31": "", "2016-12-31": "", "2015-12-31": "", "2014-12-31": "", "2013-12-31": "", "2012-12-31": "", "2011-12-31": "", "2010-12-31": "", "2009-12-31": "", "2008-12-31": "", "2007-12-31": "", "2006-12-31": "", "2005-12-31": ""}, "Change In Assets/Liabilities": {"2020-12-31": "", "2019-12-31": "-219.08300", "2018-12-31": "-156.99000", "2017-12-31": "-156.32900", "2016-12-31": "-177.37800", "2015-12-31": "-233.47300", "2014-12-31": "-191.17700", "2013-12-31": "-101.04600", "2012-12-31": "-135.56800", "2011-12-31": "-175.64900", "2010-12-31": "-153.89300", "2009-12-31": "-97.32200", "2008-12-31": "-130.92700", "2007-12-31": "-59.63000", "2006-12-31": "-108.22500", "2005-12-31": "-94.32800"}, "Total Change In Assets/Liabilities": {"2020-12-31": "", "2019-12-31": "-230.47400", "2018-12-31": "-121.19600", "2017-12-31": "-303.93500", "2016-12-31": "-104.47700", "2015-12-31": "-259.25500", "2014-12-31": "-178.39600", "2013-12-31": "-67.07900", "2012-12-31": "-105.20300", "2011-12-31": "-181.60700", "2010-12-31": "-205.57800", "2009-12-31": "-71.70400", "2008-12-31": "-109.85700", "2007-12-31": "-50.09200", "2006-12-31": "-118.24800", "2005-12-31": "-124.31700"}, "Cash Flow From Operating Activities": {"2020-12-31": "", "2019-12-31": "1181.16500", "2018-12-31": "1150.24500", "2017-12-31": "911.97900", "2016-12-31": "1034.54800", "2015-12-31": "799.41100", "2014-12-31": "695.55300", "2013-12-31": "777.92600", "2012-12-31": "642.94900", "2011-12-31": "606.32800", "2010-12-31": "375.89300", "2009-12-31": "617.37600", "2008-12-31": "565.31100", "2007-12-31": "631.65400", "2006-12-31": "527.97900", "2005-12-31": "472.24900"}, "Net Change In Property, Plant, And Equipment": {"2020-12-31": "", "2019-12-31": "-1036.65400", "2018-12-31": "-639.18710", "2017-12-31": "-1022.36000", "2016-12-31": "-836.53800", "2015-12-31": "-29.39110", "2014-12-31": "-179.23000", "2013-12-31": "-848.90310", "2012-12-31": "-1272.09100", "2011-12-31": "-478.43000", "2010-12-31": "-850.51900", "2009-12-31": "-442.84400", "2008-12-31": "-580.37700", "2007-12-31": "-1134.87000", "2006-12-31": "-642.02400", "2005-12-31": "-394.75700"}, "Net Change In Intangible Assets": {"2020-12-31": "", "2019-12-31": "", "2018-12-31": "", "2017-12-31": "", "2016-12-31": "", "2015-12-31": "", "2014-12-31": "", "2013-12-31": "", "2012-12-31": "", "2011-12-31": "", "2010-12-31": "", "2009-12-31": "", "2008-12-31": "", "2007-12-31": "", "2006-12-31": "", "2005-12-31": ""}, "Net Acquisitions/Divestitures": {"2020-12-31": "", "2019-12-31": "", "2018-12-31": "", "2017-12-31": "", "2016-12-31": "", "2015-12-31": "", "2014-12-31": "", "2013-12-31": "", "2012-12-31": "", "2011-12-31": "", "2010-12-31": "", "2009-12-31": "", "2008-12-31": "", "2007-12-31": "", "2006-12-31": "", "2005-12-31": ""}, "Net Change In Short-term Investments": {"2020-12-31": "", "2019-12-31": "-2.13200", "2018-12-31": "-0.90200", "2017-12-31": "-1.66900", "2016-12-31": "-1.16100", "2015-12-31": "-668.90900", "2014-12-31": "-1.78000", "2013-12-31": "-1.55800", "2012-12-31": "-1.23500", "2011-12-31": "-1.25900", "2010-12-31": "2.14900", "2009-12-31": "4.07800", "2008-12-31": "14.69700", "2007-12-31": "-22.58400", "2006-12-31": "-282.76400", "2005-12-31": "0.00000"}, "Net Change In Long-Term Investments": {"2020-12-31": "", "2019-12-31": "", "2018-12-31": "", "2017-12-31": "", "2016-12-31": "", "2015-12-31": "", "2014-12-31": "", "2013-12-31": "", "2012-12-31": "", "2011-12-31": "267.50000", "2010-12-31": "-267.50000", "2009-12-31": "", "2008-12-31": "", "2007-12-31": "", "2006-12-31": "", "2005-12-31": ""}, "Net Change In Investments - Total": {"2020-12-31": "", "2019-12-31": "-2.13200", "2018-12-31": "-0.90200", "2017-12-31": "-1.66900", "2016-12-31": "-1.16100", "2015-12-31": "-668.90900", "2014-12-31": "-1.78000", "2013-12-31": "-1.55800", "2012-12-31": "-1.23500", "2011-12-31": "266.24100", "2010-12-31": "-265.35100", "2009-12-31": "4.07800", "2008-12-31": "14.69700", "2007-12-31": "-22.58400", "2006-12-31": "-282.76400", "2005-12-31": ""}, "Investing Activities - Other": {"2020-12-31": "", "2019-12-31": "23.69500", "2018-12-31": "-458.78700", "2017-12-31": "141.98500", "2016-12-31": "-499.64800", "2015-12-31": "418.07400", "2014-12-31": "-484.11400", "2013-12-31": "317.82100", "2012-12-31": "-4.70600", "2011-12-31": "122.09300", "2010-12-31": "-45.40400", "2009-12-31": "-7.83500", "2008-12-31": "-754.39900", "2007-12-31": "1732.10900", "2006-12-31": "1154.54400", "2005-12-31": "751.36200"}, "Cash Flow From Investing Activities": {"2020-12-31": "", "2019-12-31": "-1015.09100", "2018-12-31": "-1098.87600", "2017-12-31": "-882.04400", "2016-12-31": "-1337.34700", "2015-12-31": "-280.22600", "2014-12-31": "-665.12400", "2013-12-31": "-532.64000", "2012-12-31": "-1278.03200", "2011-12-31": "-90.09600", "2010-12-31": "-1161.27400", "2009-12-31": "-446.60100", "2008-12-31": "-1320.07900", "2007-12-31": "574.65500", "2006-12-31": "229.75600", "2005-12-31": "356.60500"}, "Net Long-Term Debt": {"2020-12-31": "", "2019-12-31": "802.19400", "2018-12-31": "776.90590", "2017-12-31": "605.34500", "2016-12-31": "662.18010", "2015-12-31": "-55.15700", "2014-12-31": "-1290.29500", "2013-12-31": "720.97410", "2012-12-31": "12.21800", "2011-12-31": "729.89810", "2010-12-31": "162.68910", "2009-12-31": "682.20800", "2008-12-31": "581.56100", "2007-12-31": "660.32590", "2006-12-31": "83.74800", "2005-12-31": "-243.93900"}, "Net Current Debt": {"2020-12-31": "", "2019-12-31": "", "2018-12-31": "-45.00000", "2017-12-31": "45.00000", "2016-12-31": "", "2015-12-31": "", "2014-12-31": "", "2013-12-31": "", "2012-12-31": "", "2011-12-31": "", "2010-12-31": "", "2009-12-31": "-125.00000", "2008-12-31": "100.00000", "2007-12-31": "", "2006-12-31": "-58.00000", "2005-12-31": "58.00000"}, "Debt Issuance/Retirement Net - Total": {"2020-12-31": "", "2019-12-31": "802.19400", "2018-12-31": "731.90590", "2017-12-31": "650.34500", "2016-12-31": "662.18010", "2015-12-31": "-55.15700", "2014-12-31": "-1290.29500", "2013-12-31": "720.97410", "2012-12-31": "12.21800", "2011-12-31": "729.89810", "2010-12-31": "162.68910", "2009-12-31": "557.20800", "2008-12-31": "681.56100", "2007-12-31": "660.32590", "2006-12-31": "25.74800", "2005-12-31": "-185.93900"}, "Net Common Equity Issued/Repurchased": {"2020-12-31": "", "2019-12-31": "13.71000", "2018-12-31": "-0.73000", "2017-12-31": "0.24100", "2016-12-31": "-0.27100", "2015-12-31": "0.79900", "2014-12-31": "1.92300", "2013-12-31": "-0.33400", "2012-12-31": "247.25300", "2011-12-31": "448.70400", "2010-12-31": "22.59300", "2009-12-31": "", "2008-12-31": "", "2007-12-31": "", "2006-12-31": "", "2005-12-31": "-1.84600"}, "Net Total Equity Issued/Repurchased": {"2020-12-31": "", "2019-12-31": "13.71000", "2018-12-31": "-0.73000", "2017-12-31": "0.24100", "2016-12-31": "-0.27100", "2015-12-31": "0.16600", "2014-12-31": "-15.45000", "2013-12-31": "150.21900", "2012-12-31": "228.92400", "2011-12-31": "448.70400", "2010-12-31": "22.59300", "2009-12-31": "", "2008-12-31": "", "2007-12-31": "", "2006-12-31": "", "2005-12-31": "-1.84600"}, "Total Common And Preferred Stock Dividends Paid": {"2020-12-31": "", "2019-12-31": "-666.29400", "2018-12-31": "-587.62800", "2017-12-31": "-526.57800", "2016-12-31": "-671.62600", "2015-12-31": "-1226.19900", "2014-12-31": "-840.26400", "2013-12-31": "-451.11800", "2012-12-31": "-372.89900", "2011-12-31": "-332.59700", "2010-12-31": "-324.68600", "2009-12-31": "-357.32800", "2008-12-31": "-1235.76700", "2007-12-31": "-1143.47000", "2006-12-31": "-391.61300", "2005-12-31": "-708.41500"}, "Financial Activities - Other": {"2020-12-31": "", "2019-12-31": "-262.98900", "2018-12-31": "-61.09500", "2017-12-31": "-68.66200", "2016-12-31": "-64.90400", "2015-12-31": "-277.35600", "2014-12-31": "1513.52200", "2013-12-31": "657.79800", "2012-12-31": "-14.39000", "2011-12-31": "-17.97700", "2010-12-31": "-45.20000", "2009-12-31": "836.76800", "2008-12-31": "43.56300", "2007-12-31": "57.96800", "2006-12-31": "72.42200", "2005-12-31": "89.49800"}, "Cash Flow From Financial Activities": {"2020-12-31": "", "2019-12-31": "-113.37900", "2018-12-31": "82.45300", "2017-12-31": "55.34600", "2016-12-31": "-74.62100", "2015-12-31": "-1558.54600", "2014-12-31": "-632.48700", "2013-12-31": "1077.87300", "2012-12-31": "-146.14700", "2011-12-31": "828.02800", "2010-12-31": "-184.60400", "2009-12-31": "1036.64800", "2008-12-31": "-510.64300", "2007-12-31": "-425.17600", "2006-12-31": "-293.44300", "2005-12-31": "-806.70200"}, "Net Cash Flow": {"2020-12-31": "", "2019-12-31": "52.69500", "2018-12-31": "133.82200", "2017-12-31": "85.28100", "2016-12-31": "-377.42000", "2015-12-31": "-1039.36100", "2014-12-31": "-602.05800", "2013-12-31": "1323.15900", "2012-12-31": "-781.23000", "2011-12-31": "1344.26000", "2010-12-31": "-969.98500", "2009-12-31": "1207.42300", "2008-12-31": "-1265.41100", "2007-12-31": "781.13300", "2006-12-31": "464.29200", "2005-12-31": "22.15200"}, "Stock-Based Compensation": {"2020-12-31": "", "2019-12-31": "40.95800", "2018-12-31": "40.11700", "2017-12-31": "35.36100", "2016-12-31": "32.91100", "2015-12-31": "29.18300", "2014-12-31": "28.09900", "2013-12-31": "45.15500", "2012-12-31": "29.67900", "2011-12-31": "29.67200", "2010-12-31": "32.85200", "2009-12-31": "26.63600", "2008-12-31": "23.10600", "2007-12-31": "12.35800", "2006-12-31": "8.57800", "2005-12-31": "7.38900"}, "Common Stock Dividends Paid": {"2020-12-31": "", "2019-12-31": "-666.29400", "2018-12-31": "-587.62800", "2017-12-31": "-526.57800", "2016-12-31": "-671.62600", "2015-12-31": "-1226.19900", "2014-12-31": "-840.26400", "2013-12-31": "-451.11800", "2012-12-31": "-372.89900", "2011-12-31": "-332.59700", "2010-12-31": "-324.68600", "2009-12-31": "-357.32800", "2008-12-31": "-1235.76700", "2007-12-31": "-1143.47000", "2006-12-31": "-391.61300", "2005-12-31": "-708.41500"}}, "cash flow statement, quarterly": {"Net Income/Loss": {"2020-12-31": -993.786, "2020-09-30": 118.06, "2020-06-30": 298.58, "2020-03-31": "577.14600", "2019-12-31": 176.009, "2019-09-30": 141.37, "2019-06-30": 203.461, "2019-03-31": "131.15900", "2018-12-31": 185.241, "2018-09-30": 150.445, "2018-06-30": 160.565, "2018-03-31": "216.31200", "2017-12-31": 132.203, "2017-09-30": 147.704, "2017-06-30": 167.01, "2017-03-31": "115.56400", "2016-12-31": 164.894, "2016-09-30": 71.504, "2016-06-30": 117.357, "2016-03-31": "216.22200", "2015-12-31": 166.738, "2015-09-30": 323.271, "2015-06-30": 100.739, "2015-03-31": "209.17000", "2014-12-31": 211.425, "2014-09-30": 150.975, "2014-06-30": 95.901, "2014-03-31": "67.75600", "2013-12-31": 106.312, "2013-09-30": 170.436, "2013-06-30": 506.761, "2013-03-31": "57.93100", "2012-12-31": 76.608, "2012-09-30": 65.522, "2012-06-30": 134.174, "2012-03-31": "55.83500", "2011-12-31": 115.443, "2011-09-30": 80.451, "2011-06-30": 69.738, "2011-03-31": "48.19400", "2010-12-31": -12.756, "2010-09-30": 68.089, "2010-06-30": 72.487, "2010-03-31": "62.50700", "2009-12-31": 62.746, "2009-09-30": 77.65, "2009-06-30": 80.073, "2009-03-31": "54.03000", "2008-12-31": -112.621, "2008-09-30": 52.353, "2008-06-30": 90.125, "2008-03-31": "100.86600", "2007-12-31": 352.909, "2007-09-30": 242.542, "2007-06-30": 103.623, "2007-03-31": "854.30700", "2006-12-31": 72.642, "2006-09-30": 108.389, "2006-06-30": 624.867, "2006-03-31": "67.73700", "2005-12-31": 153.891, "2005-09-30": 57.677, "2005-06-30": 165.482, "2005-03-31": "61.24200"}, "Total Depreciation And Amortization - Cash Flow": {"2020-12-31": -517.405, "2020-09-30": 166.995, "2020-06-30": 178.733, "2020-03-31": "171.67700", "2019-12-31": 170.488, "2019-09-30": 166.47, "2019-06-30": 178.019, "2019-03-31": "165.19900", "2018-12-31": 165.439, "2018-09-30": 157.996, "2018-06-30": 156.417, "2018-03-31": "165.79700", "2017-12-31": 154.259, "2017-09-30": 152.164, "2017-06-30": 151.919, "2017-03-31": "159.20500", "2016-12-31": 178.032, "2016-09-30": 203.748, "2016-06-30": 153.175, "2016-03-31": "159.44800", "2015-12-31": 164.46, "2015-09-30": 153.015, "2015-06-30": 167.844, "2015-03-31": "154.22300", "2014-12-31": 162.43, "2014-09-30": 157.245, "2014-06-30": 154.628, "2014-03-31": "154.27000", "2013-12-31": 155.409, "2013-09-30": 154.193, "2013-06-30": 134.604, "2013-03-31": "121.19100", "2012-12-31": 120.55, "2012-09-30": 111.554, "2012-06-30": 112.075, "2012-03-31": "109.86500", "2011-12-31": 109.181, "2011-09-30": 109.495, "2011-06-30": 111.08, "2011-03-31": "109.42800", "2010-12-31": 92.763, "2010-09-30": 81.133, "2010-06-30": 81.4, "2010-03-31": "83.07500", "2009-12-31": 79.125, "2009-09-30": 78.181, "2009-06-30": 87.005, "2009-03-31": "77.37000", "2008-12-31": 79.766, "2008-09-30": 75.321, "2008-06-30": 74.389, "2008-03-31": "74.67100", "2007-12-31": 71.655, "2007-09-30": 71.616, "2007-06-30": 74.621, "2007-03-31": "71.08600", "2006-12-31": 70.452, "2006-09-30": 71.548, "2006-06-30": 67.912, "2006-03-31": "66.84700", "2005-12-31": 66.353, "2005-09-30": 65.907, "2005-06-30": 67.219, "2005-03-31": "68.16200"}, "Other Non-Cash Items": {"2020-12-31": 531.447, "2020-09-30": 29.807, "2020-06-30": -185.991, "2020-03-31": "-375.26300", "2019-12-31": 14.096, "2019-09-30": 54.188, "2019-06-30": -33.728, "2019-03-31": "44.90800", "2018-12-31": -17.458, "2018-09-30": 11.472, "2018-06-30": -4.971, "2018-03-31": "-75.81400", "2017-12-31": 37.626, "2017-09-30": 14.315, "2017-06-30": -16.73, "2017-03-31": "0.67500", "2016-12-31": -49.25, "2016-09-30": -13.436, "2016-06-30": -3.645, "2016-03-31": "-59.02400", "2015-12-31": -63.309, "2015-09-30": -204.517, "2015-06-30": -4.134, "2015-03-31": "-108.83400", "2014-12-31": -132.13, "2014-09-30": -49.907, "2014-06-30": -6.698, "2014-03-31": "-91.94600", "2013-12-31": -47.607, "2013-09-30": -80.846, "2013-06-30": -464.553, "2013-03-31": "31.17400", "2012-12-31": 22.038, "2012-09-30": 20.095, "2012-06-30": -30.143, "2012-03-31": "-50.02100", "2011-12-31": -29.312, "2011-09-30": 19.253, "2011-06-30": 20.38, "2011-03-31": "24.60400", "2010-12-31": 16.796, "2010-09-30": 12.204, "2010-06-30": 12.843, "2010-03-31": "10.93000", "2009-12-31": 22.103, "2009-09-30": 12.565, "2009-06-30": 15.221, "2009-03-31": "43.01100", "2008-12-31": 216.916, "2008-09-30": 21.584, "2008-06-30": 6.446, "2008-03-31": "-4.64800", "2007-12-31": -244.286, "2007-09-30": -148.029, "2007-06-30": -6.347, "2007-03-31": "-761.95100", "2006-12-31": 28.937, "2006-09-30": -12.713, "2006-06-30": -532.991, "2006-03-31": "12.60000", "2005-12-31": -62.473, "2005-09-30": 28.789, "2005-06-30": -91.611, "2005-03-31": "15.92800"}, "Total Non-Cash Items": {"2020-12-31": 14.0421, "2020-09-30": 196.8019, "2020-06-30": -7.258, "2020-03-31": "-203.58600", "2019-12-31": 184.5839, "2019-09-30": 220.6581, "2019-06-30": 144.291, "2019-03-31": "210.10700", "2018-12-31": 147.981, "2018-09-30": 169.468, "2018-06-30": 151.446, "2018-03-31": "89.98300", "2017-12-31": 191.885, "2017-09-30": 166.479, "2017-06-30": 135.189, "2017-03-31": "159.88000", "2016-12-31": 128.7821, "2016-09-30": 190.3119, "2016-06-30": 149.53, "2016-03-31": "100.42400", "2015-12-31": 101.151, "2015-09-30": -51.502, "2015-06-30": 163.71, "2015-03-31": "45.38900", "2014-12-31": 30.3, "2014-09-30": 107.338, "2014-06-30": 147.93, "2014-03-31": "62.32400", "2013-12-31": 107.802, "2013-09-30": 73.347, "2013-06-30": -329.949, "2013-03-31": "152.36500", "2012-12-31": 142.588, "2012-09-30": 131.649, "2012-06-30": 81.932, "2012-03-31": "59.84400", "2011-12-31": 79.869, "2011-09-30": 128.748, "2011-06-30": 131.46, "2011-03-31": "134.03200", "2010-12-31": 109.559, "2010-09-30": 93.337, "2010-06-30": 94.243, "2010-03-31": "94.00500", "2009-12-31": 101.228, "2009-09-30": 90.746, "2009-06-30": 102.226, "2009-03-31": "120.38100", "2008-12-31": 296.682, "2008-09-30": 96.905, "2008-06-30": 80.835, "2008-03-31": "70.02300", "2007-12-31": -172.6309, "2007-09-30": -76.413, "2007-06-30": 68.274, "2007-03-31": "-690.86500", "2006-12-31": 99.389, "2006-09-30": 58.835, "2006-06-30": -465.079, "2006-03-31": "79.44700", "2005-12-31": 3.88, "2005-09-30": 94.696, "2005-06-30": -24.392, "2005-03-31": "84.09000"}, "Change In Accounts Receivable": {"2020-12-31": -18.543, "2020-09-30": 0.027, "2020-06-30": 0.732, "2020-03-31": "17.78400", "2019-12-31": -4.199, "2019-09-30": -9.163, "2019-06-30": 2.486, "2019-03-31": "-14.00000", "2018-12-31": 27.626, "2018-09-30": -31.434, "2018-06-30": 10.222, "2018-03-31": "22.79000", "2017-12-31": -10.095, "2017-09-30": 10.495, "2017-06-30": -16.99, "2017-03-31": "19.02300", "2016-12-31": -18.447, "2016-09-30": 8.172, "2016-06-30": -11.055, "2016-03-31": "25.01800", "2015-12-31": -26.475, "2015-09-30": -11.263, "2015-06-30": -7.415, "2015-03-31": "-1.17300", "2014-12-31": -3.385, "2014-09-30": 8.138, "2014-06-30": -13.536, "2014-03-31": "21.65200", "2013-12-31": -4.071, "2013-09-30": 10.646, "2013-06-30": -17.708, "2013-03-31": "10.69000", "2012-12-31": -5.525, "2012-09-30": -1.44, "2012-06-30": 7.434, "2012-03-31": "22.68600", "2011-12-31": -32.493, "2011-09-30": -3.249, "2011-06-30": 10.273, "2011-03-31": "6.07300", "2010-12-31": -8.037, "2010-09-30": -7.626, "2010-06-30": 10.815, "2010-03-31": "-0.26700", "2009-12-31": -16.027, "2009-09-30": 12.157, "2009-06-30": -1.826, "2009-03-31": "7.54000", "2008-12-31": -7.316, "2008-09-30": -7.794, "2008-06-30": -5.721, "2008-03-31": "23.49400", "2007-12-31": -15.194, "2007-09-30": 5.199, "2007-06-30": 2.401, "2007-03-31": "6.25300", "2006-12-31": -14.924, "2006-09-30": -6.314, "2006-06-30": 2.977, "2006-03-31": "11.21000", "2005-12-31": -20.205, "2005-09-30": -4.233, "2005-06-30": -0.929, "2005-03-31": "-6.01100"}, "Change In Inventories": {"2020-12-31": 0, "2020-09-30": 0, "2020-06-30": 0, "2020-03-31": "", "2019-12-31": 0, "2019-09-30": 0, "2019-06-30": 0, "2019-03-31": "", "2018-12-31": 0, "2018-09-30": 0, "2018-06-30": 0, "2018-03-31": "", "2017-12-31": 0, "2017-09-30": 0, "2017-06-30": 0, "2017-03-31": "", "2016-12-31": 0, "2016-09-30": 0, "2016-06-30": 0, "2016-03-31": "", "2015-12-31": 0, "2015-09-30": 0, "2015-06-30": 0, "2015-03-31": "", "2014-12-31": 0, "2014-09-30": 0, "2014-06-30": 0, "2014-03-31": "", "2013-12-31": 0, "2013-09-30": 0, "2013-06-30": 0, "2013-03-31": "", "2012-12-31": 0, "2012-09-30": 0, "2012-06-30": 0, "2012-03-31": "", "2011-12-31": 0, "2011-09-30": 0, "2011-06-30": 0, "2011-03-31": "", "2010-12-31": 0, "2010-09-30": 0, "2010-06-30": 0, "2010-03-31": "", "2009-12-31": 0, "2009-09-30": 0, "2009-06-30": 0, "2009-03-31": "", "2008-12-31": 0, "2008-09-30": 0, "2008-06-30": 0, "2008-03-31": "", "2007-12-31": 0, "2007-09-30": 0, "2007-06-30": 0, "2007-03-31": "", "2006-12-31": 0, "2006-09-30": 0, "2006-06-30": 0, "2006-03-31": "", "2005-12-31": 0, "2005-09-30": 0, "2005-06-30": 0, "2005-03-31": ""}, "Change In Accounts Payable": {"2020-12-31": 0, "2020-09-30": 0, "2020-06-30": 0, "2020-03-31": "", "2019-12-31": 0, "2019-09-30": 0, "2019-06-30": 0, "2019-03-31": "", "2018-12-31": 0, "2018-09-30": 0, "2018-06-30": 0, "2018-03-31": "", "2017-12-31": 0, "2017-09-30": 0, "2017-06-30": 0, "2017-03-31": "", "2016-12-31": 0, "2016-09-30": 0, "2016-06-30": 0, "2016-03-31": "", "2015-12-31": 0, "2015-09-30": 0, "2015-06-30": 0, "2015-03-31": "", "2014-12-31": 0, "2014-09-30": 0, "2014-06-30": 0, "2014-03-31": "", "2013-12-31": 0, "2013-09-30": 0, "2013-06-30": 0, "2013-03-31": "", "2012-12-31": 0, "2012-09-30": 0, "2012-06-30": 0, "2012-03-31": "", "2011-12-31": 0, "2011-09-30": 0, "2011-06-30": 0, "2011-03-31": "", "2010-12-31": 0, "2010-09-30": 0, "2010-06-30": 0, "2010-03-31": "", "2009-12-31": 0, "2009-09-30": 0, "2009-06-30": 0, "2009-03-31": "", "2008-12-31": 0, "2008-09-30": 0, "2008-06-30": 0, "2008-03-31": "", "2007-12-31": 0, "2007-09-30": 0, "2007-06-30": 0, "2007-03-31": "", "2006-12-31": 0, "2006-09-30": 0, "2006-06-30": 0, "2006-03-31": "", "2005-12-31": 0, "2005-09-30": 0, "2005-06-30": 0, "2005-03-31": ""}, "Change In Assets/Liabilities": {"2020-12-31": 222.935, "2020-09-30": -109.04, "2020-06-30": 46.017, "2020-03-31": "-159.91200", "2019-12-31": 17.857, "2019-09-30": -107.66, "2019-06-30": -9.15, "2019-03-31": "-120.13000", "2018-12-31": 27.394, "2018-09-30": -90.812, "2018-06-30": 8.221, "2018-03-31": "-101.79300", "2017-12-31": 26.088, "2017-09-30": -128.919, "2017-06-30": 7.592, "2017-03-31": "-61.09000", "2016-12-31": 7.415, "2016-09-30": -130.423, "2016-06-30": -35.703, "2016-03-31": "-18.66700", "2015-12-31": -36.978, "2015-09-30": -120.108, "2015-06-30": -6.884, "2015-03-31": "-69.50300", "2014-12-31": 6.292, "2014-09-30": -140.638, "2014-06-30": -16.892, "2014-03-31": "-39.93900", "2013-12-31": 27.32, "2013-09-30": -79.693, "2013-06-30": -36.13, "2013-03-31": "-12.54300", "2012-12-31": -5.136, "2012-09-30": -106.234, "2012-06-30": -22.041, "2012-03-31": "-2.15700", "2011-12-31": 19.781, "2011-09-30": -85.873, "2011-06-30": -36.933, "2011-03-31": "-72.62400", "2010-12-31": -21.246, "2010-09-30": -39.319, "2010-06-30": -27.591, "2010-03-31": "-65.73700", "2009-12-31": -11.063, "2009-09-30": -34.033, "2009-06-30": 2.563, "2009-03-31": "-54.78900", "2008-12-31": 11.681, "2008-09-30": -33.317, "2008-06-30": -36.204, "2008-03-31": "-73.08700", "2007-12-31": 8.69, "2007-09-30": -25.319, "2007-06-30": -3.517, "2007-03-31": "-39.48400", "2006-12-31": -12.387, "2006-09-30": -33.957, "2006-06-30": -3.532, "2006-03-31": "-58.34900", "2005-12-31": 12.232, "2005-09-30": -33.428, "2005-06-30": -20.678, "2005-03-31": "-52.45400"}, "Total Change In Assets/Liabilities": {"2020-12-31": 197.321, "2020-09-30": -86.711, "2020-06-30": 87.753, "2020-03-31": "-198.36300", "2019-12-31": 0.78, "2019-09-30": -107.84, "2019-06-30": 10.618, "2019-03-31": "-134.03200", "2018-12-31": 46.396, "2018-09-30": -110.132, "2018-06-30": 23.057, "2018-03-31": "-80.51700", "2017-12-31": 2.926, "2017-09-30": -94.027, "2017-06-30": -177.242, "2017-03-31": "-35.59200", "2016-12-31": -2.913, "2016-09-30": -102.182, "2016-06-30": -31.716, "2016-03-31": "32.33400", "2015-12-31": -77.356, "2015-09-30": -105.967, "2015-06-30": -22.819, "2015-03-31": "-53.11300", "2014-12-31": -15.849, "2014-09-30": -97.629, "2014-06-30": -59.047, "2014-03-31": "-5.87100", "2013-12-31": 13.391, "2013-09-30": -28.2, "2013-06-30": -79.403, "2013-03-31": "27.13300", "2012-12-31": -39.933, "2012-09-30": -64.565, "2012-06-30": -54.287, "2012-03-31": "53.58200", "2011-12-31": -31.843, "2011-09-30": -56.441, "2011-06-30": -43.381, "2011-03-31": "-49.94200", "2010-12-31": -53.764, "2010-09-30": -39.076, "2010-06-30": -16.32, "2010-03-31": "-96.41800", "2009-12-31": 5.486, "2009-09-30": -37.417, "2009-06-30": 24.502, "2009-03-31": "-64.27500", "2008-12-31": 15.567, "2008-09-30": -34.56, "2008-06-30": -23.598, "2008-03-31": "-67.26600", "2007-12-31": -1.747, "2007-09-30": -24.862, "2007-06-30": 14.783, "2007-03-31": "-38.26600", "2006-12-31": -27.089, "2006-09-30": -40.897, "2006-06-30": 13.947, "2006-03-31": "-64.20900", "2005-12-31": 9.805, "2005-09-30": -52.676, "2005-06-30": -19.761, "2005-03-31": "-61.68500"}, "Cash Flow From Operating Activities": {"2020-12-31": -782.423, "2020-09-30": 228.151, "2020-06-30": 379.075, "2020-03-31": "175.19700", "2019-12-31": 361.373, "2019-09-30": 254.188, "2019-06-30": 358.37, "2019-03-31": "207.23400", "2018-12-31": 379.618, "2018-09-30": 209.781, "2018-06-30": 335.068, "2018-03-31": "225.77800", "2017-12-31": 327.014, "2017-09-30": 220.156, "2017-06-30": 124.957, "2017-03-31": "239.85200", "2016-12-31": 290.763, "2016-09-30": 159.634, "2016-06-30": 235.171, "2016-03-31": "348.98000", "2015-12-31": 190.533, "2015-09-30": 165.802, "2015-06-30": 241.63, "2015-03-31": "201.44600", "2014-12-31": 225.876, "2014-09-30": 160.684, "2014-06-30": 184.784, "2014-03-31": "124.20900", "2013-12-31": 227.505, "2013-09-30": 215.583, "2013-06-30": 97.409, "2013-03-31": "237.42900", "2012-12-31": 179.263, "2012-09-30": 132.606, "2012-06-30": 161.819, "2012-03-31": "169.26100", "2011-12-31": 163.469, "2011-09-30": 152.758, "2011-06-30": 157.817, "2011-03-31": "132.28400", "2010-12-31": 43.039, "2010-09-30": 122.35, "2010-06-30": 150.41, "2010-03-31": "60.09400", "2009-12-31": 169.46, "2009-09-30": 130.979, "2009-06-30": 206.801, "2009-03-31": "110.13600", "2008-12-31": 199.628, "2008-09-30": 114.698, "2008-06-30": 147.362, "2008-03-31": "103.62300", "2007-12-31": 178.531, "2007-09-30": 141.267, "2007-06-30": 186.68, "2007-03-31": "125.17600", "2006-12-31": 144.942, "2006-09-30": 126.327, "2006-06-30": 173.735, "2006-03-31": "82.97500", "2005-12-31": 167.576, "2005-09-30": 99.697, "2005-06-30": 121.329, "2005-03-31": "83.64700"}, "Net Change In Property, Plant, And Equipment": {"2020-12-31": 278.138, "2020-09-30": -216.165, "2020-06-30": -74.976, "2020-03-31": "13.00300", "2019-12-31": -260.081, "2019-09-30": -394.768, "2019-06-30": -186.17, "2019-03-31": "-195.63500", "2018-12-31": -13.9561, "2018-09-30": -205.203, "2018-06-30": -285.381, "2018-03-31": "-134.64700", "2017-12-31": -268.79, "2017-09-30": -248.578, "2017-06-30": -256.11, "2017-03-31": "-248.88200", "2016-12-31": -149.3211, "2016-09-30": -305.8479, "2016-06-30": -177.481, "2016-03-31": "-203.88800", "2015-12-31": 204.4439, "2015-09-30": -174.649, "2015-06-30": 54.204, "2015-03-31": "-113.39000", "2014-12-31": 260.358, "2014-09-30": -141.765, "2014-06-30": -151.737, "2014-03-31": "-146.08600", "2013-12-31": -81.7651, "2013-09-30": -22.8329, "2013-06-30": -312.1611, "2013-03-31": "-432.14400", "2012-12-31": -267.095, "2012-09-30": -198.697, "2012-06-30": -47.758, "2012-03-31": "-758.54100", "2011-12-31": -195.831, "2011-09-30": -106.448, "2011-06-30": -47.049, "2011-03-31": "-129.10200", "2010-12-31": -406.801, "2010-09-30": -191.825, "2010-06-30": -132.486, "2010-03-31": "-119.40700", "2009-12-31": -118.641, "2009-09-30": -127.7, "2009-06-30": -105.135, "2009-03-31": "-91.36800", "2008-12-31": -389.2, "2008-09-30": -213.513, "2008-06-30": -109.741, "2008-03-31": "132.07700", "2007-12-31": -2193.894, "2007-09-30": 186.66, "2007-06-30": -82.829, "2007-03-31": "955.19300", "2006-12-31": -1392.233, "2006-09-30": 714.2989, "2006-06-30": 107.8291, "2006-03-31": "-71.91900", "2005-12-31": -621.993, "2005-09-30": -90.837, "2005-06-30": 379.642, "2005-03-31": "-61.56900"}, "Net Change In Intangible Assets": {"2020-12-31": 0, "2020-09-30": 0, "2020-06-30": 0, "2020-03-31": "", "2019-12-31": 0, "2019-09-30": 0, "2019-06-30": 0, "2019-03-31": "", "2018-12-31": 0, "2018-09-30": 0, "2018-06-30": 0, "2018-03-31": "", "2017-12-31": 0, "2017-09-30": 0, "2017-06-30": 0, "2017-03-31": "", "2016-12-31": 0, "2016-09-30": 0, "2016-06-30": 0, "2016-03-31": "", "2015-12-31": 0, "2015-09-30": 0, "2015-06-30": 0, "2015-03-31": "", "2014-12-31": 0, "2014-09-30": 0, "2014-06-30": 0, "2014-03-31": "", "2013-12-31": 0, "2013-09-30": 0, "2013-06-30": 0, "2013-03-31": "", "2012-12-31": 0, "2012-09-30": 0, "2012-06-30": 0, "2012-03-31": "", "2011-12-31": 0, "2011-09-30": 0, "2011-06-30": 0, "2011-03-31": "", "2010-12-31": 0, "2010-09-30": 0, "2010-06-30": 0, "2010-03-31": "", "2009-12-31": 0, "2009-09-30": 0, "2009-06-30": 0, "2009-03-31": "", "2008-12-31": 0, "2008-09-30": 0, "2008-06-30": 0, "2008-03-31": "", "2007-12-31": 0, "2007-09-30": 0, "2007-06-30": 0, "2007-03-31": "", "2006-12-31": 0, "2006-09-30": 0, "2006-06-30": 0, "2006-03-31": "", "2005-12-31": 0, "2005-09-30": 0, "2005-06-30": 0, "2005-03-31": ""}, "Net Acquisitions/Divestitures": {"2020-12-31": 0, "2020-09-30": 0, "2020-06-30": 0, "2020-03-31": "", "2019-12-31": 0, "2019-09-30": 0, "2019-06-30": 0, "2019-03-31": "", "2018-12-31": 0, "2018-09-30": 0, "2018-06-30": 0, "2018-03-31": "", "2017-12-31": 0, "2017-09-30": 0, "2017-06-30": 0, "2017-03-31": "", "2016-12-31": 0, "2016-09-30": 0, "2016-06-30": 0, "2016-03-31": "", "2015-12-31": 0, "2015-09-30": 0, "2015-06-30": 0, "2015-03-31": "", "2014-12-31": 0, "2014-09-30": 0, "2014-06-30": 0, "2014-03-31": "", "2013-12-31": 0, "2013-09-30": 0, "2013-06-30": 0, "2013-03-31": "", "2012-12-31": 0, "2012-09-30": 0, "2012-06-30": 0, "2012-03-31": "", "2011-12-31": 0, "2011-09-30": 0, "2011-06-30": 0, "2011-03-31": "", "2010-12-31": 0, "2010-09-30": 0, "2010-06-30": 0, "2010-03-31": "", "2009-12-31": 0, "2009-09-30": 0, "2009-06-30": 0, "2009-03-31": "", "2008-12-31": 0, "2008-09-30": 0, "2008-06-30": 0, "2008-03-31": "", "2007-12-31": 0, "2007-09-30": 0, "2007-06-30": 0, "2007-03-31": "", "2006-12-31": 0, "2006-09-30": 0, "2006-06-30": 0, "2006-03-31": "", "2005-12-31": 0, "2005-09-30": 0, "2005-06-30": 0, "2005-03-31": ""}, "Net Change In Short-term Investments": {"2020-12-31": -2.778, "2020-09-30": -0.228, "2020-06-30": -0.195, "2020-03-31": "3.20100", "2019-12-31": -0.195, "2019-09-30": -0.858, "2019-06-30": -0.194, "2019-03-31": "-0.88500", "2018-12-31": -0.141, "2018-09-30": -0.238, "2018-06-30": -0.205, "2018-03-31": "-0.31800", "2017-12-31": -0.218, "2017-09-30": -0.256, "2017-06-30": -0.234, "2017-03-31": "-0.96100", "2016-12-31": -0.232, "2016-09-30": -0.271, "2016-06-30": -0.22, "2016-03-31": "-0.43800", "2015-12-31": -667.577, "2015-09-30": -0.207, "2015-06-30": -0.241, "2015-03-31": "-0.88400", "2014-12-31": -0.238, "2014-09-30": -0.204, "2014-06-30": -0.239, "2014-03-31": "-1.09900", "2013-12-31": -0.225, "2013-09-30": -0.195, "2013-06-30": -0.22, "2013-03-31": "-0.91800", "2012-12-31": -0.193, "2012-09-30": -1.042, "2012-06-30": 0.844, "2012-03-31": "-0.84400", "2011-12-31": -0.198, "2011-09-30": -1.061, "2011-06-30": 0.695, "2011-03-31": "-0.69500", "2010-12-31": -0.139, "2010-09-30": 2.288, "2010-06-30": -2.554, "2010-03-31": "2.55400", "2009-12-31": 4.078, "2009-09-30": 0, "2009-06-30": 0, "2009-03-31": "", "2008-12-31": 14.697, "2008-09-30": 0, "2008-06-30": 0, "2008-03-31": "", "2007-12-31": -22.584, "2007-09-30": 0, "2007-06-30": 0, "2007-03-31": "", "2006-12-31": 0, "2006-09-30": 0, "2006-06-30": -282.764, "2006-03-31": "", "2005-12-31": 37.5, "2005-09-30": -12.5, "2005-06-30": -25, "2005-03-31": ""}, "Net Change In Long-Term Investments": {"2020-12-31": 0, "2020-09-30": 0, "2020-06-30": 0, "2020-03-31": "", "2019-12-31": 0, "2019-09-30": 0, "2019-06-30": 0, "2019-03-31": "", "2018-12-31": 0, "2018-09-30": 0, "2018-06-30": 0, "2018-03-31": "", "2017-12-31": 0, "2017-09-30": 0, "2017-06-30": 0, "2017-03-31": "", "2016-12-31": 0, "2016-09-30": 0, "2016-06-30": -104.696, "2016-03-31": "104.69600", "2015-12-31": 0, "2015-09-30": 0, "2015-06-30": 0, "2015-03-31": "", "2014-12-31": 0, "2014-09-30": 0, "2014-06-30": 0, "2014-03-31": "", "2013-12-31": 0, "2013-09-30": 0, "2013-06-30": 0, "2013-03-31": "", "2012-12-31": 0, "2012-09-30": 0, "2012-06-30": 0, "2012-03-31": "", "2011-12-31": 0, "2011-09-30": 267.5, "2011-06-30": 0, "2011-03-31": "", "2010-12-31": -267.5, "2010-09-30": 0, "2010-06-30": 0, "2010-03-31": "", "2009-12-31": 0, "2009-09-30": 0, "2009-06-30": 0, "2009-03-31": "", "2008-12-31": 0, "2008-09-30": 0, "2008-06-30": 0, "2008-03-31": "", "2007-12-31": 0, "2007-09-30": 0, "2007-06-30": 0, "2007-03-31": "", "2006-12-31": 0, "2006-09-30": 0, "2006-06-30": 0, "2006-03-31": "", "2005-12-31": 0, "2005-09-30": 0, "2005-06-30": 0, "2005-03-31": ""}, "Net Change In Investments - Total": {"2020-12-31": -2.778, "2020-09-30": -0.228, "2020-06-30": -0.195, "2020-03-31": "3.20100", "2019-12-31": -0.195, "2019-09-30": -0.858, "2019-06-30": -0.194, "2019-03-31": "-0.88500", "2018-12-31": -0.141, "2018-09-30": -0.238, "2018-06-30": -0.205, "2018-03-31": "-0.31800", "2017-12-31": -0.218, "2017-09-30": -0.256, "2017-06-30": -0.234, "2017-03-31": "-0.96100", "2016-12-31": -0.232, "2016-09-30": -0.271, "2016-06-30": -104.916, "2016-03-31": "104.25800", "2015-12-31": -667.577, "2015-09-30": -0.207, "2015-06-30": -0.241, "2015-03-31": "-0.88400", "2014-12-31": -0.238, "2014-09-30": -0.204, "2014-06-30": -0.239, "2014-03-31": "-1.09900", "2013-12-31": -0.225, "2013-09-30": -0.195, "2013-06-30": -0.22, "2013-03-31": "-0.91800", "2012-12-31": -0.193, "2012-09-30": -1.042, "2012-06-30": 0.844, "2012-03-31": "-0.84400", "2011-12-31": -0.198, "2011-09-30": 266.439, "2011-06-30": 0.695, "2011-03-31": "-0.69500", "2010-12-31": -267.639, "2010-09-30": 2.288, "2010-06-30": -2.554, "2010-03-31": "2.55400", "2009-12-31": 4.078, "2009-09-30": 0, "2009-06-30": 0, "2009-03-31": "", "2008-12-31": 14.697, "2008-09-30": 0, "2008-06-30": 0, "2008-03-31": "", "2007-12-31": -22.584, "2007-09-30": 0, "2007-06-30": 0, "2007-03-31": "", "2006-12-31": 0, "2006-09-30": 0, "2006-06-30": -282.764, "2006-03-31": "", "2005-12-31": 37.5, "2005-09-30": -12.5, "2005-06-30": -25, "2005-03-31": ""}, "Investing Activities - Other": {"2020-12-31": 113.051, "2020-09-30": -51.496, "2020-06-30": 28.442, "2020-03-31": "-89.99700", "2019-12-31": -18.349, "2019-09-30": -12.888, "2019-06-30": 81.927, "2019-03-31": "-26.99500", "2018-12-31": -64.712, "2018-09-30": -328.825, "2018-06-30": -16.427, "2018-03-31": "-48.82300", "2017-12-31": -19.141, "2017-09-30": 202.617, "2017-06-30": -23.511, "2017-03-31": "-17.98000", "2016-12-31": -83.41, "2016-09-30": -372.673, "2016-06-30": -33.838, "2016-03-31": "-9.72700", "2015-12-31": -215.894, "2015-09-30": 394.492, "2015-06-30": 122.477, "2015-03-31": "116.99900", "2014-12-31": -436.988, "2014-09-30": 0.284, "2014-06-30": -47.523, "2014-03-31": "0.11300", "2013-12-31": 2.795, "2013-09-30": 21.885, "2013-06-30": 293.07, "2013-03-31": "0.07100", "2012-12-31": 9.368, "2012-09-30": -13.959, "2012-06-30": 0.61, "2012-03-31": "-0.72500", "2011-12-31": 136.335, "2011-09-30": -0.287, "2011-06-30": -22.723, "2011-03-31": "8.76800", "2010-12-31": 288.872, "2010-09-30": -300.603, "2010-06-30": 2.42, "2010-03-31": "-36.09300", "2009-12-31": -3.753, "2009-09-30": -1.62, "2009-06-30": -0.916, "2009-03-31": "-1.54600", "2008-12-31": 270.265, "2008-09-30": -370.318, "2008-06-30": -611.82, "2008-03-31": "-42.52600", "2007-12-31": 1737.424, "2007-09-30": -10.582, "2007-06-30": 14.984, "2007-03-31": "-9.71700", "2006-12-31": 1130.313, "2006-09-30": 31.098, "2006-06-30": 0.424, "2006-03-31": "-7.29100", "2005-12-31": 753.029, "2005-09-30": -1.344, "2005-06-30": -3.699, "2005-03-31": "3.37600"}, "Cash Flow From Investing Activities": {"2020-12-31": 388.411, "2020-09-30": -267.889, "2020-06-30": -46.729, "2020-03-31": "-73.79300", "2019-12-31": -278.625, "2019-09-30": -408.514, "2019-06-30": -104.437, "2019-03-31": "-223.51500", "2018-12-31": -78.809, "2018-09-30": -534.266, "2018-06-30": -302.013, "2018-03-31": "-183.78800", "2017-12-31": -288.149, "2017-09-30": -46.217, "2017-06-30": -279.855, "2017-03-31": "-267.82300", "2016-12-31": -232.963, "2016-09-30": -678.792, "2016-06-30": -316.235, "2016-03-31": "-109.35700", "2015-12-31": -679.027, "2015-09-30": 219.636, "2015-06-30": 176.44, "2015-03-31": "2.72500", "2014-12-31": -176.868, "2014-09-30": -141.685, "2014-06-30": -199.499, "2014-03-31": "-147.07200", "2013-12-31": -79.195, "2013-09-30": -1.143, "2013-06-30": -19.311, "2013-03-31": "-432.99100", "2012-12-31": -257.92, "2012-09-30": -213.698, "2012-06-30": -46.304, "2012-03-31": "-760.11000", "2011-12-31": -59.694, "2011-09-30": 159.704, "2011-06-30": -69.077, "2011-03-31": "-121.02900", "2010-12-31": -385.568, "2010-09-30": -490.14, "2010-06-30": -132.62, "2010-03-31": "-152.94600", "2009-12-31": -118.316, "2009-09-30": -129.32, "2009-06-30": -106.051, "2009-03-31": "-92.91400", "2008-12-31": -104.238, "2008-09-30": -583.831, "2008-06-30": -721.561, "2008-03-31": "89.55100", "2007-12-31": -479.054, "2007-09-30": 176.078, "2007-06-30": -67.845, "2007-03-31": "945.47600", "2006-12-31": -261.92, "2006-09-30": 745.397, "2006-06-30": -174.511, "2006-03-31": "-79.21000", "2005-12-31": 168.536, "2005-09-30": -104.681, "2005-06-30": 350.943, "2005-03-31": "-58.19300"}, "Net Long-Term Debt": {"2020-12-31": -1235.33, "2020-09-30": -4.318, "2020-06-30": 1243.86, "2020-03-31": "-4.21200", "2019-12-31": -30.6629, "2019-09-30": -5.2411, "2019-06-30": 844.213, "2019-03-31": "-6.11500", "2018-12-31": 291.5829, "2018-09-30": -5.485, "2018-06-30": 496.144, "2018-03-31": "-5.33600", "2017-12-31": -3.878, "2017-09-30": -5.0971, "2017-06-30": 619.3801, "2017-03-31": "-5.06000", "2016-12-31": -4.3259, "2016-09-30": -108.039, "2016-06-30": -216.27, "2016-03-31": "990.81500", "2015-12-31": -35.02, "2015-09-30": -7.228, "2015-06-30": -5.885, "2015-03-31": "-7.02400", "2014-12-31": -553.744, "2014-09-30": -69.823, "2014-06-30": -5.577, "2014-03-31": "-661.15100", "2013-12-31": 16.4391, "2013-09-30": -16.885, "2013-06-30": 745.107, "2013-03-31": "-23.68700", "2012-12-31": -4.834, "2012-09-30": -253.439, "2012-06-30": 928.444, "2012-03-31": "-657.95300", "2011-12-31": 747.666, "2011-09-30": -2.4349, "2011-06-30": -6.556, "2011-03-31": "-8.77700", "2010-12-31": -331.6869, "2010-09-30": 2.157, "2010-06-30": 547.306, "2010-03-31": "-55.08700", "2009-12-31": 699.321, "2009-09-30": 39.9, "2009-06-30": -66.076, "2009-03-31": "9.06300", "2008-12-31": 377.943, "2008-09-30": 394.249, "2008-06-30": -225.124, "2008-03-31": "34.49300", "2007-12-31": -78.1181, "2007-09-30": -211.4959, "2007-06-30": -117.4991, "2007-03-31": "1067.43900", "2006-12-31": -132.491, "2006-09-30": -100.182, "2006-06-30": 428.063, "2006-03-31": "-111.64200", "2005-12-31": -153.712, "2005-09-30": 23.012, "2005-06-30": -112.35, "2005-03-31": "-0.88900"}, "Net Current Debt": {"2020-12-31": 0, "2020-09-30": 0, "2020-06-30": -250, "2020-03-31": "250.00000", "2019-12-31": 0, "2019-09-30": 0, "2019-06-30": 0, "2019-03-31": "", "2018-12-31": -170, "2018-09-30": 170, "2018-06-30": -115, "2018-03-31": "70.00000", "2017-12-31": 45, "2017-09-30": 0, "2017-06-30": -105, "2017-03-31": "105.00000", "2016-12-31": 0, "2016-09-30": 0, "2016-06-30": 0, "2016-03-31": "", "2015-12-31": 0, "2015-09-30": 0, "2015-06-30": 0, "2015-03-31": "", "2014-12-31": 0, "2014-09-30": 0, "2014-06-30": 0, "2014-03-31": "", "2013-12-31": 0, "2013-09-30": 0, "2013-06-30": 0, "2013-03-31": "", "2012-12-31": 0, "2012-09-30": 0, "2012-06-30": 0, "2012-03-31": "", "2011-12-31": 0, "2011-09-30": 0, "2011-06-30": 0, "2011-03-31": "", "2010-12-31": 0, "2010-09-30": 0, "2010-06-30": 0, "2010-03-31": "", "2009-12-31": 0, "2009-09-30": 0, "2009-06-30": -100, "2009-03-31": "-25.00000", "2008-12-31": -219, "2008-09-30": 119, "2008-06-30": 200, "2008-03-31": "", "2007-12-31": 0, "2007-09-30": 0, "2007-06-30": 0, "2007-03-31": "", "2006-12-31": 0, "2006-09-30": 0, "2006-06-30": -40, "2006-03-31": "-18.00000", "2005-12-31": 58, "2005-09-30": 0, "2005-06-30": 0, "2005-03-31": ""}, "Debt Issuance/Retirement Net - Total": {"2020-12-31": -1235.33, "2020-09-30": -4.318, "2020-06-30": 993.86, "2020-03-31": "245.78800", "2019-12-31": -30.6629, "2019-09-30": -5.2411, "2019-06-30": 844.213, "2019-03-31": "-6.11500", "2018-12-31": 121.5829, "2018-09-30": 164.515, "2018-06-30": 381.144, "2018-03-31": "64.66400", "2017-12-31": 41.122, "2017-09-30": -5.0971, "2017-06-30": 514.3801, "2017-03-31": "99.94000", "2016-12-31": -4.3259, "2016-09-30": -108.039, "2016-06-30": -216.27, "2016-03-31": "990.81500", "2015-12-31": -35.02, "2015-09-30": -7.228, "2015-06-30": -5.885, "2015-03-31": "-7.02400", "2014-12-31": -553.744, "2014-09-30": -69.823, "2014-06-30": -5.577, "2014-03-31": "-661.15100", "2013-12-31": 16.4391, "2013-09-30": -16.885, "2013-06-30": 745.107, "2013-03-31": "-23.68700", "2012-12-31": -4.834, "2012-09-30": -253.439, "2012-06-30": 928.444, "2012-03-31": "-657.95300", "2011-12-31": 747.666, "2011-09-30": -2.4349, "2011-06-30": -6.556, "2011-03-31": "-8.77700", "2010-12-31": -331.6869, "2010-09-30": 2.157, "2010-06-30": 547.306, "2010-03-31": "-55.08700", "2009-12-31": 699.321, "2009-09-30": 39.9, "2009-06-30": -166.076, "2009-03-31": "-15.93700", "2008-12-31": 158.943, "2008-09-30": 513.249, "2008-06-30": -25.124, "2008-03-31": "34.49300", "2007-12-31": -78.1181, "2007-09-30": -211.4959, "2007-06-30": -117.4991, "2007-03-31": "1067.43900", "2006-12-31": -132.491, "2006-09-30": -100.182, "2006-06-30": 388.063, "2006-03-31": "-129.64200", "2005-12-31": -95.712, "2005-09-30": 23.012, "2005-06-30": -112.35, "2005-03-31": "-0.88900"}, "Net Common Equity Issued/Repurchased": {"2020-12-31": -3.276, "2020-09-30": 0.093, "2020-06-30": -0.166, "2020-03-31": "3.34900", "2019-12-31": 11.148, "2019-09-30": 0.301, "2019-06-30": 0.469, "2019-03-31": "1.79200", "2018-12-31": -0.397, "2018-09-30": 0.351, "2018-06-30": 0.039, "2018-03-31": "-0.72300", "2017-12-31": 0, "2017-09-30": 0.422, "2017-06-30": 0.002, "2017-03-31": "-0.18300", "2016-12-31": -0.001, "2016-09-30": 0.396, "2016-06-30": -0.009, "2016-03-31": "-0.65700", "2015-12-31": 0, "2015-09-30": 0.467, "2015-06-30": 0.477, "2015-03-31": "-0.14500", "2014-12-31": 0.393, "2014-09-30": 0.368, "2014-06-30": 1.689, "2014-03-31": "-0.52700", "2013-12-31": 0.014, "2013-09-30": 0.346, "2013-06-30": -0.135, "2013-03-31": "-0.55900", "2012-12-31": -0.149, "2012-09-30": -0.757, "2012-06-30": 138.216, "2012-03-31": "109.94300", "2011-12-31": 0.113, "2011-09-30": 45.067, "2011-06-30": 55.027, "2011-03-31": "348.49700", "2010-12-31": 0.66, "2010-09-30": 15.879, "2010-06-30": 5.205, "2010-03-31": "0.84900", "2009-12-31": -846.827, "2009-09-30": 3.226, "2009-06-30": 843.08, "2009-03-31": "0.52100", "2008-12-31": 0.731, "2008-09-30": 0.495, "2008-06-30": 0.302, "2008-03-31": "-1.52800", "2007-12-31": -14.521, "2007-09-30": 0.995, "2007-06-30": 0.645, "2007-03-31": "12.88100", "2006-12-31": -38.079, "2006-09-30": 5.24, "2006-06-30": 30.307, "2006-03-31": "2.53200", "2005-12-31": -45.799, "2005-09-30": 17.125, "2005-06-30": 25.952, "2005-03-31": "0.87600"}, "Net Total Equity Issued/Repurchased": {"2020-12-31": -3.276, "2020-09-30": 0.093, "2020-06-30": -0.166, "2020-03-31": "3.34900", "2019-12-31": 11.148, "2019-09-30": 0.301, "2019-06-30": 0.469, "2019-03-31": "1.79200", "2018-12-31": -0.397, "2018-09-30": 0.351, "2018-06-30": 0.039, "2018-03-31": "-0.72300", "2017-12-31": 0, "2017-09-30": 0.422, "2017-06-30": 0.002, "2017-03-31": "-0.18300", "2016-12-31": -0.001, "2016-09-30": 0.396, "2016-06-30": -0.009, "2016-03-31": "-0.65700", "2015-12-31": 0, "2015-09-30": 0.467, "2015-06-30": -0.156, "2015-03-31": "-0.14500", "2014-12-31": -0.996, "2014-09-30": -15.616, "2014-06-30": 1.689, "2014-03-31": "-0.52700", "2013-12-31": 0.014, "2013-09-30": -43.021, "2013-06-30": -0.586, "2013-03-31": "193.81200", "2012-12-31": -0.149, "2012-09-30": -19.086, "2012-06-30": 138.216, "2012-03-31": "109.94300", "2011-12-31": 0.113, "2011-09-30": 45.067, "2011-06-30": 55.027, "2011-03-31": "348.49700", "2010-12-31": 0.66, "2010-09-30": 15.879, "2010-06-30": 5.205, "2010-03-31": "0.84900", "2009-12-31": -846.827, "2009-09-30": 3.226, "2009-06-30": 843.08, "2009-03-31": "0.52100", "2008-12-31": 0.731, "2008-09-30": 0.495, "2008-06-30": 0.302, "2008-03-31": "-1.52800", "2007-12-31": -14.521, "2007-09-30": 0.995, "2007-06-30": 0.645, "2007-03-31": "12.88100", "2006-12-31": -38.079, "2006-09-30": 5.24, "2006-06-30": 30.307, "2006-03-31": "2.53200", "2005-12-31": -45.799, "2005-09-30": 17.125, "2005-06-30": 25.952, "2005-03-31": "0.87600"}, "Total Common And Preferred Stock Dividends Paid": {"2020-12-31": 516.572, "2020-09-30": -172.333, "2020-06-30": -172.275, "2020-03-31": "-171.96400", "2019-12-31": -166.667, "2019-09-30": -166.666, "2019-06-30": -166.599, "2019-03-31": "-166.36200", "2018-12-31": -166.364, "2018-09-30": -140.51, "2018-06-30": -140.466, "2018-03-31": "-140.28800", "2017-12-31": -131.678, "2017-09-30": -131.679, "2017-06-30": -131.666, "2017-03-31": "-131.55500", "2016-12-31": -114.364, "2016-09-30": -114.361, "2016-06-30": -114.334, "2016-03-31": "-328.56700", "2015-12-31": -114.18, "2015-09-30": -114.179, "2015-06-30": -114.156, "2015-03-31": "-883.68400", "2014-12-31": -113.95, "2014-09-30": -113.702, "2014-06-30": -116.282, "2014-03-31": "-496.33000", "2013-12-31": -113.678, "2013-09-30": -113.989, "2013-06-30": -112.511, "2013-03-31": "-110.94000", "2012-12-31": -93.905, "2012-09-30": -93.725, "2012-06-30": -92.957, "2012-03-31": "-92.31200", "2011-12-31": -83.996, "2011-09-30": -83.771, "2011-06-30": -83.388, "2011-03-31": "-81.44200", "2010-12-31": -81.433, "2010-09-30": -81.208, "2010-06-30": -81.094, "2010-03-31": "-80.95100", "2009-12-31": -77.396, "2009-09-30": -84.24, "2009-06-30": -98.04, "2009-03-31": "-97.65200", "2008-12-31": -82.861, "2008-09-30": -111.022, "2008-06-30": -105.494, "2008-03-31": "-936.39000", "2007-12-31": -96.339, "2007-09-30": -96.262, "2007-06-30": -105.369, "2007-03-31": "-845.50000", "2006-12-31": -95.578, "2006-09-30": -94.599, "2006-06-30": -94.665, "2006-03-31": "-106.77100", "2005-12-31": -435.418, "2005-09-30": -94.104, "2005-06-30": -89.464, "2005-03-31": "-89.42900"}, "Financial Activities - Other": {"2020-12-31": 43.143, "2020-09-30": -10.57, "2020-06-30": -20.688, "2020-03-31": "-11.88500", "2019-12-31": -9.445, "2019-09-30": -32.227, "2019-06-30": -201.39, "2019-03-31": "-19.92700", "2018-12-31": -40.224, "2018-09-30": -3.147, "2018-06-30": -1.841, "2018-03-31": "-15.88300", "2017-12-31": -19.774, "2017-09-30": -0.531, "2017-06-30": -42.221, "2017-03-31": "-6.13600", "2016-12-31": -12.134, "2016-09-30": -19.559, "2016-06-30": -13.957, "2016-03-31": "-19.25400", "2015-12-31": -25.595, "2015-09-30": -220.242, "2015-06-30": -19.518, "2015-03-31": "-12.00100", "2014-12-31": 1536.097, "2014-09-30": -9.77, "2014-06-30": -8.112, "2014-03-31": "-4.69300", "2013-12-31": 672.777, "2013-09-30": -8.001, "2013-06-30": -10.753, "2013-03-31": "3.77500", "2012-12-31": -3.692, "2012-09-30": -1.44, "2012-06-30": -8.417, "2012-03-31": "-0.84100", "2011-12-31": -7.374, "2011-09-30": 11.117, "2011-06-30": -20.544, "2011-03-31": "-1.17600", "2010-12-31": -36.137, "2010-09-30": -2.412, "2010-06-30": -6.151, "2010-03-31": "-0.50000", "2009-12-31": 840.585, "2009-09-30": 2.316, "2009-06-30": -4.258, "2009-03-31": "-1.87500", "2008-12-31": 13.71, "2008-09-30": 9.898, "2008-06-30": 21.982, "2008-03-31": "-2.02700", "2007-12-31": 102.224, "2007-09-30": -1.702, "2007-06-30": -27.63, "2007-03-31": "-14.92400", "2006-12-31": 59.888, "2006-09-30": -3.553, "2006-06-30": 15.253, "2006-03-31": "0.83400", "2005-12-31": 51.736, "2005-09-30": 2.346, "2005-06-30": 1.465, "2005-03-31": "33.95100"}, "Cash Flow From Financial Activities": {"2020-12-31": -678.891, "2020-09-30": -187.128, "2020-06-30": 800.731, "2020-03-31": "65.28800", "2019-12-31": -195.627, "2019-09-30": -203.833, "2019-06-30": 476.693, "2019-03-31": "-190.61200", "2018-12-31": -85.402, "2018-09-30": 21.209, "2018-06-30": 238.876, "2018-03-31": "-92.23000", "2017-12-31": -110.33, "2017-09-30": -136.885, "2017-06-30": 340.495, "2017-03-31": "-37.93400", "2016-12-31": -130.825, "2016-09-30": -241.563, "2016-06-30": -344.57, "2016-03-31": "642.33700", "2015-12-31": -174.795, "2015-09-30": -341.182, "2015-06-30": -139.715, "2015-03-31": "-902.85400", "2014-12-31": 867.407, "2014-09-30": -208.911, "2014-06-30": -128.282, "2014-03-31": "-1162.70100", "2013-12-31": 575.552, "2013-09-30": -181.896, "2013-06-30": 621.257, "2013-03-31": "62.96000", "2012-12-31": -102.58, "2012-09-30": -367.69, "2012-06-30": 965.286, "2012-03-31": "-641.16300", "2011-12-31": 656.409, "2011-09-30": -30.022, "2011-06-30": -55.461, "2011-03-31": "257.10200", "2010-12-31": -448.597, "2010-09-30": -65.584, "2010-06-30": 465.266, "2010-03-31": "-135.68900", "2009-12-31": 615.683, "2009-09-30": -38.798, "2009-06-30": 574.706, "2009-03-31": "-114.94300", "2008-12-31": 90.523, "2008-09-30": 412.62, "2008-06-30": -108.334, "2008-03-31": "-905.45200", "2007-12-31": -86.754, "2007-09-30": -308.465, "2007-06-30": -249.853, "2007-03-31": "219.89600", "2006-12-31": -206.26, "2006-09-30": -193.094, "2006-06-30": 338.958, "2006-03-31": "-233.04700", "2005-12-31": -525.193, "2005-09-30": -51.621, "2005-06-30": -174.397, "2005-03-31": "-55.49100"}, "Net Cash Flow": {"2020-12-31": -1072.903, "2020-09-30": -226.866, "2020-06-30": 1133.077, "2020-03-31": "166.69200", "2019-12-31": -112.879, "2019-09-30": -358.159, "2019-06-30": 730.626, "2019-03-31": "-206.89300", "2018-12-31": 215.407, "2018-09-30": -303.276, "2018-06-30": 271.931, "2018-03-31": "-50.24000", "2017-12-31": -71.465, "2017-09-30": 37.054, "2017-06-30": 185.597, "2017-03-31": "-65.90500", "2016-12-31": -73.025, "2016-09-30": -760.721, "2016-06-30": -425.634, "2016-03-31": "881.96000", "2015-12-31": -663.289, "2015-09-30": 44.256, "2015-06-30": 278.355, "2015-03-31": "-698.68300", "2014-12-31": 916.415, "2014-09-30": -189.912, "2014-06-30": -142.997, "2014-03-31": "-1185.56400", "2013-12-31": 723.862, "2013-09-30": 32.544, "2013-06-30": 699.355, "2013-03-31": "-132.60200", "2012-12-31": -181.237, "2012-09-30": -448.782, "2012-06-30": 1080.801, "2012-03-31": "-1232.01200", "2011-12-31": 760.184, "2011-09-30": 282.44, "2011-06-30": 33.279, "2011-03-31": "268.35700", "2010-12-31": -791.126, "2010-09-30": -433.374, "2010-06-30": 483.056, "2010-03-31": "-228.54100", "2009-12-31": 666.827, "2009-09-30": -37.139, "2009-06-30": 675.456, "2009-03-31": "-97.72100", "2008-12-31": 185.913, "2008-09-30": -56.513, "2008-06-30": -682.533, "2008-03-31": "-712.27800", "2007-12-31": -387.277, "2007-09-30": 8.88, "2007-06-30": -131.018, "2007-03-31": "1290.54800", "2006-12-31": -323.238, "2006-09-30": 678.63, "2006-06-30": 338.182, "2006-03-31": "-229.28200", "2005-12-31": -189.081, "2005-09-30": -56.605, "2005-06-30": 297.875, "2005-03-31": "-30.03700"}, "Stock-Based Compensation": {"2020-12-31": -36.152, "2020-09-30": 8.253, "2020-06-30": 10.374, "2020-03-31": "17.52500", "2019-12-31": 7.705, "2019-09-30": 7.809, "2019-06-30": 10.394, "2019-03-31": "15.05000", "2018-12-31": 8.417, "2018-09-30": 8.457, "2018-06-30": 8.471, "2018-03-31": "14.77200", "2017-12-31": 8.101, "2017-09-30": 8.023, "2017-06-30": 8.435, "2017-03-31": "10.80200", "2016-12-31": 7.621, "2016-09-30": 7.643, "2016-06-30": 7.578, "2016-03-31": "10.06900", "2015-12-31": 6.358, "2015-09-30": 6.345, "2015-06-30": 5.469, "2015-03-31": "11.01100", "2014-12-31": 5.391, "2014-09-30": 5.809, "2014-06-30": 6.519, "2014-03-31": "10.38000", "2013-12-31": 6.154, "2013-09-30": 6.537, "2013-06-30": 6.681, "2013-03-31": "25.78300", "2012-12-31": 4.82, "2012-09-30": 6.746, "2012-06-30": 6.755, "2012-03-31": "11.35800", "2011-12-31": 5.97, "2011-09-30": 5.937, "2011-06-30": 5.909, "2011-03-31": "11.85600", "2010-12-31": 6.127, "2010-09-30": 6.38, "2010-06-30": 6.334, "2010-03-31": "14.01100", "2009-12-31": 6.5, "2009-09-30": 6.483, "2009-06-30": 6.559, "2009-03-31": "7.09400", "2008-12-31": 5.572, "2008-09-30": 6.47, "2008-06-30": 5.631, "2008-03-31": "5.43300", "2007-12-31": 3.04, "2007-09-30": 3.047, "2007-06-30": 3.057, "2007-03-31": "3.21400", "2006-12-31": 2.097, "2006-09-30": 1.95, "2006-06-30": 1.983, "2006-03-31": "2.54800", "2005-12-31": 1.749, "2005-09-30": 1.548, "2005-06-30": 1.787, "2005-03-31": "2.30500"}, "Common Stock Dividends Paid": {"2020-12-31": 516.572, "2020-09-30": -172.333, "2020-06-30": -172.275, "2020-03-31": "-171.96400", "2019-12-31": -166.667, "2019-09-30": -166.666, "2019-06-30": -166.599, "2019-03-31": "-166.36200", "2018-12-31": -166.364, "2018-09-30": -140.51, "2018-06-30": -140.466, "2018-03-31": "-140.28800", "2017-12-31": -131.678, "2017-09-30": -131.679, "2017-06-30": -131.666, "2017-03-31": "-131.55500", "2016-12-31": -114.364, "2016-09-30": -114.361, "2016-06-30": -114.334, "2016-03-31": "-328.56700", "2015-12-31": -114.18, "2015-09-30": -114.179, "2015-06-30": -114.156, "2015-03-31": "-883.68400", "2014-12-31": -113.95, "2014-09-30": -113.702, "2014-06-30": -116.282, "2014-03-31": "-496.33000", "2013-12-31": -113.678, "2013-09-30": -113.989, "2013-06-30": -112.511, "2013-03-31": "-110.94000", "2012-12-31": -93.905, "2012-09-30": -93.725, "2012-06-30": -92.957, "2012-03-31": "-92.31200", "2011-12-31": -83.996, "2011-09-30": -83.771, "2011-06-30": -83.388, "2011-03-31": "-81.44200", "2010-12-31": -81.433, "2010-09-30": -81.208, "2010-06-30": -81.094, "2010-03-31": "-80.95100", "2009-12-31": -77.396, "2009-09-30": -84.24, "2009-06-30": -98.04, "2009-03-31": "-97.65200", "2008-12-31": -82.861, "2008-09-30": -111.022, "2008-06-30": -105.494, "2008-03-31": "-936.39000", "2007-12-31": -96.339, "2007-09-30": -96.262, "2007-06-30": -105.369, "2007-03-31": "-845.50000", "2006-12-31": -95.578, "2006-09-30": -94.599, "2006-06-30": -94.665, "2006-03-31": "-106.77100", "2005-12-31": -435.418, "2005-09-30": -94.104, "2005-06-30": -89.464, "2005-03-31": "-89.42900"}}, "financial ratios": {"Current Ratio": {"2019-12-31": "", "2018-12-31": "", "2017-12-31": "", "2016-12-31": "", "2015-12-31": "", "2014-12-31": "", "2013-12-31": "", "2012-12-31": "", "2011-12-31": "", "2010-12-31": "", "2009-12-31": "", "2008-12-31": "", "2007-12-31": "", "2006-12-31": "", "2005-12-31": ""}, "Long-term Debt / Capital": {"2019-12-31": "0.60030", "2018-12-31": "0.57270", "2017-12-31": "0.55900", "2016-12-31": "0.54800", "2015-12-31": "0.53320", "2014-12-31": "0.55630", "2013-12-31": "0.61690", "2012-12-31": "0.61270", "2011-12-31": "0.61650", "2010-12-31": "0.61070", "2009-12-31": "0.57000", "2008-12-31": "0.58860", "2007-12-31": "0.59950", "2006-12-31": "0.58800", "2005-12-31": "0.62330"}, "Debt/Equity Ratio": {"2019-12-31": "1.50180", "2018-12-31": "1.34010", "2017-12-31": "1.26770", "2016-12-31": "1.23500", "2015-12-31": "1.16500", "2014-12-31": "1.27640", "2013-12-31": "1.63570", "2012-12-31": "1.58170", "2011-12-31": "1.60790", "2010-12-31": "1.56840", "2009-12-31": "1.32560", "2008-12-31": "1.43060", "2007-12-31": "1.49700", "2006-12-31": "1.42740", "2005-12-31": "1.65430"}, "Gross Margin": {"2019-12-31": "", "2018-12-31": "", "2017-12-31": "", "2016-12-31": "", "2015-12-31": "", "2014-12-31": "", "2013-12-31": "", "2012-12-31": "", "2011-12-31": "", "2010-12-31": "", "2009-12-31": "", "2008-12-31": "", "2007-12-31": "", "2006-12-31": "", "2005-12-31": ""}, "Operating Margin": {"2019-12-31": "34.50690", "2018-12-31": "33.62750", "2017-12-31": "34.89940", "2016-12-31": "32.37330", "2015-12-31": "34.09980", "2014-12-31": "33.45110", "2013-12-31": "31.75400", "2012-12-31": "34.66470", "2011-12-31": "35.12700", "2010-12-31": "39.46530", "2009-12-31": "16.08410", "2008-12-31": "18.03730", "2007-12-31": "22.69290", "2006-12-31": "20.78230", "2005-12-31": "20.84800"}, "EBIT Margin": {"2019-12-31": "34.50690", "2018-12-31": "33.62750", "2017-12-31": "34.89940", "2016-12-31": "32.37330", "2015-12-31": "34.09980", "2014-12-31": "33.45110", "2013-12-31": "31.75400", "2012-12-31": "34.66470", "2011-12-31": "35.12700", "2010-12-31": "39.46530", "2009-12-31": "16.08410", "2008-12-31": "18.03730", "2007-12-31": "22.69290", "2006-12-31": "20.78230", "2005-12-31": "20.84800"}, "EBITDA Margin": {"2019-12-31": "57.48150", "2018-12-31": "57.39020", "2017-12-31": "58.63230", "2016-12-31": "59.59600", "2015-12-31": "59.77580", "2014-12-31": "59.67440", "2013-12-31": "58.22970", "2012-12-31": "59.24500", "2011-12-31": "60.61960", "2010-12-31": "61.39030", "2009-12-31": "37.27260", "2008-12-31": "38.73540", "2007-12-31": "42.18830", "2006-12-31": "40.30500", "2005-12-31": "40.20210"}, "Pre-Tax Profit Margin": {"2019-12-31": "22.02280", "2018-12-31": "26.22540", "2017-12-31": "21.61660", "2016-12-31": "22.34490", "2015-12-31": "32.11460", "2014-12-31": "21.94650", "2013-12-31": "32.94940", "2012-12-31": "15.45360", "2011-12-31": "17.58480", "2010-12-31": "12.06180", "2009-12-31": "17.30610", "2008-12-31": "6.62720", "2007-12-31": "86.79740", "2006-12-31": "65.28640", "2005-12-31": "32.18050"}, "Net Profit Margin": {"2019-12-31": "17.26140", "2018-12-31": "21.06480", "2017-12-31": "17.36840", "2016-12-31": "19.69110", "2015-12-31": "22.98870", "2014-12-31": "18.06890", "2013-12-31": "34.73380", "2012-12-31": "15.68060", "2011-12-31": "15.82770", "2010-12-31": "10.30720", "2009-12-31": "15.21640", "2008-12-31": "7.16390", "2007-12-31": "88.38400", "2006-12-31": "61.62660", "2005-12-31": "31.69450"}, "Asset Turnover": {"2019-12-31": "0.13910", "2018-12-31": "0.13410", "2017-12-31": "0.13430", "2016-12-31": "0.13530", "2015-12-31": "0.13570", "2014-12-31": "0.12050", "2013-12-31": "0.10580", "2012-12-31": "0.11950", "2011-12-31": "0.11650", "2010-12-31": "0.11560", "2009-12-31": "0.12290", "2008-12-31": "0.13460", "2007-12-31": "0.13240", "2006-12-31": "0.14620", "2005-12-31": "0.15530"}, "Inventory Turnover Ratio": {"2019-12-31": "", "2018-12-31": "", "2017-12-31": "", "2016-12-31": "", "2015-12-31": "", "2014-12-31": "", "2013-12-31": "", "2012-12-31": "", "2011-12-31": "", "2010-12-31": "", "2009-12-31": "", "2008-12-31": "", "2007-12-31": "", "2006-12-31": "", "2005-12-31": ""}, "Receiveable Turnover": {"2019-12-31": "", "2018-12-31": "", "2017-12-31": "", "2016-12-31": "", "2015-12-31": "", "2014-12-31": "", "2013-12-31": "", "2012-12-31": "", "2011-12-31": "", "2010-12-31": "", "2009-12-31": "", "2008-12-31": "", "2007-12-31": "", "2006-12-31": "", "2005-12-31": ""}, "Days Sales In Receivables": {"2019-12-31": "", "2018-12-31": "", "2017-12-31": "", "2016-12-31": "", "2015-12-31": "", "2014-12-31": "", "2013-12-31": "", "2012-12-31": "", "2011-12-31": "", "2010-12-31": "", "2009-12-31": "", "2008-12-31": "", "2007-12-31": "", "2006-12-31": "", "2005-12-31": ""}, "ROE - Return On Equity": {"2019-12-31": "8.34370", "2018-12-31": "8.89150", "2017-12-31": "7.11780", "2016-12-31": "7.37170", "2015-12-31": "10.40620", "2014-12-31": "6.82930", "2013-12-31": "10.28180", "2012-12-31": "5.06590", "2011-12-31": "5.59620", "2010-12-31": "3.74990", "2009-12-31": "5.18320", "2008-12-31": "2.28650", "2007-12-31": "35.06810", "2006-12-31": "26.60470", "2005-12-31": "13.00950"}, "Return On Tangible Equity": {"2019-12-31": "8.13550", "2018-12-31": "8.67500", "2017-12-31": "6.94210", "2016-12-31": "7.18590", "2015-12-31": "10.14230", "2014-12-31": "6.65650", "2013-12-31": "9.98990", "2012-12-31": "5.06590", "2011-12-31": "5.59620", "2010-12-31": "3.74990", "2009-12-31": "5.18320", "2008-12-31": "2.28650", "2007-12-31": "35.06810", "2006-12-31": "26.60470", "2005-12-31": "13.00950"}, "ROA - Return On Assets": {"2019-12-31": "3.06320", "2018-12-31": "3.51770", "2017-12-31": "2.90350", "2016-12-31": "3.02350", "2015-12-31": "4.35890", "2014-12-31": "2.64530", "2013-12-31": "3.48750", "2012-12-31": "1.84610", "2011-12-31": "2.04930", "2010-12-31": "1.39460", "2009-12-31": "2.12770", "2008-12-31": "0.89200", "2007-12-31": "11.49500", "2006-12-31": "8.84510", "2005-12-31": "4.26330"}, "ROI - Return On Investment": {"2019-12-31": "3.25190", "2018-12-31": "3.70710", "2017-12-31": "3.06130", "2016-12-31": "3.24810", "2015-12-31": "4.73450", "2014-12-31": "2.95370", "2013-12-31": "3.82730", "2012-12-31": "1.96230", "2011-12-31": "2.14590", "2010-12-31": "1.46000", "2009-12-31": "2.22870", "2008-12-31": "0.94070", "2007-12-31": "14.04420", "2006-12-31": "10.96000", "2005-12-31": "4.90120"}, "Book Value Per Share": {"2019-12-31": "51.77490", "2018-12-31": "53.17930", "2017-12-31": "52.50260", "2016-12-31": "51.57630", "2015-12-31": "51.35390", "2014-12-31": "51.61470", "2013-12-31": "46.04180", "2012-12-31": "37.16900", "2011-12-31": "36.55110", "2010-12-31": "35.40820", "2009-12-31": "36.49960", "2008-12-31": "35.14660", "2007-12-31": "30.70100", "2006-12-31": "27.43100", "2005-12-31": "25.92230"}, "Operating Cash Flow Per Share": {"2019-12-31": 0.19, "2018-12-31": 1.5292, "2017-12-31": -0.8118, "2016-12-31": 1.5226, "2015-12-31": 0.6592, "2014-12-31": -0.5635, "2013-12-31": 0.8344, "2012-12-31": 0.1194, "2011-12-31": 1.4628, "2010-12-31": -2.0105, "2009-12-31": 0.0339, "2008-12-31": -0.5693, "2007-12-31": 0.7201, "2006-12-31": 0.3511, "2005-12-31": 4.1586}, "Free Cash Flow Per Share": {"2019-12-31": -2.3709, "2018-12-31": 4.0188, "2017-12-31": -2.0009, "2016-12-31": -3.7192, "2015-12-31": 1.6373, "2014-12-31": 3.8333, "2013-12-31": 3.7091, "2012-12-31": -5.0492, "2011-12-31": 4.2635, "2010-12-31": -4.7159, "2009-12-31": 1.4513, "2008-12-31": 4.0422, "2007-12-31": -3.1923, "2006-12-31": -1.6565, "2005-12-31": 0.6824}}, "financial ratios, quarterly": {"Current Ratio": {"2020-09-30": "", "2020-06-30": "", "2020-03-31": "", "2019-12-31": "", "2019-09-30": "", "2019-06-30": "", "2019-03-31": "", "2018-12-31": "", "2018-09-30": "", "2018-06-30": "", "2018-03-31": "", "2017-12-31": "", "2017-09-30": "", "2017-06-30": "", "2017-03-31": "", "2016-12-31": "", "2016-09-30": "", "2016-06-30": "", "2016-03-31": "", "2015-12-31": "", "2015-09-30": "", "2015-06-30": "", "2015-03-31": "", "2014-12-31": "", "2014-09-30": "", "2014-06-30": "", "2014-03-31": "", "2013-12-31": "", "2013-09-30": "", "2013-06-30": "", "2013-03-31": "", "2012-12-31": "", "2012-09-30": "", "2012-06-30": "", "2012-03-31": "", "2011-12-31": "", "2011-09-30": "", "2011-06-30": "", "2011-03-31": "", "2010-12-31": "", "2010-09-30": "", "2010-06-30": "", "2010-03-31": "", "2009-12-31": "", "2009-09-30": "", "2009-06-30": "", "2009-03-31": "", "2008-12-31": "", "2008-09-30": "", "2008-06-30": "", "2008-03-31": "", "2007-12-31": "", "2007-09-30": "", "2007-06-30": "", "2007-03-31": "", "2006-12-31": "", "2006-09-30": "", "2006-06-30": "", "2006-03-31": "", "2005-12-31": "", "2005-09-30": "", "2005-06-30": "", "2005-03-31": ""}, "Long-term Debt / Capital": {"2020-09-30": "0.60990", "2020-06-30": "0.60840", "2020-03-31": "0.59340", "2019-12-31": "0.60030", "2019-09-30": "0.60130", "2019-06-30": "0.59980", "2019-03-31": "0.57770", "2018-12-31": "0.57270", "2018-09-30": "0.57030", "2018-06-30": "0.56620", "2018-03-31": "0.55820", "2017-12-31": "0.55900", "2017-09-30": "0.55820", "2017-06-30": "0.55910", "2017-03-31": "0.55060", "2016-12-31": "0.54800", "2016-09-30": "0.55060", "2016-06-30": "0.55260", "2016-03-31": "0.55720", "2015-12-31": "0.53320", "2015-09-30": "0.54680", "2015-06-30": "0.55260", "2015-03-31": "0.55280", "2014-12-31": "0.55630", "2014-09-30": "0.59780", "2014-06-30": "0.60090", "2014-03-31": "0.60170", "2013-12-31": "0.61690", "2013-09-30": "0.62740", "2013-06-30": "0.62970", "2013-03-31": "0.60450", "2012-12-31": "0.61270", "2012-09-30": "0.60340", "2012-06-30": "0.60920", "2012-03-31": "0.59050", "2011-12-31": "0.61650", "2011-09-30": "0.59620", "2011-06-30": "0.59810", "2011-03-31": "0.60010", "2010-12-31": "0.61070", "2010-09-30": "0.59190", "2010-06-30": "0.58780", "2010-03-31": "0.56850", "2009-12-31": "0.57000", "2009-09-30": "0.54200", "2009-06-30": "0.54030", "2009-03-31": "0.59150", "2008-12-31": "0.58860", "2008-09-30": "0.62640", "2008-06-30": "0.59810", "2008-03-31": "0.60140", "2007-12-31": "0.59950", "2007-09-30": "0.55440", "2007-06-30": "0.57440", "2007-03-31": "0.58090", "2006-12-31": "0.58800", "2006-09-30": "0.55360", "2006-06-30": "0.57520", "2006-03-31": "0.61510", "2005-12-31": "0.62330", "2005-09-30": "0.63450", "2005-06-30": "0.61540", "2005-03-31": "0.63090"}, "Debt/Equity Ratio": {"2020-09-30": "1.56340", "2020-06-30": "1.55360", "2020-03-31": "1.45930", "2019-12-31": "1.50180", "2019-09-30": "1.50830", "2019-06-30": "1.49850", "2019-03-31": "1.36820", "2018-12-31": "1.34010", "2018-09-30": "1.32700", "2018-06-30": "1.30540", "2018-03-31": "1.26330", "2017-12-31": "1.26770", "2017-09-30": "1.26360", "2017-06-30": "1.26800", "2017-03-31": "1.24800", "2016-12-31": "1.23500", "2016-09-30": "1.24810", "2016-06-30": "1.25780", "2016-03-31": "1.28130", "2015-12-31": "1.16500", "2015-09-30": "1.22910", "2015-06-30": "1.25770", "2015-03-31": "1.25850", "2014-12-31": "1.27640", "2014-09-30": "1.51200", "2014-06-30": "1.53100", "2014-03-31": "1.53620", "2013-12-31": "1.63570", "2013-09-30": "1.71090", "2013-06-30": "1.72720", "2013-03-31": "1.52820", "2012-12-31": "1.58170", "2012-09-30": "1.52150", "2012-06-30": "1.55920", "2012-03-31": "1.44220", "2011-12-31": "1.60790", "2011-09-30": "1.47660", "2011-06-30": "1.48820", "2011-03-31": "1.50060", "2010-12-31": "1.56840", "2010-09-30": "1.45020", "2010-06-30": "1.42620", "2010-03-31": "1.31770", "2009-12-31": "1.32560", "2009-09-30": "1.18360", "2009-06-30": "1.17510", "2009-03-31": "1.44800", "2008-12-31": "1.43060", "2008-09-30": "1.67670", "2008-06-30": "1.48830", "2008-03-31": "1.50850", "2007-12-31": "1.49700", "2007-09-30": "1.24410", "2007-06-30": "1.34980", "2007-03-31": "1.38630", "2006-12-31": "1.42740", "2006-09-30": "1.24020", "2006-06-30": "1.35410", "2006-03-31": "1.59830", "2005-12-31": "1.65430", "2005-09-30": "1.73620", "2005-06-30": "1.60000", "2005-03-31": "1.70940"}, "Gross Margin": {"2020-09-30": "", "2020-06-30": "", "2020-03-31": "", "2019-12-31": "", "2019-09-30": "", "2019-06-30": "", "2019-03-31": "", "2018-12-31": "", "2018-09-30": "", "2018-06-30": "", "2018-03-31": "", "2017-12-31": "", "2017-09-30": "", "2017-06-30": "", "2017-03-31": "", "2016-12-31": "", "2016-09-30": "", "2016-06-30": "", "2016-03-31": "", "2015-12-31": "", "2015-09-30": "", "2015-06-30": "", "2015-03-31": "", "2014-12-31": "", "2014-09-30": "", "2014-06-30": "", "2014-03-31": "", "2013-12-31": "", "2013-09-30": "", "2013-06-30": "", "2013-03-31": "", "2012-12-31": "", "2012-09-30": "", "2012-06-30": "", "2012-03-31": "", "2011-12-31": "", "2011-09-30": "", "2011-06-30": "", "2011-03-31": "", "2010-12-31": "", "2010-09-30": "", "2010-06-30": "", "2010-03-31": "", "2009-12-31": "", "2009-09-30": "", "2009-06-30": "", "2009-03-31": "", "2008-12-31": "", "2008-09-30": "", "2008-06-30": "", "2008-03-31": "", "2007-12-31": "", "2007-09-30": "", "2007-06-30": "", "2007-03-31": "", "2006-12-31": "", "2006-09-30": "", "2006-06-30": "", "2006-03-31": "", "2005-12-31": "", "2005-09-30": "", "2005-06-30": "", "2005-03-31": ""}, "Operating Margin": {"2020-09-30": "33.79960", "2020-06-30": "29.66920", "2020-03-31": "22.56020", "2019-12-31": "49.61720", "2019-09-30": "36.20870", "2019-06-30": "34.26110", "2019-03-31": "17.24090", "2018-12-31": "33.54500", "2018-09-30": "34.73260", "2018-06-30": "34.70720", "2018-03-31": "31.48330", "2017-12-31": "35.02080", "2017-09-30": "35.53670", "2017-06-30": "36.33540", "2017-03-31": "32.61880", "2016-12-31": "31.39670", "2016-09-30": "25.20760", "2016-06-30": "34.98120", "2016-03-31": "37.59140", "2015-12-31": "33.71780", "2015-09-30": "36.15750", "2015-06-30": "33.14770", "2015-03-31": "33.34150", "2014-12-31": "34.03080", "2014-09-30": "34.71270", "2014-06-30": "34.12600", "2014-03-31": "30.78110", "2013-12-31": "33.84110", "2013-09-30": "32.67880", "2013-06-30": "33.01220", "2013-03-31": "26.78840", "2012-12-31": "34.96380", "2012-09-30": "34.43280", "2012-06-30": "36.77080", "2012-03-31": "32.35730", "2011-12-31": "35.50430", "2011-09-30": "36.43070", "2011-06-30": "35.40530", "2011-03-31": "33.05090", "2010-12-31": "114.69370", "2010-09-30": "13.96940", "2010-06-30": "15.89830", "2010-03-31": "13.46890", "2009-12-31": "14.74830", "2009-09-30": "17.91370", "2009-06-30": "19.18840", "2009-03-31": "12.37600", "2008-12-31": "15.25950", "2008-09-30": "13.65860", "2008-06-30": "22.30310", "2008-03-31": "20.80030", "2007-12-31": "21.49950", "2007-09-30": "23.08130", "2007-06-30": "23.86890", "2007-03-31": "22.34250", "2006-12-31": "24.19260", "2006-09-30": "23.61800", "2006-06-30": "13.93810", "2006-03-31": "21.43690", "2005-12-31": "21.71940", "2005-09-30": "22.56650", "2005-06-30": "18.60060", "2005-03-31": "20.61040"}, "EBIT Margin": {"2020-09-30": "33.79960", "2020-06-30": "29.66920", "2020-03-31": "22.56020", "2019-12-31": "49.61720", "2019-09-30": "36.20870", "2019-06-30": "34.26110", "2019-03-31": "17.24090", "2018-12-31": "33.54500", "2018-09-30": "34.73260", "2018-06-30": "34.70720", "2018-03-31": "31.48330", "2017-12-31": "35.02070", "2017-09-30": "35.53670", "2017-06-30": "36.33540", "2017-03-31": "32.61880", "2016-12-31": "31.39670", "2016-09-30": "25.20760", "2016-06-30": "34.98120", "2016-03-31": "37.59140", "2015-12-31": "33.71780", "2015-09-30": "36.15750", "2015-06-30": "33.14770", "2015-03-31": "33.34150", "2014-12-31": "34.03070", "2014-09-30": "34.71270", "2014-06-30": "34.12600", "2014-03-31": "30.78110", "2013-12-31": "33.84110", "2013-09-30": "32.67880", "2013-06-30": "33.01220", "2013-03-31": "26.78840", "2012-12-31": "34.96380", "2012-09-30": "34.43280", "2012-06-30": "36.77080", "2012-03-31": "32.35730", "2011-12-31": "35.50430", "2011-09-30": "36.43070", "2011-06-30": "35.40530", "2011-03-31": "33.05090", "2010-12-31": "114.69370", "2010-09-30": "13.96940", "2010-06-30": "15.89830", "2010-03-31": "13.46890", "2009-12-31": "14.74830", "2009-09-30": "17.91370", "2009-06-30": "19.18840", "2009-03-31": "12.37600", "2008-12-31": "15.25950", "2008-09-30": "13.65860", "2008-06-30": "22.30310", "2008-03-31": "20.80030", "2007-12-31": "21.49950", "2007-09-30": "23.08130", "2007-06-30": "23.86890", "2007-03-31": "22.34250", "2006-12-31": "24.19270", "2006-09-30": "23.61800", "2006-06-30": "13.93810", "2006-03-31": "21.43690", "2005-12-31": "21.71940", "2005-09-30": "22.56650", "2005-06-30": "18.60060", "2005-03-31": "20.61040"}, "EBITDA Margin": {"2020-09-30": "", "2020-06-30": "", "2020-03-31": "", "2019-12-31": "", "2019-09-30": "", "2019-06-30": "", "2019-03-31": "", "2018-12-31": "", "2018-09-30": "", "2018-06-30": "", "2018-03-31": "", "2017-12-31": "", "2017-09-30": "", "2017-06-30": "", "2017-03-31": "", "2016-12-31": "", "2016-09-30": "", "2016-06-30": "", "2016-03-31": "", "2015-12-31": "", "2015-09-30": "", "2015-06-30": "", "2015-03-31": "", "2014-12-31": "", "2014-09-30": "", "2014-06-30": "", "2014-03-31": "", "2013-12-31": "", "2013-09-30": "", "2013-06-30": "", "2013-03-31": "", "2012-12-31": "", "2012-09-30": "", "2012-06-30": "", "2012-03-31": "", "2011-12-31": "", "2011-09-30": "", "2011-06-30": "", "2011-03-31": "", "2010-12-31": "", "2010-09-30": "", "2010-06-30": "", "2010-03-31": "", "2009-12-31": "", "2009-09-30": "", "2009-06-30": "", "2009-03-31": "", "2008-12-31": "", "2008-09-30": "", "2008-06-30": "", "2008-03-31": "", "2007-12-31": "", "2007-09-30": "", "2007-06-30": "", "2007-03-31": "", "2006-12-31": "", "2006-09-30": "", "2006-06-30": "", "2006-03-31": "", "2005-12-31": "", "2005-09-30": "", "2005-06-30": "", "2005-03-31": ""}, "Pre-Tax Profit Margin": {"2020-09-30": "17.02950", "2020-06-30": "45.60050", "2020-03-31": "76.69140", "2019-12-31": "23.23550", "2019-09-30": "19.01280", "2019-06-30": "27.72930", "2019-03-31": "18.07180", "2018-12-31": "26.26950", "2018-09-30": "21.92170", "2018-06-30": "24.16390", "2018-03-31": "32.71750", "2017-12-31": "20.17660", "2017-09-30": "22.45720", "2017-06-30": "25.42370", "2017-03-31": "18.27890", "2016-12-31": "25.92430", "2016-09-30": "11.43650", "2016-06-30": "18.82090", "2016-03-31": "32.46650", "2015-12-31": "26.71060", "2015-09-30": "51.32230", "2015-06-30": "16.29500", "2015-03-31": "33.82020", "2014-12-31": "34.45050", "2014-09-30": "24.39790", "2014-06-30": "16.26010", "2014-03-31": "11.78990", "2013-12-31": "13.77910", "2013-09-30": "14.40310", "2013-06-30": "98.70850", "2013-03-31": "8.05650", "2012-12-31": "14.85400", "2012-09-30": "13.70790", "2012-06-30": "20.59600", "2012-03-31": "12.45570", "2011-12-31": "24.63410", "2011-09-30": "17.88540", "2011-06-30": "16.10400", "2011-03-31": "11.67050", "2010-12-31": "-4.39810", "2010-09-30": "17.62090", "2010-06-30": "18.40520", "2010-03-31": "16.53310", "2009-12-31": "13.63790", "2009-09-30": "20.58030", "2009-06-30": "20.55840", "2009-03-31": "14.31090", "2008-12-31": "-39.30640", "2008-09-30": "14.62420", "2008-06-30": "24.44530", "2008-03-31": "27.15600", "2007-12-31": "59.02400", "2007-09-30": "69.17260", "2007-06-30": "28.50810", "2007-03-31": "194.27650", "2006-12-31": "25.07220", "2006-09-30": "34.21310", "2006-06-30": "176.82190", "2006-03-31": "23.37360", "2005-12-31": "37.81020", "2005-09-30": "22.87760", "2005-06-30": "47.35440", "2005-03-31": "21.32820"}, "Net Profit Margin": {"2020-09-30": "12.96090", "2020-06-30": "40.70490", "2020-03-31": "66.10750", "2019-12-31": "18.59270", "2019-09-30": "14.49410", "2019-06-30": "22.39460", "2019-03-31": "13.51740", "2018-12-31": "21.06300", "2018-09-30": "17.35700", "2018-06-30": "19.36560", "2018-03-31": "26.62340", "2017-12-31": "15.84330", "2017-09-30": "17.84020", "2017-06-30": "20.35430", "2017-03-31": "15.35570", "2016-12-31": "23.14060", "2016-09-30": "12.27600", "2016-06-30": "15.49160", "2016-03-31": "27.29000", "2015-12-31": "22.08800", "2015-09-30": "29.22480", "2015-06-30": "12.85300", "2015-03-31": "27.67800", "2014-12-31": "28.48690", "2014-09-30": "20.64050", "2014-06-30": "12.97520", "2014-03-31": "9.40220", "2013-12-31": "15.41240", "2013-09-30": "26.71600", "2013-06-30": "88.70350", "2013-03-31": "10.01490", "2012-12-31": "14.04790", "2012-09-30": "12.26730", "2012-06-30": "25.15310", "2012-03-31": "10.92060", "2011-12-31": "23.95930", "2011-09-30": "15.68640", "2011-06-30": "13.87850", "2011-03-31": "9.78230", "2010-12-31": "-3.30450", "2010-09-30": "14.92400", "2010-06-30": "15.59310", "2010-03-31": "13.94290", "2009-12-31": "14.30220", "2009-09-30": "17.43820", "2009-06-30": "17.24100", "2009-03-31": "11.81270", "2008-12-31": "-26.32990", "2008-09-30": "12.03360", "2008-06-30": "20.47390", "2008-03-31": "22.74500", "2007-12-31": "29.17230", "2007-09-30": "65.75710", "2007-06-30": "27.49610", "2007-03-31": "236.84500", "2006-12-31": "20.47390", "2006-09-30": "30.03140", "2006-06-30": "174.82870", "2006-03-31": "19.48990", "2005-12-31": "49.43090", "2005-09-30": "16.02670", "2005-06-30": "46.23470", "2005-03-31": "17.28670"}, "Asset Turnover": {"2020-09-30": "0.03020", "2020-06-30": "0.02850", "2020-03-31": "0.03450", "2019-12-31": "0.03560", "2019-09-30": "0.03490", "2019-06-30": "0.03450", "2019-03-31": "0.03540", "2018-12-31": "0.03480", "2018-09-30": "0.03410", "2018-06-30": "0.03330", "2018-03-31": "0.03380", "2017-12-31": "0.03380", "2017-09-30": "0.03410", "2017-06-30": "0.03410", "2017-03-31": "0.03330", "2016-12-31": "0.03370", "2016-09-30": "0.03330", "2016-06-30": "0.03290", "2016-03-31": "0.03470", "2015-12-31": "0.03400", "2015-09-30": "0.03320", "2015-06-30": "0.03230", "2015-03-31": "0.03220", "2014-12-31": "0.03090", "2014-09-30": "0.03280", "2014-06-30": "0.03120", "2014-03-31": "0.03030", "2013-12-31": "0.02860", "2013-09-30": "0.02930", "2013-06-30": "0.02620", "2013-03-31": "0.03060", "2012-12-31": "0.03010", "2012-09-30": "0.03080", "2012-06-30": "0.03080", "2012-03-31": "0.03120", "2011-12-31": "0.02850", "2011-09-30": "0.03220", "2011-06-30": "0.03120", "2011-03-31": "0.03020", "2010-12-31": "0.02880", "2010-09-30": "0.02960", "2010-06-30": "0.03080", "2010-03-31": "0.03090", "2009-12-31": "0.03030", "2009-09-30": "0.03240", "2009-06-30": "0.03360", "2009-03-31": "0.03470", "2008-12-31": "0.03400", "2008-09-30": "0.03290", "2008-06-30": "0.03550", "2008-03-31": "0.03590", "2007-12-31": "0.03400", "2007-09-30": "0.03360", "2007-06-30": "0.03390", "2007-03-31": "0.03250", "2006-12-31": "0.03640", "2006-09-30": "0.03680", "2006-06-30": "0.03690", "2006-03-31": "0.04000", "2005-12-31": "0.03500", "2005-09-30": "0.03910", "2005-06-30": "0.03920", "2005-03-31": "0.03890"}, "Inventory Turnover Ratio": {"2020-09-30": "", "2020-06-30": "", "2020-03-31": "", "2019-12-31": "", "2019-09-30": "", "2019-06-30": "", "2019-03-31": "", "2018-12-31": "", "2018-09-30": "", "2018-06-30": "", "2018-03-31": "", "2017-12-31": "", "2017-09-30": "", "2017-06-30": "", "2017-03-31": "", "2016-12-31": "", "2016-09-30": "", "2016-06-30": "", "2016-03-31": "", "2015-12-31": "", "2015-09-30": "", "2015-06-30": "", "2015-03-31": "", "2014-12-31": "", "2014-09-30": "", "2014-06-30": "", "2014-03-31": "", "2013-12-31": "", "2013-09-30": "", "2013-06-30": "", "2013-03-31": "", "2012-12-31": "", "2012-09-30": "", "2012-06-30": "", "2012-03-31": "", "2011-12-31": "", "2011-09-30": "", "2011-06-30": "", "2011-03-31": "", "2010-12-31": "", "2010-09-30": "", "2010-06-30": "", "2010-03-31": "", "2009-12-31": "", "2009-09-30": "", "2009-06-30": "", "2009-03-31": "", "2008-12-31": "", "2008-09-30": "", "2008-06-30": "", "2008-03-31": "", "2007-12-31": "", "2007-09-30": "", "2007-06-30": "", "2007-03-31": "", "2006-12-31": "", "2006-09-30": "", "2006-06-30": "", "2006-03-31": "", "2005-12-31": "", "2005-09-30": "", "2005-06-30": "", "2005-03-31": ""}, "Receiveable Turnover": {"2020-09-30": "", "2020-06-30": "", "2020-03-31": "", "2019-12-31": "", "2019-09-30": "", "2019-06-30": "", "2019-03-31": "", "2018-12-31": "", "2018-09-30": "", "2018-06-30": "", "2018-03-31": "", "2017-12-31": "", "2017-09-30": "", "2017-06-30": "", "2017-03-31": "", "2016-12-31": "", "2016-09-30": "", "2016-06-30": "", "2016-03-31": "", "2015-12-31": "", "2015-09-30": "", "2015-06-30": "", "2015-03-31": "", "2014-12-31": "", "2014-09-30": "", "2014-06-30": "", "2014-03-31": "", "2013-12-31": "", "2013-09-30": "", "2013-06-30": "", "2013-03-31": "", "2012-12-31": "", "2012-09-30": "", "2012-06-30": "", "2012-03-31": "", "2011-12-31": "", "2011-09-30": "", "2011-06-30": "", "2011-03-31": "", "2010-12-31": "", "2010-09-30": "", "2010-06-30": "", "2010-03-31": "", "2009-12-31": "", "2009-09-30": "", "2009-06-30": "", "2009-03-31": "", "2008-12-31": "", "2008-09-30": "", "2008-06-30": "", "2008-03-31": "", "2007-12-31": "", "2007-09-30": "", "2007-06-30": "", "2007-03-31": "", "2006-12-31": "", "2006-09-30": "", "2006-06-30": "", "2006-03-31": "", "2005-12-31": "", "2005-09-30": "", "2005-06-30": "", "2005-03-31": ""}, "Days Sales In Receivables": {"2020-09-30": "", "2020-06-30": "", "2020-03-31": "", "2019-12-31": "", "2019-09-30": "", "2019-06-30": "", "2019-03-31": "", "2018-12-31": "", "2018-09-30": "", "2018-06-30": "", "2018-03-31": "", "2017-12-31": "", "2017-09-30": "", "2017-06-30": "", "2017-03-31": "", "2016-12-31": "", "2016-09-30": "", "2016-06-30": "", "2016-03-31": "", "2015-12-31": "", "2015-09-30": "", "2015-06-30": "", "2015-03-31": "", "2014-12-31": "", "2014-09-30": "", "2014-06-30": "", "2014-03-31": "", "2013-12-31": "", "2013-09-30": "", "2013-06-30": "", "2013-03-31": "", "2012-12-31": "", "2012-09-30": "", "2012-06-30": "", "2012-03-31": "", "2011-12-31": "", "2011-09-30": "", "2011-06-30": "", "2011-03-31": "", "2010-12-31": "", "2010-09-30": "", "2010-06-30": "", "2010-03-31": "", "2009-12-31": "", "2009-09-30": "", "2009-06-30": "", "2009-03-31": "", "2008-12-31": "", "2008-09-30": "", "2008-06-30": "", "2008-03-31": "", "2007-12-31": "", "2007-09-30": "", "2007-06-30": "", "2007-03-31": "", "2006-12-31": "", "2006-09-30": "", "2006-06-30": "", "2006-03-31": "", "2005-12-31": "", "2005-09-30": "", "2005-06-30": "", "2005-03-31": ""}, "ROE - Return On Equity": {"2020-09-30": "1.42330", "2020-06-30": "3.57700", "2020-03-31": "7.02050", "2019-12-31": "2.25240", "2019-09-30": "1.81340", "2019-06-30": "2.60160", "2019-03-31": "1.64560", "2018-12-31": "2.31150", "2018-09-30": "1.87920", "2018-06-30": "2.00370", "2018-03-31": "2.70930", "2017-12-31": "1.67290", "2017-09-30": "1.86970", "2017-06-30": "2.12120", "2017-03-31": "1.49650", "2016-12-31": "2.13260", "2016-09-30": "0.93360", "2016-06-30": "1.52450", "2016-03-31": "2.79730", "2015-12-31": "2.16910", "2015-09-30": "4.11140", "2015-06-30": "1.29340", "2015-03-31": "2.68200", "2014-12-31": "2.74470", "2014-09-30": "2.20480", "2014-06-30": "1.40740", "2014-03-31": "0.99600", "2013-12-31": "1.16010", "2013-09-30": "1.25820", "2013-06-30": "7.76400", "2013-03-31": "0.68680", "2012-12-31": "1.22700", "2012-09-30": "1.12510", "2012-06-30": "1.70140", "2012-03-31": "1.00120", "2011-12-31": "1.92030", "2011-09-30": "1.49380", "2011-06-30": "1.30930", "2011-03-31": "0.92050", "2010-12-31": "-0.34110", "2010-09-30": "1.34080", "2010-06-30": "1.43000", "2010-03-31": "1.23400", "2009-12-31": "1.00580", "2009-09-30": "1.52950", "2009-06-30": "1.57940", "2009-03-31": "1.27980", "2008-12-31": "-3.42700", "2008-09-30": "1.43630", "2008-06-30": "2.43710", "2008-03-31": "2.75260", "2007-12-31": "7.26310", "2007-09-30": "5.54320", "2007-06-30": "2.14420", "2007-03-31": "16.67230", "2006-12-31": "1.96500", "2006-09-30": "2.74050", "2006-06-30": "17.43930", "2006-03-31": "2.28400", "2005-12-31": "3.59290", "2005-09-30": "2.00380", "2005-06-30": "5.10750", "2005-03-31": "2.09910"}, "Return On Tangible Equity": {"2020-09-30": "1.38980", "2020-06-30": "3.49330", "2020-03-31": "6.85370", "2019-12-31": "2.19620", "2019-09-30": "1.76810", "2019-06-30": "2.53670", "2019-03-31": "1.60530", "2018-12-31": "2.25520", "2018-09-30": "1.83340", "2018-06-30": "1.95500", "2018-03-31": "2.64310", "2017-12-31": "1.63160", "2017-09-30": "1.82360", "2017-06-30": "2.06870", "2017-03-31": "1.45870", "2016-12-31": "2.07890", "2016-09-30": "0.90980", "2016-06-30": "1.48590", "2016-03-31": "2.72670", "2015-12-31": "2.11410", "2015-09-30": "4.00940", "2015-06-30": "1.26110", "2015-03-31": "2.61500", "2014-12-31": "2.67530", "2014-09-30": "2.14220", "2014-06-30": "1.36730", "2014-03-31": "0.96760", "2013-12-31": "1.12720", "2013-09-30": "1.22090", "2013-06-30": "7.53170", "2013-03-31": "0.66310", "2012-12-31": "1.22700", "2012-09-30": "1.12510", "2012-06-30": "1.70140", "2012-03-31": "1.00120", "2011-12-31": "1.92030", "2011-09-30": "1.49380", "2011-06-30": "1.30930", "2011-03-31": "0.92050", "2010-12-31": "-0.34110", "2010-09-30": "1.32630", "2010-06-30": "1.43000", "2010-03-31": "1.23400", "2009-12-31": "1.00580", "2009-09-30": "1.52950", "2009-06-30": "1.57940", "2009-03-31": "1.27980", "2008-12-31": "-3.42700", "2008-09-30": "1.43630", "2008-06-30": "2.43710", "2008-03-31": "2.75260", "2007-12-31": "7.26310", "2007-09-30": "5.54320", "2007-06-30": "2.14420", "2007-03-31": "16.67230", "2006-12-31": "1.96500", "2006-09-30": "2.74050", "2006-06-30": "17.43930", "2006-03-31": "2.28400", "2005-12-31": "3.59290", "2005-09-30": "2.00380", "2005-06-30": "5.10750", "2005-03-31": "2.09910"}, "ROA - Return On Assets": {"2020-09-30": "0.51420", "2020-06-30": "1.29810", "2020-03-31": "2.64390", "2019-12-31": "0.82690", "2019-09-30": "0.66410", "2019-06-30": "0.95660", "2019-03-31": "0.63980", "2018-12-31": "0.91450", "2018-09-30": "0.74710", "2018-06-30": "0.80440", "2018-03-31": "1.10450", "2017-12-31": "0.68240", "2017-09-30": "0.76500", "2017-06-30": "0.86620", "2017-03-31": "0.60930", "2016-12-31": "0.87470", "2016-09-30": "0.38050", "2016-06-30": "0.61880", "2016-03-31": "1.12760", "2015-12-31": "0.90860", "2015-09-30": "1.70320", "2015-06-30": "0.52700", "2015-03-31": "1.09060", "2014-12-31": "1.06310", "2014-09-30": "0.79990", "2014-06-30": "0.50750", "2014-03-31": "0.35700", "2013-12-31": "0.39350", "2013-09-30": "0.42170", "2013-06-30": "2.58670", "2013-03-31": "0.24640", "2012-12-31": "0.44720", "2012-09-30": "0.42250", "2012-06-30": "0.63530", "2012-03-31": "0.38880", "2011-12-31": "0.70320", "2011-09-30": "0.57530", "2011-06-30": "0.50320", "2011-03-31": "0.35190", "2010-12-31": "-0.12680", "2010-09-30": "0.52180", "2010-06-30": "0.56680", "2010-03-31": "0.51020", "2009-12-31": "0.41290", "2009-09-30": "0.66760", "2009-06-30": "0.69140", "2009-03-31": "0.49700", "2008-12-31": "-1.33690", "2008-09-30": "0.48150", "2008-06-30": "0.86760", "2008-03-31": "0.97460", "2007-12-31": "2.38080", "2007-09-30": "2.19390", "2007-06-30": "0.81200", "2007-03-31": "6.22270", "2006-12-31": "0.65330", "2006-09-30": "1.06970", "2006-06-30": "6.41040", "2006-03-31": "0.77230", "2005-12-31": "1.17740", "2005-09-30": "0.61850", "2005-06-30": "1.71380", "2005-03-31": "0.67640"}, "ROI - Return On Investment": {"2020-09-30": "0.54210", "2020-06-30": "1.36800", "2020-03-31": "2.78690", "2019-12-31": "0.87780", "2019-09-30": "0.70490", "2019-06-30": "1.01530", "2019-03-31": "0.67790", "2018-12-31": "0.96370", "2018-09-30": "0.78780", "2018-06-30": "0.84800", "2018-03-31": "1.16780", "2017-12-31": "0.71950", "2017-09-30": "0.80560", "2017-06-30": "0.91210", "2017-03-31": "0.65550", "2016-12-31": "0.93970", "2016-09-30": "0.40890", "2016-06-30": "0.66480", "2016-03-31": "1.20730", "2015-12-31": "0.98690", "2015-09-30": "1.81690", "2015-06-30": "0.56420", "2015-03-31": "1.16950", "2014-12-31": "1.18710", "2014-09-30": "0.86160", "2014-06-30": "0.54570", "2014-03-31": "0.38540", "2013-12-31": "0.43180", "2013-09-30": "0.45490", "2013-06-30": "2.78920", "2013-03-31": "0.26230", "2012-12-31": "0.47530", "2012-09-30": "0.44620", "2012-06-30": "0.66480", "2012-03-31": "0.41000", "2011-12-31": "0.73640", "2011-09-30": "0.60320", "2011-06-30": "0.52620", "2011-03-31": "0.36810", "2010-12-31": "-0.13280", "2010-09-30": "0.54130", "2010-06-30": "0.58940", "2010-03-31": "0.53240", "2009-12-31": "0.43250", "2009-09-30": "0.70040", "2009-06-30": "0.72610", "2009-03-31": "0.52280", "2008-12-31": "-1.41000", "2008-09-30": "0.53660", "2008-06-30": "0.97940", "2008-03-31": "1.09730", "2007-12-31": "2.90880", "2007-09-30": "2.47010", "2007-06-30": "0.91250", "2007-03-31": "6.98650", "2006-12-31": "0.80950", "2006-09-30": "1.22330", "2006-06-30": "7.40810", "2006-03-31": "0.87900", "2005-12-31": "1.35360", "2005-09-30": "0.73230", "2005-06-30": "1.96440", "2005-03-31": "0.77480"}, "Book Value Per Share": {"2020-09-30": "54.58270", "2020-06-30": "54.92250", "2020-03-31": "54.21810", "2019-12-31": "51.77490", "2019-09-30": "51.72840", "2019-06-30": "51.89250", "2019-03-31": "52.87700", "2018-12-31": "53.17930", "2018-09-30": "53.13370", "2018-06-30": "53.19040", "2018-03-31": "53.01880", "2017-12-31": "52.50260", "2017-09-30": "52.48570", "2017-06-30": "52.31970", "2017-03-31": "51.49490", "2016-12-31": "51.57630", "2016-09-30": "51.10950", "2016-06-30": "51.39560", "2016-03-31": "51.62460", "2015-12-31": "51.35390", "2015-09-30": "52.50050", "2015-06-30": "52.05080", "2015-03-31": "52.14370", "2014-12-31": "51.61470", "2014-09-30": "46.03260", "2014-06-30": "45.81460", "2014-03-31": "45.76320", "2013-12-31": "46.04180", "2013-09-30": "44.24060", "2013-06-30": "43.86500", "2013-03-31": "38.28310", "2012-12-31": "37.16900", "2012-09-30": "37.68930", "2012-06-30": "37.85750", "2012-03-31": "36.95050", "2011-12-31": "36.55110", "2011-09-30": "36.47130", "2011-06-30": "36.45500", "2011-03-31": "36.46440", "2010-12-31": "35.40820", "2010-09-30": "36.65450", "2010-06-30": "36.39570", "2010-03-31": "36.44130", "2009-12-31": "36.49960", "2009-09-30": "36.60200", "2009-06-30": "36.59290", "2009-03-31": "34.80960", "2008-12-31": "35.14660", "2008-09-30": "30.41140", "2008-06-30": "30.87940", "2008-03-31": "30.62140", "2007-12-31": "30.70100", "2007-09-30": "36.45930", "2007-06-30": "34.97790", "2007-03-31": "34.77860", "2006-12-31": "27.43100", "2006-09-30": "32.73270", "2006-06-30": "31.25090", "2006-03-31": "26.04870", "2005-12-31": "25.92230", "2005-09-30": "25.19810", "2005-06-30": "27.48300", "2005-03-31": "26.54310"}, "Operating Cash Flow Per Share": {"2020-09-30": 1.4596, "2020-06-30": 2.4382, "2020-03-31": "1.12840", "2019-12-31": 2.3311, "2019-09-30": 1.6431, "2019-06-30": 2.3137, "2019-03-31": "1.33830", "2018-12-31": 2.4541, "2018-09-30": 1.3537, "2018-06-30": 2.169, "2018-03-31": "1.45940", "2017-12-31": 2.1204, "2017-09-30": 1.4228, "2017-06-30": 0.8085, "2017-03-31": "1.55530", "2016-12-31": 1.8933, "2016-09-30": 1.0289, "2016-06-30": 1.5293, "2016-03-31": "2.26730", "2015-12-31": 1.2369, "2015-09-30": 1.0787, "2015-06-30": 1.5714, "2015-03-31": "1.30920", "2014-12-31": 1.4727, "2014-09-30": 1.0479, "2014-06-30": 1.2055, "2014-03-31": "0.81090", "2013-12-31": 1.4957, "2013-09-30": 1.409, "2013-06-30": 0.6333, "2013-03-31": "1.56250", "2012-12-31": 1.2152, "2012-09-30": 0.8539, "2012-06-30": 1.0591, "2012-03-31": "1.13790", "2011-12-31": 1.1467, "2011-09-30": 1.0224, "2011-06-30": 1.0493, "2011-03-31": "0.92830", "2010-12-31": 0.3096, "2010-09-30": 0.8688, "2010-06-30": 1.075, "2010-03-31": "0.43050", "2009-12-31": 1.4772, "2009-09-30": 0.6942, "2009-06-30": 1.6163, "2009-03-31": "0.90670", "2008-12-31": 1.6475, "2008-09-30": 0.9441, "2008-06-30": 1.2127, "2008-03-31": "0.85620", "2007-12-31": 1.4743, "2007-09-30": 1.1778, "2007-06-30": 1.5402, "2007-03-31": "1.03750", "2006-12-31": 1.2561, "2006-09-30": 1.0439, "2006-06-30": 1.4892, "2006-03-31": "0.72050", "2005-12-31": 1.4881, "2005-09-30": 0.8582, "2005-06-30": 1.0679, "2005-03-31": "0.74440"}, "Free Cash Flow Per Share": {"2020-09-30": 0.0716, "2020-06-30": 1.9556, "2020-03-31": "1.21220", "2019-12-31": 0.6538, "2019-09-30": -0.9076, "2019-06-30": 1.1119, "2019-03-31": "0.07490", "2018-12-31": 2.3639, "2018-09-30": 0.029, "2018-06-30": 0.3219, "2018-03-31": "0.58910", "2017-12-31": 0.3765, "2017-09-30": -0.1831, "2017-06-30": -0.8497, "2017-03-31": "-0.05860", "2016-12-31": 0.919, "2016-09-30": -0.951, "2016-06-30": 0.3753, "2016-03-31": "0.94270", "2015-12-31": 2.5665, "2015-09-30": -0.0571, "2015-06-30": 1.9235, "2015-03-31": "0.57230", "2014-12-31": 3.1716, "2014-09-30": 0.1234, "2014-06-30": 0.2157, "2014-03-31": "-0.14280", "2013-12-31": 0.9539, "2013-09-30": 1.2659, "2013-06-30": -1.4038, "2013-03-31": "-1.28140", "2012-12-31": -0.6129, "2012-09-30": -0.4081, "2012-06-30": 0.8082, "2012-03-31": "-3.96170", "2011-12-31": -0.2109, "2011-09-30": 0.3088, "2011-06-30": 0.7545, "2011-03-31": "0.02230", "2010-12-31": -2.598, "2010-09-30": -0.4948, "2010-06-30": 0.1289, "2010-03-31": "-0.42490", "2009-12-31": 0.4385, "2009-09-30": -0.0701, "2009-06-30": 0.8042, "2009-03-31": "0.15450", "2008-12-31": -1.562, "2008-09-30": -0.8152, "2008-06-30": 0.3054, "2008-03-31": "1.94760", "2007-12-31": -16.6992, "2007-09-30": 2.7446, "2007-06-30": 0.8334, "2007-03-31": "8.95480", "2006-12-31": -10.6001, "2006-09-30": 7.1072, "2006-06-30": 2.4228, "2006-03-31": "0.09600", "2005-12-31": -3.9798, "2005-09-30": 0.0377, "2005-06-30": 4.428, "2005-03-31": "0.19650"}}, "revenue": {"Boston Properties Annual Revenue (Millions of US $)": {"2020": "$2,766", "2019": "$2,961", "2018": "$2,717", "2017": "$2,602", "2016": "$2,551", "2015": "$2,491", "2014": "$2,397", "2013": "$2,136", "2012": "$1,847", "2011": "$1,723", "2010": "$1,543", "2009": "$1,518", "2008": "$1,469", "2007": "$1,482", "2006": "$1,418", "2005": "$1,383"}, "Boston Properties Quarterly Revenue (Millions of US $)": {"2020-12-31": "$665", "2020-09-30": "$693", "2020-06-30": "$655", "2020-03-31": "$753", "2019-12-31": "$758", "2019-09-30": "$744", "2019-06-30": "$734", "2019-03-31": "$726", "2018-12-31": "$705", "2018-09-30": "$686", "2018-06-30": "$664", "2018-03-31": "$661", "2017-12-31": "$655", "2017-09-30": "$658", "2017-06-30": "$657", "2017-03-31": "$632", "2016-12-31": "$636", "2016-09-30": "$625", "2016-06-30": "$624", "2016-03-31": "$666", "2015-12-31": "$624", "2015-09-30": "$630", "2015-06-30": "$618", "2015-03-31": "$618", "2014-12-31": "$614", "2014-09-30": "$619", "2014-06-30": "$590", "2014-03-31": "$575", "2013-12-31": "$576", "2013-09-30": "$571", "2013-06-30": "$510", "2013-03-31": "$478", "2012-12-31": "$465", "2012-09-30": "$467", "2012-06-30": "$471", "2012-03-31": "$444", "2011-12-31": "$422", "2011-09-30": "$450", "2011-06-30": "$434", "2011-03-31": "$417", "2010-12-31": "$385", "2010-09-30": "$386", "2010-06-30": "$394", "2010-03-31": "$378", "2009-12-31": "$374", "2009-09-30": "$377", "2009-06-30": "$389", "2009-03-31": "$378", "2008-12-31": "$371", "2008-09-30": "$358", "2008-06-30": "$369", "2008-03-31": "$371", "2007-12-31": "$381", "2007-09-30": "$369", "2007-06-30": "$372", "2007-03-31": "$361", "2006-12-31": "$353", "2006-09-30": "$359", "2006-06-30": "$358", "2006-03-31": "$348", "2005-12-31": "$312", "2005-09-30": "$359", "2005-06-30": "$358", "2005-03-31": "$354"}}, "gross-profit": {"Boston Properties Annual Gross Profit (Millions of US $)": {"2020": "$1,735", "2019": "$1,877", "2018": "$1,704", "2017": "$1,640", "2016": "$1,630", "2015": "$1,586", "2014": "$1,532", "2013": "$1,364", "2012": "$1,180", "2011": "$1,124", "2010": "$1,020", "2009": "$992", "2008": "$954", "2007": "$999", "2006": "$955", "2005": "$926"}, "Boston Properties Quarterly Gross Profit (Millions of US $)": {"2020-12-31": "$408", "2020-09-30": "$432", "2020-06-30": "$413", "2020-03-31": "$483", "2019-12-31": "$480", "2019-09-30": "$469", "2019-06-30": "$467", "2019-03-31": "$460", "2018-12-31": "$444", "2018-09-30": "$429", "2018-06-30": "$418", "2018-03-31": "$413", "2017-12-31": "$413", "2017-09-30": "$412", "2017-06-30": "$418", "2017-03-31": "$397", "2016-12-31": "$404", "2016-09-30": "$389", "2016-06-30": "$398", "2016-03-31": "$439", "2015-12-31": "$400", "2015-09-30": "$402", "2015-06-30": "$395", "2015-03-31": "$390", "2014-12-31": "$395", "2014-09-30": "$396", "2014-06-30": "$380", "2014-03-31": "$362", "2013-12-31": "$370", "2013-09-30": "$366", "2013-06-30": "$327", "2013-03-31": "$302", "2012-12-31": "$301", "2012-09-30": "$294", "2012-06-30": "$304", "2012-03-31": "$282", "2011-12-31": "$278", "2011-09-30": "$290", "2011-06-30": "$284", "2011-03-31": "$272", "2010-12-31": "$256", "2010-09-30": "$252", "2010-06-30": "$264", "2010-03-31": "$248", "2009-12-31": "$242", "2009-09-30": "$243", "2009-06-30": "$259", "2009-03-31": "$248", "2008-12-31": "$239", "2008-09-30": "$224", "2008-06-30": "$243", "2008-03-31": "$248", "2007-12-31": "$255", "2007-09-30": "$249", "2007-06-30": "$253", "2007-03-31": "$242", "2006-12-31": "$240", "2006-09-30": "$242", "2006-06-30": "$243", "2006-03-31": "$230", "2005-12-31": "$216", "2005-09-30": "$236", "2005-06-30": "$239", "2005-03-31": "$235"}}, "operating-income": {"Boston Properties Annual Operating Income (Millions of US $)": {"2020": "$905", "2019": "$1,022", "2018": "$914", "2017": "$908", "2016": "$826", "2015": "$849", "2014": "$802", "2013": "$678", "2012": "$640", "2011": "$605", "2010": "$609", "2009": "$244", "2008": "$265", "2007": "$336", "2006": "$295", "2005": "$288"}, "Boston Properties Quarterly Operating Income (Millions of US $)": {"2020-12-31": "$205", "2020-09-30": "$234", "2020-06-30": "$194", "2020-03-31": "$170", "2019-12-31": "$376", "2019-09-30": "$269", "2019-06-30": "$251", "2019-03-31": "$125", "2018-12-31": "$237", "2018-09-30": "$238", "2018-06-30": "$231", "2018-03-31": "$208", "2017-12-31": "$229", "2017-09-30": "$234", "2017-06-30": "$239", "2017-03-31": "$206", "2016-12-31": "$200", "2016-09-30": "$158", "2016-06-30": "$218", "2016-03-31": "$250", "2015-12-31": "$210", "2015-09-30": "$228", "2015-06-30": "$205", "2015-03-31": "$206", "2014-12-31": "$209", "2014-09-30": "$215", "2014-06-30": "$201", "2014-03-31": "$177", "2013-12-31": "$195", "2013-09-30": "$187", "2013-06-30": "$168", "2013-03-31": "$128", "2012-12-31": "$163", "2012-09-30": "$161", "2012-06-30": "$173", "2012-03-31": "$144", "2011-12-31": "$150", "2011-09-30": "$164", "2011-06-30": "$154", "2011-03-31": "$138", "2010-12-31": "$442", "2010-09-30": "$54", "2010-06-30": "$63", "2010-03-31": "$51", "2009-12-31": "$55", "2009-09-30": "$68", "2009-06-30": "$75", "2009-03-31": "$47", "2008-12-31": "$57", "2008-09-30": "$49", "2008-06-30": "$82", "2008-03-31": "$77", "2007-12-31": "$82", "2007-09-30": "$85", "2007-06-30": "$89", "2007-03-31": "$81", "2006-12-31": "$85", "2006-09-30": "$85", "2006-06-30": "$50", "2006-03-31": "$75", "2005-12-31": "$68", "2005-09-30": "$81", "2005-06-30": "$67", "2005-03-31": "$73"}}, "ebitda": {"Boston Properties Annual EBITDA (Millions of US $)": {"2019": "$1,702", "2018": "$1,559", "2017": "$1,526", "2016": "$1,520", "2015": "$1,489", "2014": "$1,430", "2013": "$1,244", "2012": "$1,094", "2011": "$1,044", "2010": "$947", "2009": "$566", "2008": "$569", "2007": "$625", "2006": "$571", "2005": "$556"}, "Boston Properties Quarterly EBITDA (Millions of US $)": {"2020-09-30": "$401", "2020-06-30": "$373", "2020-03-31": "$341", "2019-12-31": "$546", "2019-09-30": "$436", "2019-06-30": "$429", "2019-03-31": "$290", "2018-12-31": "$402", "2018-09-30": "$396", "2018-06-30": "$387", "2018-03-31": "$374", "2017-12-31": "$384", "2017-09-30": "$386", "2017-06-30": "$391", "2017-03-31": "$365", "2016-12-31": "$378", "2016-09-30": "$361", "2016-06-30": "$371", "2016-03-31": "$410", "2015-12-31": "$375", "2015-09-30": "$381", "2015-06-30": "$373", "2015-03-31": "$360", "2014-12-31": "$371", "2014-09-30": "$372", "2014-06-30": "$356", "2014-03-31": "$331", "2013-12-31": "$350", "2013-09-30": "$341", "2013-06-30": "$303", "2013-03-31": "$249", "2012-12-31": "$283", "2012-09-30": "$272", "2012-06-30": "$285", "2012-03-31": "$253", "2011-12-31": "$259", "2011-09-30": "$273", "2011-06-30": "$265", "2011-03-31": "$247", "2010-12-31": "$534", "2010-09-30": "$135", "2010-06-30": "$144", "2010-03-31": "$134", "2009-12-31": "$134", "2009-09-30": "$146", "2009-06-30": "$162", "2009-03-31": "$124", "2008-12-31": "$136", "2008-09-30": "$124", "2008-06-30": "$157", "2008-03-31": "$152", "2007-12-31": "$154", "2007-09-30": "$157", "2007-06-30": "$163", "2007-03-31": "$152", "2006-12-31": "$156", "2006-09-30": "$156", "2006-06-30": "$118", "2006-03-31": "$141", "2005-12-31": "$134", "2005-09-30": "$147", "2005-06-30": "$134", "2005-03-31": "$141"}}, "net-income": {"Boston Properties Annual Net Income (Millions of US $)": {"2020": "$862", "2019": "$511", "2018": "$572", "2017": "$452", "2016": "$502", "2015": "$573", "2014": "$433", "2013": "$742", "2012": "$290", "2011": "$273", "2010": "$159", "2009": "$231", "2008": "$105", "2007": "$1,310", "2006": "$874", "2005": "$438"}, "Boston Properties Quarterly Net Income (Millions of US $)": {"2020-12-31": "$7", "2020-09-30": "$90", "2020-06-30": "$267", "2020-03-31": "$497", "2019-12-31": "$141", "2019-09-30": "$108", "2019-06-30": "$164", "2019-03-31": "$98", "2018-12-31": "$149", "2018-09-30": "$119", "2018-06-30": "$129", "2018-03-31": "$176", "2017-12-31": "$104", "2017-09-30": "$117", "2017-06-30": "$134", "2017-03-31": "$97", "2016-12-31": "$147", "2016-09-30": "$77", "2016-06-30": "$97", "2016-03-31": "$182", "2015-12-31": "$138", "2015-09-30": "$184", "2015-06-30": "$79", "2015-03-31": "$171", "2014-12-31": "$175", "2014-09-30": "$128", "2014-06-30": "$77", "2014-03-31": "$54", "2013-12-31": "$89", "2013-09-30": "$153", "2013-06-30": "$452", "2013-03-31": "$48", "2012-12-31": "$65", "2012-09-30": "$57", "2012-06-30": "$119", "2012-03-31": "$48", "2011-12-31": "$101", "2011-09-30": "$71", "2011-06-30": "$60", "2011-03-31": "$41", "2010-12-31": "$-13", "2010-09-30": "$58", "2010-06-30": "$61", "2010-03-31": "$53", "2009-12-31": "$53", "2009-09-30": "$66", "2009-06-30": "$67", "2009-03-31": "$45", "2008-12-31": "$-98", "2008-09-30": "$43", "2008-06-30": "$75", "2008-03-31": "$84", "2007-12-31": "$111", "2007-09-30": "$242", "2007-06-30": "$102", "2007-03-31": "$854", "2006-12-31": "$72", "2006-09-30": "$108", "2006-06-30": "$626", "2006-03-31": "$68", "2005-12-31": "$154", "2005-09-30": "$58", "2005-06-30": "$165", "2005-03-31": "$61"}}, "eps-earnings-per-share-diluted": {"Boston Properties Annual EPS": {"2020": "$5.54", "2019": "$3.30", "2018": "$3.70", "2017": "$2.93", "2016": "$3.26", "2015": "$3.72", "2014": "$2.83", "2013": "$4.86", "2012": "$1.92", "2011": "$1.86", "2010": "$1.14", "2009": "$1.76", "2008": "$0.87", "2007": "$10.80", "2006": "$7.46", "2005": "$3.86"}, "Boston Properties Quarterly EPS": {"2020-12-31": "$0.05", "2020-09-30": "$0.58", "2020-06-30": "$1.71", "2020-03-31": "$3.20", "2019-12-31": "$0.91", "2019-09-30": "$0.70", "2019-06-30": "$1.06", "2019-03-31": "$0.63", "2018-12-31": "$0.96", "2018-09-30": "$0.77", "2018-06-30": "$0.83", "2018-03-31": "$1.14", "2017-12-31": "$0.67", "2017-09-30": "$0.76", "2017-06-30": "$0.87", "2017-03-31": "$0.63", "2016-12-31": "$0.95", "2016-09-30": "$0.50", "2016-06-30": "$0.63", "2016-03-31": "$1.18", "2015-12-31": "$0.89", "2015-09-30": "$1.20", "2015-06-30": "$0.52", "2015-03-31": "$1.11", "2014-12-31": "$1.15", "2014-09-30": "$0.83", "2014-06-30": "$0.50", "2014-03-31": "$0.35", "2013-12-31": "$0.61", "2013-09-30": "$1.00", "2013-06-30": "$2.94", "2013-03-31": "$0.31", "2012-12-31": "$0.43", "2012-09-30": "$0.38", "2012-06-30": "$0.78", "2012-03-31": "$0.33", "2011-12-31": "$0.68", "2011-09-30": "$0.48", "2011-06-30": "$0.41", "2011-03-31": "$0.29", "2010-12-31": "$-0.09", "2010-09-30": "$0.41", "2010-06-30": "$0.44", "2010-03-31": "$0.38", "2009-12-31": "$0.39", "2009-09-30": "$0.47", "2009-06-30": "$0.53", "2009-03-31": "$0.37", "2008-12-31": "$-0.80", "2008-09-30": "$0.35", "2008-06-30": "$0.62", "2008-03-31": "$0.70", "2007-12-31": "$0.98", "2007-09-30": "$1.99", "2007-06-30": "$0.84", "2007-03-31": "$6.99", "2006-12-31": "$0.73", "2006-09-30": "$0.91", "2006-06-30": "$5.23", "2006-03-31": "$0.59", "2005-12-31": "$1.38", "2005-09-30": "$0.50", "2005-06-30": "$1.43", "2005-03-31": "$0.55"}}, "shares-outstanding": {"Boston Properties Annual Shares Outstanding (Millions of Shares)": {"2020": "156", "2019": "155", "2018": "155", "2017": "154", "2016": "154", "2015": "154", "2014": "153", "2013": "153", "2012": "151", "2011": "146", "2010": "140", "2009": "132", "2008": "121", "2007": "121", "2006": "117", "2005": "114"}, "Boston Properties Quarterly Shares Outstanding (Millions of Shares)": {"2020-12-31": "156", "2020-09-30": "156", "2020-06-30": "155", "2020-03-31": "155", "2019-12-31": "155", "2019-09-30": "155", "2019-06-30": "155", "2019-03-31": "155", "2018-12-31": "155", "2018-09-30": "155", "2018-06-30": "155", "2018-03-31": "155", "2017-12-31": "154", "2017-09-30": "154", "2017-06-30": "154", "2017-03-31": "154", "2016-12-31": "154", "2016-09-30": "154", "2016-06-30": "154", "2016-03-31": "154", "2015-12-31": "154", "2015-09-30": "154", "2015-06-30": "154", "2015-03-31": "154", "2014-12-31": "153", "2014-09-30": "153", "2014-06-30": "153", "2014-03-31": "153", "2013-12-31": "153", "2013-09-30": "153", "2013-06-30": "152", "2013-03-31": "152", "2012-12-31": "151", "2012-09-30": "152", "2012-06-30": "151", "2012-03-31": "149", "2011-12-31": "146", "2011-09-30": "148", "2011-06-30": "147", "2011-03-31": "143", "2010-12-31": "140", "2010-09-30": "140", "2010-06-30": "140", "2010-03-31": "140", "2009-12-31": "132", "2009-09-30": "139", "2009-06-30": "126", "2009-03-31": "121", "2008-12-31": "121", "2008-09-30": "121", "2008-06-30": "121", "2008-03-31": "121", "2007-12-31": "121", "2007-09-30": "121", "2007-06-30": "121", "2007-03-31": "121", "2006-12-31": "117", "2006-09-30": "118", "2006-06-30": "116", "2006-03-31": "115", "2005-12-31": "114", "2005-09-30": "114", "2005-06-30": "113", "2005-03-31": "112"}}, "total-assets": {"Boston Properties Annual Total Assets (Millions of US $)": {"2019": "$21,285", "2018": "$20,256", "2017": "$19,372", "2016": "$18,852", "2015": "$18,351", "2014": "$19,887", "2013": "$20,176", "2012": "$15,462", "2011": "$14,783", "2010": "$13,348", "2009": "$12,349", "2008": "$10,917", "2007": "$11,193", "2006": "$9,695", "2005": "$8,902"}, "Boston Properties Quarterly Total Assets (Millions of US $)": {"2020-09-30": "$22,959", "2020-06-30": "$23,001", "2020-03-31": "$21,830", "2019-12-31": "$21,285", "2019-09-30": "$21,289", "2019-06-30": "$21,268", "2019-03-31": "$20,502", "2018-12-31": "$20,256", "2018-09-30": "$20,138", "2018-06-30": "$19,961", "2018-03-31": "$19,584", "2017-12-31": "$19,372", "2017-09-30": "$19,309", "2017-06-30": "$19,282", "2017-03-31": "$18,967", "2016-12-31": "$18,852", "2016-09-30": "$18,790", "2016-06-30": "$18,964", "2016-03-31": "$19,176", "2015-12-31": "$18,351", "2015-09-30": "$18,980", "2015-06-30": "$19,114", "2015-03-31": "$19,179", "2014-12-31": "$19,887", "2014-09-30": "$18,875", "2014-06-30": "$18,899", "2014-03-31": "$18,980", "2013-12-31": "$20,176", "2013-09-30": "$19,520", "2013-06-30": "$19,463", "2013-03-31": "$15,623", "2012-12-31": "$15,462", "2012-09-30": "$15,142", "2012-06-30": "$15,281", "2012-03-31": "$14,213", "2011-12-31": "$14,783", "2011-09-30": "$13,981", "2011-06-30": "$13,884", "2011-03-31": "$13,835", "2010-12-31": "$13,348", "2010-09-30": "$13,049", "2010-06-30": "$12,788", "2010-03-31": "$12,251", "2009-12-31": "$12,349", "2009-09-30": "$11,632", "2009-06-30": "$11,581", "2009-03-31": "$10,872", "2008-12-31": "$10,917", "2008-09-30": "$10,873", "2008-06-30": "$10,388", "2008-03-31": "$10,349", "2007-12-31": "$11,193", "2007-09-30": "$10,986", "2007-06-30": "$10,995", "2007-03-31": "$11,086", "2006-12-31": "$9,695", "2006-09-30": "$9,778", "2006-06-30": "$9,711", "2006-03-31": "$8,690", "2005-12-31": "$8,902", "2005-09-30": "$9,184", "2005-06-30": "$9,125", "2005-03-31": "$9,098"}}, "cash-on-hand": {"Boston Properties Annual Cash on Hand (Millions of US $)": {"2019": "$692", "2018": "$639", "2017": "$505", "2016": "$420", "2015": "$798", "2014": "$2,250", "2013": "$2,422", "2012": "$1,097", "2011": "$1,864", "2010": "$787", "2009": "$1,471", "2008": "$263", "2007": "$1,694", "2006": "$752", "2005": "$287"}, "Boston Properties Quarterly Cash on Hand (Millions of US $)": {"2020-09-30": "$1,765", "2020-06-30": "$1,992", "2020-03-31": "$859", "2019-12-31": "$692", "2019-09-30": "$805", "2019-06-30": "$1,163", "2019-03-31": "$432", "2018-12-31": "$639", "2018-09-30": "$424", "2018-06-30": "$727", "2018-03-31": "$455", "2017-12-31": "$505", "2017-09-30": "$577", "2017-06-30": "$540", "2017-03-31": "$354", "2016-12-31": "$420", "2016-09-30": "$483", "2016-06-30": "$1,246", "2016-03-31": "$1,677", "2015-12-31": "$798", "2015-09-30": "$1,477", "2015-06-30": "$1,595", "2015-03-31": "$1,653", "2014-12-31": "$2,250", "2014-09-30": "$1,000", "2014-06-30": "$1,096", "2014-03-31": "$1,234", "2013-12-31": "$2,422", "2013-09-30": "$1,695", "2013-06-30": "$1,664", "2013-03-31": "$965", "2012-12-31": "$1,097", "2012-09-30": "$1,255", "2012-06-30": "$1,703", "2012-03-31": "$622", "2011-12-31": "$1,864", "2011-09-30": "$1,100", "2011-06-30": "$1,083", "2011-03-31": "$1,053", "2010-12-31": "$787", "2010-09-30": "$1,571", "2010-06-30": "$1,729", "2010-03-31": "$1,241", "2009-12-31": "$1,471", "2009-09-30": "$803", "2009-06-30": "$842", "2009-03-31": "$163", "2008-12-31": "$263", "2008-09-30": "$90", "2008-06-30": "$172", "2008-03-31": "$852", "2007-12-31": "$1,694", "2007-09-30": "$1,912", "2007-06-30": "$1,908", "2007-03-31": "$2,037", "2006-12-31": "$752", "2006-09-30": "$1,070", "2006-06-30": "$1,265", "2006-03-31": "$56", "2005-12-31": "$287", "2005-09-30": "$478", "2005-06-30": "$536", "2005-03-31": "$235"}}, "long-term-debt": {"Boston Properties Annual Long Term Debt (Millions of US $)": {"2019": "$12,036", "2018": "$11,008", "2017": "$10,272", "2016": "$9,616", "2015": "$9,009", "2014": "$9,907", "2013": "$11,342", "2012": "$8,912", "2011": "$8,704", "2010": "$7,786", "2009": "$6,720", "2008": "$6,093", "2007": "$5,492", "2006": "$4,601", "2005": "$4,826"}, "Boston Properties Quarterly Long Term Debt (Millions of US $)": {"2020-09-30": "$13,281", "2020-06-30": "$13,279", "2020-03-31": "$12,288", "2019-12-31": "$12,036", "2019-09-30": "$12,060", "2019-06-30": "$12,019", "2019-03-31": "$11,179", "2018-12-31": "$11,008", "2018-09-30": "$10,890", "2018-06-30": "$10,722", "2018-03-31": "$10,339", "2017-12-31": "$10,272", "2017-09-30": "$10,235", "2017-06-30": "$10,237", "2017-03-31": "$9,707", "2016-12-31": "$9,616", "2016-09-30": "$9,629", "2016-06-30": "$9,754", "2016-03-31": "$9,980", "2015-12-31": "$9,009", "2015-09-30": "$9,730", "2015-06-30": "$9,867", "2015-03-31": "$9,887", "2014-12-31": "$9,907", "2014-09-30": "$10,476", "2014-06-30": "$10,559", "2014-03-31": "$10,577", "2013-12-31": "$11,342", "2013-09-30": "$11,354", "2013-06-30": "$11,366", "2013-03-31": "$8,872", "2012-12-31": "$8,912", "2012-09-30": "$8,651", "2012-06-30": "$8,896", "2012-03-31": "$7,961", "2011-12-31": "$8,704", "2011-09-30": "$7,950", "2011-06-30": "$7,942", "2011-03-31": "$7,937", "2010-12-31": "$7,786", "2010-09-30": "$7,445", "2010-06-30": "$7,229", "2010-03-31": "$6,675", "2009-12-31": "$6,720", "2009-09-30": "$6,009", "2009-06-30": "$5,958", "2009-03-31": "$6,113", "2008-12-31": "$6,093", "2008-09-30": "$6,111", "2008-06-30": "$5,504", "2008-03-31": "$5,528", "2007-12-31": "$5,492", "2007-09-30": "$5,409", "2007-06-30": "$5,620", "2007-03-31": "$5,736", "2006-12-31": "$4,601", "2006-09-30": "$4,733", "2006-06-30": "$4,833", "2006-03-31": "$4,697", "2005-12-31": "$4,826", "2005-09-30": "$4,922", "2005-06-30": "$4,899", "2005-03-31": "$5,011"}}, "total-liabilities": {"Boston Properties Annual Total Liabilities (Millions of US $)": {"2019": "$13,271", "2018": "$12,043", "2017": "$11,270", "2016": "$10,920", "2015": "$10,465", "2014": "$11,984", "2013": "$13,133", "2012": "$9,827", "2011": "$9,369", "2010": "$8,384", "2009": "$7,280", "2008": "$6,658", "2007": "$7,524", "2006": "$6,472", "2005": "$5,985"}, "Boston Properties Quarterly Total Liabilities (Millions of US $)": {"2020-09-30": "$14,464", "2020-06-30": "$14,454", "2020-03-31": "$13,409", "2019-12-31": "$13,271", "2019-09-30": "$13,293", "2019-06-30": "$13,248", "2019-03-31": "$12,331", "2018-12-31": "$12,043", "2018-09-30": "$11,932", "2018-06-30": "$11,748", "2018-03-31": "$11,400", "2017-12-31": "$11,270", "2017-09-30": "$11,209", "2017-06-30": "$11,208", "2017-03-31": "$11,044", "2016-12-31": "$10,920", "2016-09-30": "$10,931", "2016-06-30": "$11,066", "2016-03-31": "$11,246", "2015-12-31": "$10,465", "2015-09-30": "$10,918", "2015-06-30": "$11,126", "2015-03-31": "$11,180", "2014-12-31": "$11,984", "2014-09-30": "$11,828", "2014-06-30": "$11,885", "2014-03-31": "$11,977", "2013-12-31": "$13,133", "2013-09-30": "$12,778", "2013-06-30": "$12,778", "2013-03-31": "$9,818", "2012-12-31": "$9,827", "2012-09-30": "$9,456", "2012-06-30": "$9,575", "2012-03-31": "$8,693", "2011-12-31": "$9,369", "2011-09-30": "$8,597", "2011-06-30": "$8,548", "2011-03-31": "$8,546", "2010-12-31": "$8,384", "2010-09-30": "$7,915", "2010-06-30": "$7,719", "2010-03-31": "$7,186", "2009-12-31": "$7,280", "2009-09-30": "$6,555", "2009-06-30": "$6,511", "2009-03-31": "$6,650", "2008-12-31": "$6,658", "2008-09-30": "$7,228", "2008-06-30": "$6,690", "2008-03-31": "$6,685", "2007-12-31": "$7,524", "2007-09-30": "$6,638", "2007-06-30": "$6,831", "2007-03-31": "$6,948", "2006-12-31": "$6,472", "2006-09-30": "$5,961", "2006-06-30": "$6,141", "2006-03-31": "$5,752", "2005-12-31": "$5,985", "2005-09-30": "$6,349", "2005-06-30": "$6,063", "2005-03-31": "$6,167"}}, "total-share-holder-equity": {"Boston Properties Annual Share Holder Equity (Millions of US $)": {"2019": "$8,014", "2018": "$8,214", "2017": "$8,102", "2016": "$7,932", "2015": "$7,887", "2014": "$7,903", "2013": "$7,044", "2012": "$5,635", "2011": "$5,414", "2010": "$4,964", "2009": "$5,069", "2008": "$4,259", "2007": "$3,669", "2006": "$3,223", "2005": "$2,917"}, "Boston Properties Quarterly Share Holder Equity (Millions of US $)": {"2020-09-30": "$8,495", "2020-06-30": "$8,547", "2020-03-31": "$8,421", "2019-12-31": "$8,014", "2019-09-30": "$7,996", "2019-06-30": "$8,021", "2019-03-31": "$8,170", "2018-12-31": "$8,214", "2018-09-30": "$8,206", "2018-06-30": "$8,213", "2018-03-31": "$8,184", "2017-12-31": "$8,102", "2017-09-30": "$8,100", "2017-06-30": "$8,073", "2017-03-31": "$7,922", "2016-12-31": "$7,932", "2016-09-30": "$7,859", "2016-06-30": "$7,898", "2016-03-31": "$7,930", "2015-12-31": "$7,887", "2015-09-30": "$8,063", "2015-06-30": "$7,988", "2015-03-31": "$7,999", "2014-12-31": "$7,903", "2014-09-30": "$7,048", "2014-06-30": "$7,014", "2014-03-31": "$7,003", "2013-12-31": "$7,044", "2013-09-30": "$6,742", "2013-06-30": "$6,684", "2013-03-31": "$5,805", "2012-12-31": "$5,635", "2012-09-30": "$5,686", "2012-06-30": "$5,706", "2012-03-31": "$5,520", "2011-12-31": "$5,414", "2011-09-30": "$5,384", "2011-06-30": "$5,337", "2011-03-31": "$5,289", "2010-12-31": "$4,964", "2010-09-30": "$5,134", "2010-06-30": "$5,069", "2010-03-31": "$5,065", "2009-12-31": "$5,069", "2009-09-30": "$5,077", "2009-06-30": "$5,070", "2009-03-31": "$4,222", "2008-12-31": "$4,259", "2008-09-30": "$3,645", "2008-06-30": "$3,698", "2008-03-31": "$3,664", "2007-12-31": "$3,669", "2007-09-30": "$4,348", "2007-06-30": "$4,163", "2007-03-31": "$4,138", "2006-12-31": "$3,223", "2006-09-30": "$3,817", "2006-06-30": "$3,569", "2006-03-31": "$2,939", "2005-12-31": "$2,917", "2005-09-30": "$2,835", "2005-06-30": "$3,062", "2005-03-31": "$2,931"}}, "profit-margins": {"current": "31.52%"}, "gross margin": {"2020-12-31": "62.76%", "2020-09-30": "63.24%", "2020-06-30": "63.40%", "2020-03-31": "63.53%", "2019-12-31": "63.34%", "2019-09-30": "63.25%", "2019-06-30": "63.14%", "2019-03-31": "62.96%", "2018-12-31": "62.74%", "2018-09-30": "62.75%", "2018-06-30": "62.77%", "2018-03-31": "62.94%", "2017-12-31": "63.03%", "2017-09-30": "63.14%", "2017-06-30": "63.06%", "2017-03-31": "63.09%", "2016-12-31": "63.90%", "2016-09-30": "64.04%", "2016-06-30": "64.43%", "2016-03-31": "64.46%", "2015-12-31": "63.73%", "2015-09-30": "63.79%", "2015-06-30": "63.83%", "2015-03-31": "63.95%", "2014-12-31": "63.93%", "2014-09-30": "63.90%", "2014-06-30": "63.93%", "2014-03-31": "63.84%", "2013-12-31": "63.93%", "2013-09-30": "64.03%", "2013-06-30": "63.75%", "2013-03-31": "63.85%", "2012-12-31": "63.94%", "2012-09-30": "64.19%", "2012-06-30": "64.58%", "2012-03-31": "64.80%", "2011-12-31": "65.24%", "2011-09-30": "65.36%", "2011-06-30": "65.60%", "2011-03-31": "65.99%", "2010-12-31": "66.10%", "2010-09-30": "65.67%", "2010-06-30": "65.46%", "2010-03-31": "65.35%", "2009-12-31": "65.35%", "2009-09-30": "65.28%", "2009-06-30": "64.84%", "2009-03-31": "64.63%", "2008-12-31": "64.94%", "2008-09-30": "65.58%", "2008-06-30": "66.78%", "2008-03-31": "67.31%", "2007-12-31": "67.36%", "2007-09-30": "67.63%", "2007-06-30": "67.61%", "2007-03-31": "67.58%", "2006-12-31": "67.35%", "2006-09-30": "67.61%", "2006-06-30": "67.18%", "2006-03-31": "66.88%", "2005-12-31": "66.96%"}, "operating margin": {"2020-12-31": "29.03%", "2020-09-30": "34.07%", "2020-06-30": "34.67%", "2020-03-31": "35.66%", "2019-12-31": "34.47%", "2019-09-30": "30.32%", "2019-06-30": "29.85%", "2019-03-31": "29.88%", "2018-12-31": "33.65%", "2018-09-30": "33.98%", "2018-06-30": "34.19%", "2018-03-31": "34.59%", "2017-12-31": "34.90%", "2017-09-30": "34.03%", "2017-06-30": "31.49%", "2017-03-31": "31.07%", "2016-12-31": "32.38%", "2016-09-30": "32.93%", "2016-06-30": "35.61%", "2016-03-31": "35.19%", "2015-12-31": "34.10%", "2015-09-30": "34.19%", "2015-06-30": "33.82%", "2015-03-31": "34.04%", "2014-12-31": "33.44%", "2014-09-30": "33.39%", "2014-06-30": "32.87%", "2014-03-31": "32.57%", "2013-12-31": "31.76%", "2013-09-30": "31.92%", "2013-06-30": "32.29%", "2013-03-31": "33.23%", "2012-12-31": "34.70%", "2012-09-30": "34.81%", "2012-06-30": "35.31%", "2012-03-31": "34.97%", "2011-12-31": "35.17%", "2011-09-30": "53.26%", "2011-06-30": "48.58%", "2011-03-31": "44.06%", "2010-12-31": "39.53%", "2010-09-30": "14.56%", "2010-06-30": "15.56%", "2010-03-31": "16.40%", "2009-12-31": "16.14%", "2009-09-30": "16.30%", "2009-06-30": "15.24%", "2009-03-31": "15.92%", "2008-12-31": "18.04%", "2008-09-30": "19.61%", "2008-06-30": "21.88%", "2008-03-31": "22.30%", "2007-12-31": "22.72%", "2007-09-30": "23.37%", "2007-06-30": "23.53%", "2007-03-31": "21.03%", "2006-12-31": "20.80%", "2006-09-30": "20.19%", "2006-06-30": "19.90%", "2006-03-31": "21.13%", "2005-12-31": "20.90%"}, "ebitda margin": {"2020-09-30": "58.10%", "2020-06-30": "58.28%", "2020-03-31": "58.61%", "2019-12-31": "57.43%", "2019-09-30": "53.52%", "2019-06-30": "53.21%", "2019-03-31": "53.04%", "2018-12-31": "57.40%", "2018-09-30": "57.80%", "2018-06-30": "58.04%", "2018-03-31": "58.34%", "2017-12-31": "58.65%", "2017-09-30": "58.85%", "2017-06-30": "58.63%", "2017-03-31": "58.60%", "2016-12-31": "59.58%", "2016-09-30": "59.75%", "2016-06-30": "60.42%", "2016-03-31": "60.64%", "2015-12-31": "59.80%", "2015-09-30": "59.88%", "2015-06-30": "59.78%", "2015-03-31": "59.77%", "2014-12-31": "59.63%", "2014-09-30": "59.70%", "2014-06-30": "59.60%", "2014-03-31": "59.36%", "2013-12-31": "58.22%", "2013-09-30": "58.10%", "2013-06-30": "57.66%", "2013-03-31": "57.89%", "2012-12-31": "59.18%", "2012-09-30": "59.26%", "2012-06-30": "59.88%", "2012-03-31": "60.00%", "2011-12-31": "60.59%", "2011-09-30": "78.23%", "2011-06-30": "72.81%", "2011-03-31": "67.00%", "2010-12-31": "61.37%", "2010-09-30": "35.70%", "2010-06-30": "36.64%", "2010-03-31": "37.94%", "2009-12-31": "37.29%", "2009-09-30": "37.49%", "2009-06-30": "36.50%", "2009-03-31": "36.65%", "2008-12-31": "38.73%", "2008-09-30": "39.69%", "2008-06-30": "41.61%", "2008-03-31": "41.93%", "2007-12-31": "42.21%", "2007-09-30": "43.16%", "2007-06-30": "43.39%", "2007-03-31": "40.67%", "2006-12-31": "40.27%", "2006-09-30": "39.87%", "2006-06-30": "39.22%", "2006-03-31": "40.38%", "2005-12-31": "40.20%"}, "pre tax profit margin": {"2020-12-31": "36.84%", "2020-09-30": "40.92%", "2020-06-30": "41.00%", "2020-03-31": "36.70%", "2019-12-31": "21.98%", "2019-09-30": "22.69%", "2019-06-30": "23.47%", "2019-03-31": "22.55%", "2018-12-31": "26.22%", "2018-09-30": "24.72%", "2018-06-30": "24.91%", "2018-03-31": "25.20%", "2017-12-31": "21.64%", "2017-09-30": "23.07%", "2017-06-30": "20.39%", "2017-03-31": "18.67%", "2016-12-31": "22.34%", "2016-09-30": "22.53%", "2016-06-30": "32.35%", "2016-03-31": "31.80%", "2015-12-31": "32.13%", "2015-09-30": "34.03%", "2015-06-30": "27.22%", "2015-03-31": "27.32%", "2014-12-31": "21.93%", "2014-09-30": "16.69%", "2014-06-30": "14.06%", "2014-03-31": "32.80%", "2013-12-31": "32.88%", "2013-09-30": "34.19%", "2013-06-30": "35.10%", "2013-03-31": "14.25%", "2012-12-31": "15.43%", "2012-09-30": "17.74%", "2012-06-30": "18.80%", "2012-03-31": "17.66%", "2011-12-31": "17.59%", "2011-09-30": "10.79%", "2011-06-30": "10.48%", "2011-03-31": "10.87%", "2010-12-31": "12.05%", "2010-09-30": "16.58%", "2010-06-30": "17.33%", "2010-03-31": "17.92%", "2009-12-31": "17.33%", "2009-09-30": "4.36%", "2009-06-30": "2.67%", "2009-03-31": "3.39%", "2008-12-31": "6.60%", "2008-09-30": "31.64%", "2008-06-30": "45.03%", "2008-03-31": "46.01%", "2007-12-31": "86.78%", "2007-09-30": "79.04%", "2007-06-30": "70.45%", "2007-03-31": "107.97%", "2006-12-31": "65.23%", "2006-09-30": "69.35%", "2006-06-30": "66.38%", "2006-03-31": "32.68%", "2005-12-31": "32.18%"}, "net profit margin": {"2020-12-31": "31.13%", "2020-09-30": "34.80%", "2020-06-30": "34.81%", "2020-03-31": "30.44%", "2019-12-31": "17.25%", "2019-09-30": "17.84%", "2019-06-30": "18.59%", "2019-03-31": "17.80%", "2018-12-31": "21.10%", "2018-09-30": "19.80%", "2018-06-30": "19.94%", "2018-03-31": "20.18%", "2017-12-31": "17.37%", "2017-09-30": "19.16%", "2017-06-30": "17.84%", "2017-03-31": "16.61%", "2016-12-31": "19.72%", "2016-09-30": "19.46%", "2016-06-30": "23.62%", "2016-03-31": "22.97%", "2015-12-31": "22.97%", "2015-09-30": "24.56%", "2015-06-30": "22.40%", "2015-03-31": "22.57%", "2014-12-31": "18.10%", "2014-09-30": "14.75%", "2014-06-30": "16.13%", "2014-03-31": "33.51%", "2013-12-31": "34.75%", "2013-09-30": "35.47%", "2013-06-30": "32.40%", "2013-03-31": "15.36%", "2012-12-31": "15.65%", "2012-09-30": "18.02%", "2012-06-30": "18.97%", "2012-03-31": "16.00%", "2011-12-31": "15.84%", "2011-09-30": "9.43%", "2011-06-30": "9.00%", "2011-03-31": "9.29%", "2010-12-31": "10.30%", "2010-09-30": "14.69%", "2010-06-30": "15.30%", "2010-03-31": "15.74%", "2009-12-31": "15.22%", "2009-09-30": "5.28%", "2009-06-30": "3.81%", "2009-03-31": "4.40%", "2008-12-31": "7.08%", "2008-09-30": "21.16%", "2008-06-30": "34.36%", "2008-03-31": "36.10%", "2007-12-31": "88.27%", "2007-09-30": "87.29%", "2007-06-30": "78.62%", "2007-03-31": "116.00%", "2006-12-31": "61.64%", "2006-09-30": "69.43%", "2006-06-30": "65.80%", "2006-03-31": "32.32%", "2005-12-31": "31.67%"}, "pe ratio": {"current": "14.65", "2021-02-05": "16.78", "2020-12-31": "17.22", "2020-09-30": "12.42", "2020-06-30": "13.55", "2020-03-31": "15.20", "2019-12-31": "39.98", "2019-09-30": "36.78", "2019-06-30": "35.58", "2019-03-31": "39.30", "2018-12-31": "28.28", "2018-09-30": "33.28", "2018-06-30": "33.74", "2018-03-31": "32.56", "2017-12-31": "40.08", "2017-09-30": "34.47", "2017-06-30": "37.33", "2017-03-31": "43.48", "2016-12-31": "34.12", "2016-09-30": "37.21", "2016-06-30": "29.42", "2016-03-31": "29.02", "2015-12-31": "29.52", "2015-09-30": "25.38", "2015-06-30": "28.45", "2015-03-31": "33.03", "2014-12-31": "38.23", "2014-09-30": "41.29", "2014-06-30": "38.98", "2014-03-31": "18.75", "2013-12-31": "16.47", "2013-09-30": "17.60", "2013-06-30": "19.89", "2013-03-31": "40.26", "2012-12-31": "39.41", "2012-09-30": "36.29", "2012-06-30": "33.90", "2012-03-31": "38.85", "2011-12-31": "39.40", "2011-09-30": "60.14", "2011-06-30": "76.16", "2011-03-31": "65.78", "2010-12-31": "54.71", "2010-09-30": "37.18", "2010-06-30": "30.59", "2010-03-31": "30.48", "2009-12-31": "27.08", "2009-09-30": "75.38", "2009-06-30": "61.51", "2009-03-31": "36.02", "2008-12-31": "36.08", "2008-09-30": "22.22", "2008-06-30": "13.57", "2008-03-31": "13.21", "2007-12-31": "5.52", "2007-09-30": "6.07", "2007-06-30": "6.61", "2007-03-31": "5.13", "2006-12-31": "9.10"}, "price sales": {"2021-02-05": "5.18", "2020-12-31": "5.32", "2020-09-30": "4.32", "2020-06-30": "4.71", "2020-03-31": "4.63", "2019-12-31": "6.90", "2019-09-30": "6.56", "2019-06-30": "6.61", "2019-03-31": "6.97", "2018-12-31": "5.96", "2018-09-30": "6.58", "2018-06-30": "6.72", "2018-03-31": "6.58", "2017-12-31": "6.97", "2017-09-30": "6.59", "2017-06-30": "6.63", "2017-03-31": "7.19", "2016-12-31": "6.69", "2016-09-30": "7.24", "2016-06-30": "6.96", "2016-03-31": "6.68", "2015-12-31": "6.80", "2015-09-30": "6.24", "2015-06-30": "6.37", "2015-03-31": "7.43", "2014-12-31": "6.89", "2014-09-30": "6.05", "2014-06-30": "6.26", "2014-03-31": "6.25", "2013-12-31": "5.68", "2013-09-30": "6.18", "2013-06-30": "6.38", "2013-03-31": "6.19", "2012-12-31": "6.52", "2012-09-30": "6.89", "2012-06-30": "6.73", "2012-03-31": "6.58", "2011-12-31": "6.24", "2011-09-30": "5.61", "2011-06-30": "6.82", "2011-03-31": "6.14", "2010-12-31": "5.65", "2010-09-30": "5.38", "2010-06-30": "4.61", "2010-03-31": "4.72", "2009-12-31": "4.03", "2009-09-30": "3.84", "2009-06-30": "2.72", "2009-03-31": "1.99", "2008-12-31": "3.07", "2008-09-30": "5.11", "2008-06-30": "4.85", "2008-03-31": "4.90", "2007-12-31": "4.88", "2007-09-30": "5.21", "2007-06-30": "5.09", "2007-03-31": "5.81", "2006-12-31": "5.49"}, "price book": {"current": "1.76", "2021-02-05": "1.69", "2020-09-30": "1.46", "2020-06-30": "1.61", "2020-03-31": "1.65", "2019-12-31": "2.55", "2019-09-30": "2.38", "2019-06-30": "2.35", "2019-03-31": "2.37", "2018-12-31": "1.97", "2018-09-30": "2.14", "2018-06-30": "2.16", "2018-03-31": "2.11", "2017-12-31": "2.24", "2017-09-30": "2.10", "2017-06-30": "2.10", "2017-03-31": "2.28", "2016-12-31": "2.15", "2016-09-30": "2.34", "2016-06-30": "2.24", "2016-03-31": "2.14", "2015-12-31": "2.14", "2015-09-30": "1.92", "2015-06-30": "1.97", "2015-03-31": "2.27", "2014-12-31": "2.09", "2014-09-30": "2.03", "2014-06-30": "2.07", "2014-03-31": "1.99", "2013-12-31": "1.73", "2013-09-30": "1.86", "2013-06-30": "1.84", "2013-03-31": "2.01", "2012-12-31": "2.15", "2012-09-30": "2.21", "2012-06-30": "2.14", "2012-03-31": "2.11", "2011-12-31": "2.02", "2011-09-30": "1.80", "2011-06-30": "2.13", "2011-03-31": "1.89", "2010-12-31": "1.76", "2010-09-30": "1.63", "2010-06-30": "1.40", "2010-03-31": "1.47", "2009-12-31": "1.30", "2009-09-30": "1.26", "2009-06-30": "0.91", "2009-03-31": "0.69", "2008-12-31": "1.06", "2008-09-30": "2.05", "2008-06-30": "1.93", "2008-03-31": "1.98", "2007-12-31": "1.95", "2007-09-30": "1.73", "2007-06-30": "1.77", "2007-03-31": "2.03", "2006-12-31": "2.44", "2006-09-30": "1.79", "2006-06-30": "1.63", "2006-03-31": "2.00"}, "price fcf": {"2021-02-05": "", "2020-09-30": "$3.89", "2020-06-30": "$2.91", "2020-03-31": "$2.07", "2019-12-31": "$0.93", "2019-09-30": "$2.64", "2019-06-30": "$3.58", "2019-03-31": "$2.79", "2018-12-31": "$3.30", "2018-09-30": "$1.32", "2018-06-30": "$1.10", "2018-03-31": "$-0.07", "2017-12-31": "$-0.71", "2017-09-30": "$-0.17", "2017-06-30": "$-0.94", "2017-03-31": "$0.28", "2016-12-31": "$1.29", "2016-09-30": "$2.93", "2016-06-30": "$3.83", "2016-03-31": "$5.38", "2015-12-31": "$5.01", "2015-09-30": "$5.61", "2015-06-30": "$5.79", "2015-03-31": "$4.08", "2014-12-31": "$3.37", "2014-09-30": "$1.15", "2014-06-30": "$2.29", "2014-03-31": "$0.67", "2013-12-31": "$-0.47", "2013-09-30": "$-2.03", "2013-06-30": "$-3.71", "2013-03-31": "$-1.49", "2012-12-31": "$-4.17", "2012-09-30": "$-3.77", "2012-06-30": "$-3.06", "2012-03-31": "$-3.11", "2011-12-31": "$0.87", "2011-09-30": "$-1.51", "2011-06-30": "$-2.32", "2011-03-31": "$-2.94", "2010-12-31": "$-3.39", "2010-09-30": "$-0.35", "2010-06-30": "$0.07", "2010-03-31": "$0.75", "2009-12-31": "$1.33", "2009-09-30": "$-0.67", "2009-06-30": "$-1.42", "2009-03-31": "$-1.92", "2008-12-31": "$-0.12", "2008-09-30": "$-15.26", "2008-06-30": "$-11.70", "2008-03-31": "$-11.17", "2007-12-31": "$-4.17", "2007-09-30": "$1.93", "2007-06-30": "$6.30", "2007-03-31": "$7.88", "2006-12-31": "$-0.97"}, "net worth": {"value": "$14.34B"}, "current ratio": {"2020-12-31": "6.81", "2020-09-30": "7.03", "2020-06-30": "7.67", "2020-03-31": "5.59", "2019-12-31": "4.15", "2019-09-30": "3.98", "2019-06-30": "4.58", "2019-03-31": "3.78", "2018-12-31": "4.81", "2018-09-30": "3.74", "2018-06-30": "4.02", "2018-03-31": "3.14", "2017-12-31": "3.52", "2017-09-30": "3.51", "2017-06-30": "3.73", "2017-03-31": "1.63", "2016-12-31": "1.82", "2016-09-30": "1.85", "2016-06-30": "3.06", "2016-03-31": "3.85", "2015-12-31": "2.56", "2015-09-30": "3.64", "2015-06-30": "4.03", "2015-03-31": "4.09", "2014-12-31": "5.09", "2014-09-30": "2.82", "2014-06-30": "3.30", "2014-03-31": "3.35", "2013-12-31": "5.70", "2013-09-30": "4.14", "2013-06-30": "4.41", "2013-03-31": "6.59", "2012-12-31": "7.93", "2012-09-30": "7.75", "2012-06-30": "11.92", "2012-03-31": "6.10", "2011-12-31": "12.65", "2011-09-30": "7.69", "2011-06-30": "8.40", "2011-03-31": "7.38", "2010-12-31": "7.28", "2010-09-30": "8.36", "2010-06-30": "9.70", "2010-03-31": "7.69", "2009-12-31": "7.42", "2009-09-30": "5.38", "2009-06-30": "5.27", "2009-03-31": "3.33", "2008-12-31": "3.85", "2008-09-30": "3.43", "2008-06-30": "3.39", "2008-03-31": "7.38", "2007-12-31": "10.25", "2007-09-30": "12.50", "2007-06-30": "12.31", "2007-03-31": "15.83", "2006-12-31": "7.55", "2006-09-30": "9.53", "2006-06-30": "11.35", "2006-03-31": "3.28", "2005-12-31": "4.07", "2005-09-30": "6.63", "2005-06-30": "6.02", "2005-03-31": "3.64"}, "quick ratio": {"2020-12-31": "0.00", "2020-09-30": "0.00", "2020-06-30": "0.00", "2020-03-31": "0.00", "2019-12-31": "0.00", "2019-09-30": "0.00", "2019-06-30": "0.00", "2019-03-31": "0.00", "2018-12-31": "0.00", "2018-09-30": "0.00", "2018-06-30": "0.00", "2018-03-31": "0.00", "2017-12-31": "0.00", "2017-09-30": "0.00", "2017-06-30": "0.00", "2017-03-31": "0.00", "2016-12-31": "0.00", "2016-09-30": "0.00", "2016-06-30": "0.00", "2016-03-31": "0.00", "2015-12-31": "0.00", "2015-09-30": "0.00", "2015-06-30": "0.00", "2015-03-31": "0.00", "2014-12-31": "0.00", "2014-09-30": "0.00", "2014-06-30": "0.00", "2014-03-31": "0.00", "2013-12-31": "0.00", "2013-09-30": "0.00", "2013-06-30": "0.00", "2013-03-31": "0.00", "2012-12-31": "0.00", "2012-09-30": "0.00", "2012-06-30": "0.00", "2012-03-31": "0.00", "2011-12-31": "0.00", "2011-09-30": "0.00", "2011-06-30": "0.00", "2011-03-31": "0.00", "2010-12-31": "0.00", "2010-09-30": "0.00", "2010-06-30": "0.00", "2010-03-31": "0.00", "2009-12-31": "0.00", "2009-09-30": "0.00", "2009-06-30": "0.00", "2009-03-31": "0.00", "2008-12-31": "0.00", "2008-09-30": "0.00", "2008-06-30": "0.00", "2008-03-31": "0.00", "2007-12-31": "0.00", "2007-09-30": "0.00", "2007-06-30": "0.00", "2007-03-31": "0.00", "2006-12-31": "0.00", "2006-09-30": "0.00", "2006-06-30": "0.00", "2006-03-31": "0.00", "2005-12-31": "0.00", "2005-09-30": "0.00", "2005-06-30": "0.00", "2005-03-31": "0.00"}, "debt equity ratio": {"current": "1.63", "2020-12-31": "1.74", "2020-09-30": "1.70", "2020-06-30": "1.69", "2020-03-31": "1.59", "2019-12-31": "1.66", "2019-09-30": "1.66", "2019-06-30": "1.65", "2019-03-31": "1.51", "2018-12-31": "1.47", "2018-09-30": "1.45", "2018-06-30": "1.43", "2018-03-31": "1.39", "2017-12-31": "1.39", "2017-09-30": "1.38", "2017-06-30": "1.39", "2017-03-31": "1.39", "2016-12-31": "1.38", "2016-09-30": "1.39", "2016-06-30": "1.40", "2016-03-31": "1.42", "2015-12-31": "1.33", "2015-09-30": "1.35", "2015-06-30": "1.39", "2015-03-31": "1.40", "2014-12-31": "1.52", "2014-09-30": "1.68", "2014-06-30": "1.69", "2014-03-31": "1.71", "2013-12-31": "1.86", "2013-09-30": "1.90", "2013-06-30": "1.91", "2013-03-31": "1.69", "2012-12-31": "1.74", "2012-09-30": "1.66", "2012-06-30": "1.68", "2012-03-31": "1.58", "2011-12-31": "1.73", "2011-09-30": "1.60", "2011-06-30": "1.60", "2011-03-31": "1.62", "2010-12-31": "1.69", "2010-09-30": "1.54", "2010-06-30": "1.52", "2010-03-31": "1.42", "2009-12-31": "1.44", "2009-09-30": "1.29", "2009-06-30": "1.28", "2009-03-31": "1.58", "2008-12-31": "1.56", "2008-09-30": "1.98", "2008-06-30": "1.81", "2008-03-31": "1.82", "2007-12-31": "2.05", "2007-09-30": "1.53", "2007-06-30": "1.64", "2007-03-31": "1.68", "2006-12-31": "2.01", "2006-09-30": "1.56", "2006-06-30": "1.72", "2006-03-31": "1.96", "2005-12-31": "2.05", "2005-09-30": "2.24", "2005-06-30": "1.98", "2005-03-31": "2.10"}, "return on equity": {"2020-12-31": "10.19%", "2020-09-30": "11.89%", "2020-06-30": "12.29%", "2020-03-31": "11.22%", "2019-12-31": "6.35%", "2019-09-30": "6.41%", "2019-06-30": "6.50%", "2019-03-31": "6.04%", "2018-12-31": "6.98%", "2018-09-30": "6.46%", "2018-06-30": "6.45%", "2018-03-31": "6.54%", "2017-12-31": "5.62%", "2017-09-30": "6.18%", "2017-06-30": "5.73%", "2017-03-31": "5.29%", "2016-12-31": "6.36%", "2016-09-30": "6.26%", "2016-06-30": "7.56%", "2016-03-31": "7.32%", "2015-12-31": "7.16%", "2015-09-30": "7.62%", "2015-06-30": "7.15%", "2015-03-31": "7.36%", "2014-12-31": "5.99%", "2014-09-30": "4.95%", "2014-06-30": "5.37%", "2014-03-31": "10.89%", "2013-12-31": "11.30%", "2013-09-30": "11.55%", "2013-06-30": "10.45%", "2013-03-31": "5.06%", "2012-12-31": "5.13%", "2012-09-30": "5.82%", "2012-06-30": "6.16%", "2012-03-31": "5.17%", "2011-12-31": "5.10%", "2011-09-30": "3.03%", "2011-06-30": "2.82%", "2011-03-31": "2.87%", "2010-12-31": "3.14%", "2010-09-30": "4.43%", "2010-06-30": "4.60%", "2010-03-31": "4.71%", "2009-12-31": "4.75%", "2009-09-30": "1.72%", "2009-06-30": "1.33%", "2009-03-31": "1.64%", "2008-12-31": "2.73%", "2008-09-30": "8.53%", "2008-06-30": "13.32%", "2008-03-31": "13.61%", "2007-12-31": "32.09%", "2007-09-30": "32.01%", "2007-06-30": "29.62%", "2007-03-31": "45.03%", "2006-12-31": "25.80%", "2006-09-30": "28.88%", "2006-06-30": "29.56%", "2006-03-31": "15.15%", "2005-12-31": "14.92%"}, "return on assets": {"2020-12-31": "3.80%", "2020-09-30": "4.47%", "2020-06-30": "4.64%", "2020-03-31": "4.25%", "2019-12-31": "2.42%", "2019-09-30": "2.49%", "2019-06-30": "2.58%", "2019-03-31": "2.45%", "2018-12-31": "2.87%", "2018-09-30": "2.67%", "2018-06-30": "2.69%", "2018-03-31": "2.74%", "2017-12-31": "2.35%", "2017-09-30": "2.59%", "2017-06-30": "2.40%", "2017-03-31": "2.21%", "2016-12-31": "2.65%", "2016-09-30": "2.62%", "2016-06-30": "3.19%", "2016-03-31": "3.08%", "2015-12-31": "3.03%", "2015-09-30": "3.16%", "2015-06-30": "2.87%", "2015-03-31": "2.87%", "2014-12-31": "2.27%", "2014-09-30": "1.81%", "2014-06-30": "1.92%", "2014-03-31": "3.83%", "2013-12-31": "3.97%", "2013-09-30": "4.10%", "2013-06-30": "3.79%", "2013-03-31": "1.88%", "2012-12-31": "1.92%", "2012-09-30": "2.19%", "2012-06-30": "2.33%", "2012-03-31": "1.97%", "2011-12-31": "1.93%", "2011-09-30": "1.16%", "2011-06-30": "1.08%", "2011-03-31": "1.11%", "2010-12-31": "1.24%", "2010-09-30": "1.78%", "2010-06-30": "1.90%", "2010-03-31": "2.00%", "2009-12-31": "1.99%", "2009-09-30": "0.71%", "2009-06-30": "0.52%", "2009-03-31": "0.60%", "2008-12-31": "0.98%", "2008-09-30": "2.93%", "2008-06-30": "4.77%", "2008-03-31": "4.95%", "2007-12-31": "11.83%", "2007-09-30": "11.88%", "2007-06-30": "10.94%", "2007-03-31": "16.49%", "2006-12-31": "9.23%", "2006-09-30": "10.31%", "2006-06-30": "9.93%", "2006-03-31": "4.96%", "2005-12-31": "4.83%"}, "return on investments": {"2020-12-31": "3.74%", "2020-09-30": "4.62%", "2020-06-30": "4.88%", "2020-03-31": "5.27%", "2019-12-31": "5.14%", "2019-09-30": "4.48%", "2019-06-30": "4.38%", "2019-03-31": "4.34%", "2018-12-31": "4.82%", "2018-09-30": "4.84%", "2018-06-30": "4.86%", "2018-03-31": "4.95%", "2017-12-31": "5.00%", "2017-09-30": "4.90%", "2017-06-30": "4.53%", "2017-03-31": "4.45%", "2016-12-31": "4.68%", "2016-09-30": "4.78%", "2016-06-30": "5.16%", "2016-03-31": "5.07%", "2015-12-31": "4.82%", "2015-09-30": "4.75%", "2015-06-30": "4.70%", "2015-03-31": "4.70%", "2014-12-31": "4.55%", "2014-09-30": "4.44%", "2014-06-30": "4.24%", "2014-03-31": "4.03%", "2013-12-31": "3.92%", "2013-09-30": "3.95%", "2013-06-30": "4.03%", "2013-03-31": "4.30%", "2012-12-31": "4.50%", "2012-09-30": "4.44%", "2012-06-30": "4.54%", "2012-03-31": "4.52%", "2011-12-31": "4.49%", "2011-09-30": "6.83%", "2011-06-30": "6.08%", "2011-03-31": "5.48%", "2010-12-31": "4.94%", "2010-09-30": "1.84%", "2010-06-30": "2.02%", "2010-03-31": "2.18%", "2009-12-31": "2.22%", "2009-09-30": "2.31%", "2009-06-30": "2.20%", "2009-03-31": "2.37%", "2008-12-31": "2.75%", "2008-09-30": "3.11%", "2008-06-30": "3.49%", "2008-03-31": "3.52%", "2007-12-31": "3.49%", "2007-09-30": "3.65%", "2007-06-30": "3.77%", "2007-03-31": "3.47%", "2006-12-31": "3.64%", "2006-09-30": "3.44%", "2006-06-30": "3.48%", "2006-03-31": "3.74%", "2005-12-31": "3.68%"}, "return on tangible equity": {"2020-09-30": "11.89%", "2020-06-30": "12.29%", "2020-03-31": "11.22%", "2019-12-31": "6.35%", "2019-09-30": "6.41%", "2019-06-30": "6.50%", "2019-03-31": "6.04%", "2018-12-31": "6.98%", "2018-09-30": "6.46%", "2018-06-30": "6.45%", "2018-03-31": "6.54%", "2017-12-31": "5.62%", "2017-09-30": "6.18%", "2017-06-30": "5.73%", "2017-03-31": "5.29%", "2016-12-31": "6.36%", "2016-09-30": "6.26%", "2016-06-30": "7.56%", "2016-03-31": "7.32%", "2015-12-31": "7.16%", "2015-09-30": "7.62%", "2015-06-30": "7.15%", "2015-03-31": "7.36%", "2014-12-31": "5.99%", "2014-09-30": "4.95%", "2014-06-30": "5.37%", "2014-03-31": "10.89%", "2013-12-31": "11.30%", "2013-09-30": "11.55%", "2013-06-30": "10.45%", "2013-03-31": "5.06%", "2012-12-31": "5.13%", "2012-09-30": "5.82%", "2012-06-30": "6.16%", "2012-03-31": "5.17%", "2011-12-31": "5.10%", "2011-09-30": "3.03%", "2011-06-30": "2.82%", "2011-03-31": "2.87%", "2010-12-31": "3.14%", "2010-09-30": "4.43%", "2010-06-30": "4.60%", "2010-03-31": "4.71%", "2009-12-31": "4.75%", "2009-09-30": "1.72%", "2009-06-30": "1.33%", "2009-03-31": "1.64%", "2008-12-31": "2.73%", "2008-09-30": "8.53%", "2008-06-30": "13.32%", "2008-03-31": "13.61%", "2007-12-31": "32.09%", "2007-09-30": "32.01%", "2007-06-30": "29.62%", "2007-03-31": "45.03%", "2006-12-31": "25.80%", "2006-09-30": "28.88%", "2006-06-30": "29.56%", "2006-03-31": "15.15%", "2005-12-31": "14.92%"}, "dividend yield history": {"last payout": "$3.92", "last yield": "4.26%"}}