{"ticker": "BSX", "price": {"title": "Boston Scientific Historical Annual Stock Price Data", "value": 38.96, "historical": {"2021": {"Average Stock Price": "36.5900", "Year Open": "35.2700", "Year High": "38.9600", "Year Low": "35.2700", "Year Close": "38.9600", "Annual % Change": "8.37%"}, "2020": {"Average Stock Price": "37.4060", "Year Open": "45.3300", "Year High": "45.7100", "Year Low": "25.8300", "Year Close": "35.9500", "Annual % Change": "-20.50%"}, "2019": {"Average Stock Price": "40.2481", "Year Open": "34.4600", "Year High": "45.3700", "Year Low": "32.9100", "Year Close": "45.2200", "Annual % Change": "27.96%"}, "2018": {"Average Stock Price": "32.1653", "Year Open": "25.2800", "Year High": "39.0400", "Year Low": "25.2000", "Year Close": "35.3400", "Annual % Change": "42.56%"}, "2017": {"Average Stock Price": "26.5221", "Year Open": "21.8800", "Year High": "29.8000", "Year Low": "21.8800", "Year Close": "24.7900", "Annual % Change": "14.61%"}, "2016": {"Average Stock Price": "21.2597", "Year Open": "17.9900", "Year High": "24.4800", "Year Low": "16.0700", "Year Close": "21.6300", "Annual % Change": "17.30%"}, "2015": {"Average Stock Price": "17.1850", "Year Open": "13.2200", "Year High": "18.9400", "Year Low": "13.2200", "Year Close": "18.4400", "Annual % Change": "39.17%"}, "2014": {"Average Stock Price": "12.8728", "Year Open": "11.9100", "Year High": "13.9800", "Year Low": "11.3700", "Year Close": "13.2500", "Annual % Change": "10.23%"}, "2013": {"Average Stock Price": "9.6037", "Year Open": "5.8900", "Year High": "12.3800", "Year Low": "5.8900", "Year Close": "12.0200", "Annual % Change": "109.77%"}, "2012": {"Average Stock Price": "5.6996", "Year Open": "5.3600", "Year High": "6.3600", "Year Low": "4.9700", "Year Close": "5.7300", "Annual % Change": "7.30%"}, "2011": {"Average Stock Price": "6.5926", "Year Open": "7.6000", "Year High": "7.7900", "Year Low": "5.0900", "Year Close": "5.3400", "Annual % Change": "-29.46%"}, "2010": {"Average Stock Price": "6.7475", "Year Open": "9.0100", "Year High": "9.6200", "Year Low": "5.1300", "Year Close": "7.5700", "Annual % Change": "-15.89%"}, "2009": {"Average Stock Price": "9.1604", "Year Open": "7.8800", "Year High": "11.7500", "Year Low": "6.1400", "Year Close": "9.0000", "Annual % Change": "16.28%"}, "2008": {"Average Stock Price": "11.5123", "Year Open": "11.4100", "Year High": "14.1100", "Year Low": "5.4800", "Year Close": "7.7400", "Annual % Change": "-33.45%"}, "2007": {"Average Stock Price": "14.7927", "Year Open": "16.9100", "Year High": "18.5900", "Year Low": "11.4700", "Year Close": "11.6300", "Annual % Change": "-32.31%"}, "2006": {"Average Stock Price": "19.1090", "Year Open": "24.4600", "Year High": "26.4800", "Year Low": "14.6500", "Year Close": "17.1800", "Annual % Change": "-29.85%"}, "2005": {"Average Stock Price": "28.2744", "Year Open": "34.2900", "Year High": "35.1900", "Year Low": "22.9500", "Year Close": "24.4900", "Annual % Change": "-31.11%"}, "2004": {"Average Stock Price": "38.7842", "Year Open": "36.2500", "Year High": "45.8100", "Year Low": "32.1200", "Year Close": "35.5500", "Annual % Change": "-3.29%"}, "2003": {"Average Stock Price": "28.0464", "Year Open": "21.4950", "Year High": "36.7600", "Year Low": "19.8350", "Year Close": "36.7600", "Annual % Change": "72.91%"}, "2002": {"Average Stock Price": "14.7091", "Year Open": "11.3750", "Year High": "22.1050", "Year Low": "10.5550", "Year Close": "21.2600", "Annual % Change": "76.29%"}, "2001": {"Average Stock Price": "9.5295", "Year Open": "6.7500", "Year High": "13.8400", "Year Low": "6.7500", "Year Close": "12.0600", "Annual % Change": "76.19%"}, "2000": {"Average Stock Price": "9.8086", "Year Open": "11.5000", "Year High": "14.1550", "Year Low": "6.1250", "Year Close": "6.8450", "Annual % Change": "-37.43%"}, "1999": {"Average Stock Price": "15.8623", "Year Open": "13.2200", "Year High": "23.2500", "Year Low": "8.9050", "Year Close": "10.9400", "Annual % Change": "-18.39%"}, "1998": {"Average Stock Price": "15.4810", "Year Open": "11.5625", "Year High": "20.2825", "Year Low": "10.5950", "Year Close": "13.4050", "Annual % Change": "16.87%"}, "1997": {"Average Stock Price": "14.8484", "Year Open": "14.8450", "Year High": "19.2500", "Year Low": "10.3900", "Year Close": "11.4700", "Annual % Change": "-23.53%"}, "1996": {"Average Stock Price": "12.1396", "Year Open": "11.9375", "Year High": "15.2500", "Year Low": "9.7813", "Year Close": "15.0000", "Annual % Change": "21.83%"}, "1995": {"Average Stock Price": "8.0429", "Year Open": "4.1875", "Year High": "12.3125", "Year Low": "4.1875", "Year Close": "12.3125", "Annual % Change": "183.37%"}, "1994": {"Average Stock Price": "3.7646", "Year Open": "3.0000", "Year High": "4.4075", "Year Low": "3.0000", "Year Close": "4.3450", "Annual % Change": "39.04%"}, "1993": {"Average Stock Price": "3.6889", "Year Open": "5.2825", "Year High": "5.7825", "Year Low": "2.4063", "Year Close": "3.1250", "Annual % Change": "-40.13%"}}}, "market cap": {"value": "$55.79B"}, "income statement": {"Revenue": {"2020-12-31": "9913.00000", "2019-12-31": "10735.00000", "2018-12-31": "9823.00000", "2017-12-31": "9048.00000", "2016-12-31": "8386.00000", "2015-12-31": "7477.00000", "2014-12-31": "7380.00000", "2013-12-31": "7143.00000", "2012-12-31": "7249.00000", "2011-12-31": "7622.00000", "2010-12-31": "7806.00000", "2009-12-31": "8188.00000", "2008-12-31": "8050.00000", "2007-12-31": "8357.00000", "2006-12-31": "7821.00000", "2005-12-31": "6283.00000"}, "Cost Of Goods Sold": {"2020-12-31": "3465.00000", "2019-12-31": "3116.00000", "2018-12-31": "2813.00000", "2017-12-31": "2593.00000", "2016-12-31": "2424.00000", "2015-12-31": "2173.00000", "2014-12-31": "2210.00000", "2013-12-31": "2174.00000", "2012-12-31": "2349.00000", "2011-12-31": "2659.00000", "2010-12-31": "2599.00000", "2009-12-31": "2576.00000", "2008-12-31": "2469.00000", "2007-12-31": "2342.00000", "2006-12-31": "2207.00000", "2005-12-31": "1386.00000"}, "Gross Profit": {"2020-12-31": "6448.00000", "2019-12-31": "7619.00000", "2018-12-31": "7010.00000", "2017-12-31": "6455.00000", "2016-12-31": "5962.00000", "2015-12-31": "5304.00000", "2014-12-31": "5170.00000", "2013-12-31": "4969.00000", "2012-12-31": "4900.00000", "2011-12-31": "4963.00000", "2010-12-31": "5207.00000", "2009-12-31": "5612.00000", "2008-12-31": "5581.00000", "2007-12-31": "6015.00000", "2006-12-31": "5614.00000", "2005-12-31": "4897.00000"}, "Research And Development Expenses": {"2020-12-31": "1143.00000", "2019-12-31": "1174.00000", "2018-12-31": "1113.00000", "2017-12-31": "997.00000", "2016-12-31": "920.00000", "2015-12-31": "876.00000", "2014-12-31": "817.00000", "2013-12-31": "861.00000", "2012-12-31": "886.00000", "2011-12-31": "895.00000", "2010-12-31": "939.00000", "2009-12-31": "1035.00000", "2008-12-31": "1006.00000", "2007-12-31": "1091.00000", "2006-12-31": "1008.00000", "2005-12-31": "680.00000"}, "SG&A Expenses": {"2020-12-31": "3832.00000", "2019-12-31": "4006.00000", "2018-12-31": "3639.00000", "2017-12-31": "3362.00000", "2016-12-31": "3178.00000", "2015-12-31": "2943.00000", "2014-12-31": "3013.00000", "2013-12-31": "2814.00000", "2012-12-31": "2688.00000", "2011-12-31": "2659.00000", "2010-12-31": "2765.00000", "2009-12-31": "2826.00000", "2008-12-31": "2792.00000", "2007-12-31": "3111.00000", "2006-12-31": "2906.00000", "2005-12-31": "2041.00000"}, "Other Operating Income Or Expenses": {"2020-12-31": "-638.00000", "2019-12-31": "-185.00000", "2018-12-31": "-117.00000", "2017-12-31": "-209.00000", "2016-12-31": "-844.00000", "2015-12-31": "-1247.00000", "2014-12-31": "-1134.00000", "2013-12-31": "-442.00000", "2012-12-31": "-313.00000", "2011-12-31": "702.00000", "2010-12-31": "37.00000", "2009-12-31": "-2034.00000", "2008-12-31": "-511.00000", "2007-12-31": "-946.00000", "2006-12-31": "", "2005-12-31": "-780.00000"}, "Operating Expenses": {"2020-12-31": "10050.00000", "2019-12-31": "9218.00000", "2018-12-31": "8317.00000", "2017-12-31": "7763.00000", "2016-12-31": "7939.00000", "2015-12-31": "7760.00000", "2014-12-31": "7681.00000", "2013-12-31": "7023.00000", "2012-12-31": "11117.00000", "2011-12-31": "6718.00000", "2010-12-31": "8462.00000", "2009-12-31": "9082.00000", "2008-12-31": "9555.00000", "2007-12-31": "8371.00000", "2006-12-31": "10770.00000", "2005-12-31": "5315.00000"}, "Operating Income": {"2020-12-31": "-137.00000", "2019-12-31": "1517.00000", "2018-12-31": "1506.00000", "2017-12-31": "1285.00000", "2016-12-31": "447.00000", "2015-12-31": "-283.00000", "2014-12-31": "-301.00000", "2013-12-31": "120.00000", "2012-12-31": "-3868.00000", "2011-12-31": "904.00000", "2010-12-31": "-656.00000", "2009-12-31": "-894.00000", "2008-12-31": "-1505.00000", "2007-12-31": "-14.00000", "2006-12-31": "-2949.00000", "2005-12-31": "968.00000"}, "Total Non-Operating Income/Expense": {"2020-12-31": "1.00000", "2019-12-31": "-831.00000", "2018-12-31": "-85.00000", "2017-12-31": "-353.00000", "2016-12-31": "-270.00000", "2015-12-31": "-367.00000", "2014-12-31": "-208.00000", "2013-12-31": "-343.00000", "2012-12-31": "-239.00000", "2011-12-31": "-262.00000", "2010-12-31": "-407.00000", "2009-12-31": "-414.00000", "2008-12-31": "-526.00000", "2007-12-31": "-555.00000", "2006-12-31": "-586.00000", "2005-12-31": "-77.00000"}, "Pre-Tax Income": {"2020-12-31": "-138.00000", "2019-12-31": "687.00000", "2018-12-31": "1422.00000", "2017-12-31": "933.00000", "2016-12-31": "177.00000", "2015-12-31": "-650.00000", "2014-12-31": "-509.00000", "2013-12-31": "-223.00000", "2012-12-31": "-4107.00000", "2011-12-31": "642.00000", "2010-12-31": "-1063.00000", "2009-12-31": "-1308.00000", "2008-12-31": "-2031.00000", "2007-12-31": "-569.00000", "2006-12-31": "-3535.00000", "2005-12-31": "891.00000"}, "Income Taxes": {"2020-12-31": "2.00000", "2019-12-31": "-4013.00000", "2018-12-31": "-249.00000", "2017-12-31": "828.00000", "2016-12-31": "-170.00000", "2015-12-31": "-411.00000", "2014-12-31": "-390.00000", "2013-12-31": "-102.00000", "2012-12-31": "-39.00000", "2011-12-31": "201.00000", "2010-12-31": "2.00000", "2009-12-31": "-283.00000", "2008-12-31": "5.00000", "2007-12-31": "-74.00000", "2006-12-31": "42.00000", "2005-12-31": "263.00000"}, "Income After Taxes": {"2020-12-31": "-140.00000", "2019-12-31": "4700.00000", "2018-12-31": "1671.00000", "2017-12-31": "105.00000", "2016-12-31": "347.00000", "2015-12-31": "-239.00000", "2014-12-31": "-119.00000", "2013-12-31": "-121.00000", "2012-12-31": "-4068.00000", "2011-12-31": "441.00000", "2010-12-31": "-1065.00000", "2009-12-31": "-1025.00000", "2008-12-31": "-2036.00000", "2007-12-31": "-495.00000", "2006-12-31": "-3577.00000", "2005-12-31": "628.00000"}, "Other Income": {"2020-12-31": "", "2019-12-31": "", "2018-12-31": "", "2017-12-31": "", "2016-12-31": "", "2015-12-31": "", "2014-12-31": "", "2013-12-31": "", "2012-12-31": "", "2011-12-31": "", "2010-12-31": "", "2009-12-31": "", "2008-12-31": "", "2007-12-31": "", "2006-12-31": "", "2005-12-31": ""}, "Income From Continuous Operations": {"2020-12-31": "-140.00000", "2019-12-31": "4700.00000", "2018-12-31": "1671.00000", "2017-12-31": "105.00000", "2016-12-31": "347.00000", "2015-12-31": "-239.00000", "2014-12-31": "-119.00000", "2013-12-31": "-121.00000", "2012-12-31": "-4068.00000", "2011-12-31": "441.00000", "2010-12-31": "-1065.00000", "2009-12-31": "-1025.00000", "2008-12-31": "-2036.00000", "2007-12-31": "-495.00000", "2006-12-31": "-3577.00000", "2005-12-31": "628.00000"}, "Income From Discontinued Operations": {"2020-12-31": "", "2019-12-31": "", "2018-12-31": "", "2017-12-31": "", "2016-12-31": "", "2015-12-31": "", "2014-12-31": "", "2013-12-31": "", "2012-12-31": "", "2011-12-31": "", "2010-12-31": "", "2009-12-31": "", "2008-12-31": "", "2007-12-31": "", "2006-12-31": "", "2005-12-31": ""}, "Net Income": {"2020-12-31": "-173.00000", "2019-12-31": "4700.00000", "2018-12-31": "1671.00000", "2017-12-31": "104.00000", "2016-12-31": "347.00000", "2015-12-31": "-239.00000", "2014-12-31": "-119.00000", "2013-12-31": "-121.00000", "2012-12-31": "-4068.00000", "2011-12-31": "441.00000", "2010-12-31": "-1065.00000", "2009-12-31": "-1025.00000", "2008-12-31": "-2036.00000", "2007-12-31": "-495.00000", "2006-12-31": "-3577.00000", "2005-12-31": "628.00000"}, "EBITDA": {"2020-12-31": "-137.00000", "2019-12-31": "2633.00000", "2018-12-31": "2435.00000", "2017-12-31": "2133.00000", "2016-12-31": "1273.00000", "2015-12-31": "505.00000", "2014-12-31": "619.00000", "2013-12-31": "1285.00000", "2012-12-31": "1307.00000", "2011-12-31": "2339.00000", "2010-12-31": "2042.00000", "2009-12-31": "-48.00000", "2008-12-31": "2149.00000", "2007-12-31": "925.00000", "2006-12-31": "-2168.00000", "2005-12-31": "1282.00000"}, "EBIT": {"2020-12-31": "-137.00000", "2019-12-31": "1517.00000", "2018-12-31": "1506.00000", "2017-12-31": "1285.00000", "2016-12-31": "447.00000", "2015-12-31": "-283.00000", "2014-12-31": "-301.00000", "2013-12-31": "120.00000", "2012-12-31": "-3868.00000", "2011-12-31": "904.00000", "2010-12-31": "-656.00000", "2009-12-31": "-894.00000", "2008-12-31": "-1505.00000", "2007-12-31": "-14.00000", "2006-12-31": "-2949.00000", "2005-12-31": "968.00000"}, "Basic Shares Outstanding": {"2020-12-31": "1416.70000", "2019-12-31": "1391.50000", "2018-12-31": "1381.00000", "2017-12-31": "1370.10000", "2016-12-31": "1357.60000", "2015-12-31": "1341.20000", "2014-12-31": "1324.30000", "2013-12-31": "1341.20000", "2012-12-31": "1406.70000", "2011-12-31": "1509.30000", "2010-12-31": "1517.80000", "2009-12-31": "1507.90000", "2008-12-31": "1498.50000", "2007-12-31": "1486.90000", "2006-12-31": "1273.70000", "2005-12-31": "825.80000"}, "Shares Outstanding": {"2020-12-31": "1416.70000", "2019-12-31": "1410.60000", "2018-12-31": "1401.40000", "2017-12-31": "1392.70000", "2016-12-31": "1377.20000", "2015-12-31": "1341.20000", "2014-12-31": "1324.30000", "2013-12-31": "1341.20000", "2012-12-31": "1406.70000", "2011-12-31": "1519.00000", "2010-12-31": "1517.80000", "2009-12-31": "1507.90000", "2008-12-31": "1498.50000", "2007-12-31": "1486.90000", "2006-12-31": "1273.70000", "2005-12-31": "837.60000"}, "Basic EPS": {"2020-12-31": "-0.12000", "2019-12-31": "3.38000", "2018-12-31": "1.21000", "2017-12-31": "0.08000", "2016-12-31": "0.26000", "2015-12-31": "-0.18000", "2014-12-31": "-0.09000", "2013-12-31": "-0.09000", "2012-12-31": "-2.89000", "2011-12-31": "0.29000", "2010-12-31": "-0.70000", "2009-12-31": "-0.68000", "2008-12-31": "-1.36000", "2007-12-31": "-0.33000", "2006-12-31": "-2.81000", "2005-12-31": "0.76000"}, "EPS - Earnings Per Share": {"2020-12-31": "-0.12000", "2019-12-31": "3.33000", "2018-12-31": "1.19000", "2017-12-31": "0.08000", "2016-12-31": "0.25000", "2015-12-31": "-0.18000", "2014-12-31": "-0.09000", "2013-12-31": "-0.09000", "2012-12-31": "-2.89000", "2011-12-31": "0.29000", "2010-12-31": "-0.70000", "2009-12-31": "-0.68000", "2008-12-31": "-1.36000", "2007-12-31": "-0.33000", "2006-12-31": "-2.81000", "2005-12-31": "0.75000"}}, "income statement, quarterly": {"Revenue": {"2020-12-31": "2708.00000", "2020-09-30": "2659.00000", "2020-06-30": "2003.00000", "2020-03-31": "2543.00000", "2019-12-31": "2904.00000", "2019-09-30": "2707.00000", "2019-06-30": "2631.00000", "2019-03-31": "2493.00000", "2018-12-31": "2561.00000", "2018-09-30": "2393.00000", "2018-06-30": "2490.00000", "2018-03-31": "2379.00000", "2017-12-31": "2409.00000", "2017-09-30": "2222.00000", "2017-06-30": "2257.00000", "2017-03-31": "2160.00000", "2016-12-31": "2191.00000", "2016-09-30": "2105.00000", "2016-06-30": "2126.00000", "2016-03-31": "1964.00000", "2015-12-31": "1978.00000", "2015-09-30": "1888.00000", "2015-06-30": "1843.00000", "2015-03-31": "1768.00000", "2014-12-31": "1887.00000", "2014-09-30": "1846.00000", "2014-06-30": "1873.00000", "2014-03-31": "1774.00000", "2013-12-31": "1838.00000", "2013-09-30": "1735.00000", "2013-06-30": "1809.00000", "2013-03-31": "1761.00000", "2012-12-31": "1820.00000", "2012-09-30": "1735.00000", "2012-06-30": "1828.00000", "2012-03-31": "1866.00000", "2011-12-31": "1848.00000", "2011-09-30": "1874.00000", "2011-06-30": "1975.00000", "2011-03-31": "1925.00000", "2010-12-31": "2002.00000", "2010-09-30": "1916.00000", "2010-06-30": "1928.00000", "2010-03-31": "1960.00000", "2009-12-31": "2079.00000", "2009-09-30": "2025.00000", "2009-06-30": "2074.00000", "2009-03-31": "2010.00000", "2008-12-31": "2002.00000", "2008-09-30": "1978.00000", "2008-06-30": "2024.00000", "2008-03-31": "2046.00000", "2007-12-31": "2152.00000", "2007-09-30": "2048.00000", "2007-06-30": "2071.00000", "2007-03-31": "2086.00000", "2006-12-31": "2065.00000", "2006-09-30": "2026.00000", "2006-06-30": "2110.00000", "2006-03-31": "1620.00000", "2005-12-31": "1540.00000", "2005-09-30": "1511.00000", "2005-06-30": "1617.00000", "2005-03-31": "1615.00000"}, "Cost Of Goods Sold": {"2020-12-31": "1000.00000", "2020-09-30": "869.00000", "2020-06-30": "791.00000", "2020-03-31": "806.00000", "2019-12-31": "851.00000", "2019-09-30": "777.00000", "2019-06-30": "758.00000", "2019-03-31": "730.00000", "2018-12-31": "730.00000", "2018-09-30": "672.00000", "2018-06-30": "739.00000", "2018-03-31": "672.00000", "2017-12-31": "674.00000", "2017-09-30": "637.00000", "2017-06-30": "632.00000", "2017-03-31": "650.00000", "2016-12-31": "618.00000", "2016-09-30": "594.00000", "2016-06-30": "639.00000", "2016-03-31": "573.00000", "2015-12-31": "574.00000", "2015-09-30": "539.00000", "2015-06-30": "540.00000", "2015-03-31": "520.00000", "2014-12-31": "560.00000", "2014-09-30": "550.00000", "2014-06-30": "563.00000", "2014-03-31": "537.00000", "2013-12-31": "556.00000", "2013-09-30": "510.00000", "2013-06-30": "530.00000", "2013-03-31": "578.00000", "2012-12-31": "582.00000", "2012-09-30": "558.00000", "2012-06-30": "578.00000", "2012-03-31": "631.00000", "2011-12-31": "660.00000", "2011-09-30": "680.00000", "2011-06-30": "688.00000", "2011-03-31": "631.00000", "2010-12-31": "659.00000", "2010-09-30": "623.00000", "2010-06-30": "654.00000", "2010-03-31": "663.00000", "2009-12-31": "710.00000", "2009-09-30": "629.00000", "2009-06-30": "630.00000", "2009-03-31": "607.00000", "2008-12-31": "630.00000", "2008-09-30": "655.00000", "2008-06-30": "604.00000", "2008-03-31": "580.00000", "2007-12-31": "636.00000", "2007-09-30": "575.00000", "2007-06-30": "563.00000", "2007-03-31": "568.00000", "2006-12-31": "526.00000", "2006-09-30": "630.00000", "2006-06-30": "677.00000", "2006-03-31": "374.00000", "2005-12-31": "342.00000", "2005-09-30": "343.00000", "2005-06-30": "357.00000", "2005-03-31": "344.00000"}, "Gross Profit": {"2020-12-31": "1708.00000", "2020-09-30": "1790.00000", "2020-06-30": "1212.00000", "2020-03-31": "1737.00000", "2019-12-31": "2053.00000", "2019-09-30": "1930.00000", "2019-06-30": "1873.00000", "2019-03-31": "1763.00000", "2018-12-31": "1831.00000", "2018-09-30": "1721.00000", "2018-06-30": "1751.00000", "2018-03-31": "1707.00000", "2017-12-31": "1735.00000", "2017-09-30": "1585.00000", "2017-06-30": "1625.00000", "2017-03-31": "1510.00000", "2016-12-31": "1573.00000", "2016-09-30": "1511.00000", "2016-06-30": "1487.00000", "2016-03-31": "1391.00000", "2015-12-31": "1404.00000", "2015-09-30": "1349.00000", "2015-06-30": "1303.00000", "2015-03-31": "1248.00000", "2014-12-31": "1327.00000", "2014-09-30": "1296.00000", "2014-06-30": "1310.00000", "2014-03-31": "1237.00000", "2013-12-31": "1282.00000", "2013-09-30": "1225.00000", "2013-06-30": "1279.00000", "2013-03-31": "1183.00000", "2012-12-31": "1238.00000", "2012-09-30": "1177.00000", "2012-06-30": "1250.00000", "2012-03-31": "1235.00000", "2011-12-31": "1188.00000", "2011-09-30": "1194.00000", "2011-06-30": "1287.00000", "2011-03-31": "1294.00000", "2010-12-31": "1343.00000", "2010-09-30": "1293.00000", "2010-06-30": "1274.00000", "2010-03-31": "1297.00000", "2009-12-31": "1369.00000", "2009-09-30": "1396.00000", "2009-06-30": "1444.00000", "2009-03-31": "1403.00000", "2008-12-31": "1372.00000", "2008-09-30": "1323.00000", "2008-06-30": "1420.00000", "2008-03-31": "1466.00000", "2007-12-31": "1516.00000", "2007-09-30": "1473.00000", "2007-06-30": "1508.00000", "2007-03-31": "1518.00000", "2006-12-31": "1539.00000", "2006-09-30": "1396.00000", "2006-06-30": "1433.00000", "2006-03-31": "1246.00000", "2005-12-31": "1198.00000", "2005-09-30": "1168.00000", "2005-06-30": "1260.00000", "2005-03-31": "1271.00000"}, "Research And Development Expenses": {"2020-12-31": "286.00000", "2020-09-30": "315.00000", "2020-06-30": "242.00000", "2020-03-31": "300.00000", "2019-12-31": "308.00000", "2019-09-30": "306.00000", "2019-06-30": "280.00000", "2019-03-31": "280.00000", "2018-12-31": "288.00000", "2018-09-30": "289.00000", "2018-06-30": "275.00000", "2018-03-31": "261.00000", "2017-12-31": "264.00000", "2017-09-30": "254.00000", "2017-06-30": "244.00000", "2017-03-31": "235.00000", "2016-12-31": "256.00000", "2016-09-30": "232.00000", "2016-06-30": "222.00000", "2016-03-31": "210.00000", "2015-12-31": "243.00000", "2015-09-30": "221.00000", "2015-06-30": "220.00000", "2015-03-31": "192.00000", "2014-12-31": "208.00000", "2014-09-30": "212.00000", "2014-06-30": "206.00000", "2014-03-31": "191.00000", "2013-12-31": "217.00000", "2013-09-30": "217.00000", "2013-06-30": "223.00000", "2013-03-31": "204.00000", "2012-12-31": "238.00000", "2012-09-30": "220.00000", "2012-06-30": "213.00000", "2012-03-31": "215.00000", "2011-12-31": "231.00000", "2011-09-30": "229.00000", "2011-06-30": "223.00000", "2011-03-31": "212.00000", "2010-12-31": "224.00000", "2010-09-30": "230.00000", "2010-06-30": "232.00000", "2010-03-31": "253.00000", "2009-12-31": "257.00000", "2009-09-30": "258.00000", "2009-06-30": "263.00000", "2009-03-31": "257.00000", "2008-12-31": "257.00000", "2008-09-30": "252.00000", "2008-06-30": "253.00000", "2008-03-31": "244.00000", "2007-12-31": "256.00000", "2007-09-30": "271.00000", "2007-06-30": "275.00000", "2007-03-31": "289.00000", "2006-12-31": "267.00000", "2006-09-30": "272.00000", "2006-06-30": "283.00000", "2006-03-31": "186.00000", "2005-12-31": "174.00000", "2005-09-30": "181.00000", "2005-06-30": "166.00000", "2005-03-31": "159.00000"}, "SG&A Expenses": {"2020-12-31": "1041.00000", "2020-09-30": "996.00000", "2020-06-30": "806.00000", "2020-03-31": "990.00000", "2019-12-31": "1109.00000", "2019-09-30": "1027.00000", "2019-06-30": "985.00000", "2019-03-31": "885.00000", "2018-12-31": "971.00000", "2018-09-30": "887.00000", "2018-06-30": "903.00000", "2018-03-31": "878.00000", "2017-12-31": "903.00000", "2017-09-30": "816.00000", "2017-06-30": "832.00000", "2017-03-31": "811.00000", "2016-12-31": "852.00000", "2016-09-30": "792.00000", "2016-06-30": "799.00000", "2016-03-31": "735.00000", "2015-12-31": "794.00000", "2015-09-30": "746.00000", "2015-06-30": "718.00000", "2015-03-31": "685.00000", "2014-12-31": "777.00000", "2014-09-30": "762.00000", "2014-06-30": "768.00000", "2014-03-31": "706.00000", "2013-12-31": "748.00000", "2013-09-30": "686.00000", "2013-06-30": "708.00000", "2013-03-31": "672.00000", "2012-12-31": "667.00000", "2012-09-30": "618.00000", "2012-06-30": "696.00000", "2012-03-31": "707.00000", "2011-12-31": "653.00000", "2011-09-30": "665.00000", "2011-06-30": "694.00000", "2011-03-31": "647.00000", "2010-12-31": "722.00000", "2010-09-30": "673.00000", "2010-06-30": "691.00000", "2010-03-31": "679.00000", "2009-12-31": "689.00000", "2009-09-30": "716.00000", "2009-06-30": "724.00000", "2009-03-31": "697.00000", "2008-12-31": "721.00000", "2008-09-30": "661.00000", "2008-06-30": "703.00000", "2008-03-31": "707.00000", "2007-12-31": "754.00000", "2007-09-30": "767.00000", "2007-06-30": "803.00000", "2007-03-31": "787.00000", "2006-12-31": "812.00000", "2006-09-30": "776.00000", "2006-06-30": "793.00000", "2006-03-31": "525.00000", "2005-12-31": "521.00000", "2005-09-30": "496.00000", "2005-06-30": "529.00000", "2005-03-31": "495.00000"}, "Other Operating Income Or Expenses": {"2020-12-31": "-28.00000", "2020-09-30": "-485.00000", "2020-06-30": "-34.00000", "2020-03-31": "-90.00000", "2019-12-31": "-199.00000", "2019-09-30": "-33.00000", "2019-06-30": "-62.00000", "2019-03-31": "109.00000", "2018-12-31": "-76.00000", "2018-09-30": "-5.00000", "2018-06-30": "-30.00000", "2018-03-31": "-6.00000", "2017-12-31": "-88.00000", "2017-09-30": "13.00000", "2017-06-30": "-181.00000", "2017-03-31": "47.00000", "2016-12-31": "-171.00000", "2016-09-30": "-8.00000", "2016-06-30": "-651.00000", "2016-03-31": "-14.00000", "2015-12-31": "-493.00000", "2015-09-30": "-507.00000", "2015-06-30": "-27.00000", "2015-03-31": "-220.00000", "2014-12-31": "-688.00000", "2014-09-30": "-151.00000", "2014-06-30": "-281.00000", "2014-03-31": "-14.00000", "2013-12-31": "-241.00000", "2013-09-30": "-99.00000", "2013-06-30": "-1.00000", "2013-03-31": "-101.00000", "2012-12-31": "-72.00000", "2012-09-30": "-32.00000", "2012-06-30": "-199.00000", "2012-03-31": "-10.00000", "2011-12-31": "10.00000", "2011-09-30": "-7.00000", "2011-06-30": "-55.00000", "2011-03-31": "754.00000", "2010-12-31": "286.00000", "2010-09-30": "-5.00000", "2010-06-30": "-54.00000", "2010-03-31": "-190.00000", "2009-12-31": "-1483.00000", "2009-09-30": "-254.00000", "2009-06-30": "-10.00000", "2009-03-31": "-287.00000", "2008-12-31": "-272.00000", "2008-09-30": "-489.00000", "2008-06-30": "", "2008-03-31": "250.00000", "2007-12-31": "-594.00000", "2007-09-30": "-352.00000", "2007-06-30": "", "2007-03-31": "", "2006-12-31": "", "2006-09-30": "", "2006-06-30": "", "2006-03-31": "", "2005-12-31": "", "2005-09-30": "-780.00000", "2005-06-30": "", "2005-03-31": ""}, "Operating Expenses": {"2020-12-31": "2716.00000", "2020-09-30": "2865.00000", "2020-06-30": "2073.00000", "2020-03-31": "2397.00000", "2019-12-31": "2695.00000", "2019-09-30": "2324.00000", "2019-06-30": "2247.00000", "2019-03-31": "1952.00000", "2018-12-31": "2243.00000", "2018-09-30": "2004.00000", "2018-06-30": "2099.00000", "2018-03-31": "1971.00000", "2017-12-31": "2090.00000", "2017-09-30": "1845.00000", "2017-06-30": "2032.00000", "2017-03-31": "1796.00000", "2016-12-31": "2051.00000", "2016-09-30": "1757.00000", "2016-06-30": "2460.00000", "2016-03-31": "1671.00000", "2015-12-31": "2205.00000", "2015-09-30": "2187.00000", "2015-06-30": "1624.00000", "2015-03-31": "1744.00000", "2014-12-31": "2380.00000", "2014-09-30": "1782.00000", "2014-06-30": "1942.00000", "2014-03-31": "1577.00000", "2013-12-31": "1711.00000", "2013-09-30": "1632.00000", "2013-06-30": "1589.00000", "2013-03-31": "2091.00000", "2012-12-31": "1703.00000", "2012-09-30": "2329.00000", "2012-06-30": "5415.00000", "2012-03-31": "1670.00000", "2011-12-31": "1677.00000", "2011-09-30": "1700.00000", "2011-06-30": "1738.00000", "2011-03-31": "1603.00000", "2010-12-31": "1654.00000", "2010-09-30": "1665.00000", "2010-06-30": "1697.00000", "2010-03-31": "3446.00000", "2009-12-31": "3310.00000", "2009-09-30": "1974.00000", "2009-06-30": "1799.00000", "2009-03-31": "1999.00000", "2008-12-31": "4418.00000", "2008-09-30": "1950.00000", "2008-06-30": "1721.00000", "2008-03-31": "1466.00000", "2007-12-31": "2581.00000", "2007-09-30": "2195.00000", "2007-06-30": "1791.00000", "2007-03-31": "1804.00000", "2006-12-31": "1781.00000", "2006-09-30": "1831.00000", "2006-06-30": "6035.00000", "2006-03-31": "1123.00000", "2005-12-31": "1075.00000", "2005-09-30": "1847.00000", "2005-06-30": "1291.00000", "2005-03-31": "1102.00000"}, "Operating Income": {"2020-12-31": "-8.00000", "2020-09-30": "-206.00000", "2020-06-30": "-70.00000", "2020-03-31": "146.00000", "2019-12-31": "209.00000", "2019-09-30": "383.00000", "2019-06-30": "384.00000", "2019-03-31": "541.00000", "2018-12-31": "318.00000", "2018-09-30": "389.00000", "2018-06-30": "391.00000", "2018-03-31": "408.00000", "2017-12-31": "319.00000", "2017-09-30": "377.00000", "2017-06-30": "225.00000", "2017-03-31": "364.00000", "2016-12-31": "140.00000", "2016-09-30": "348.00000", "2016-06-30": "-334.00000", "2016-03-31": "293.00000", "2015-12-31": "-227.00000", "2015-09-30": "-299.00000", "2015-06-30": "219.00000", "2015-03-31": "24.00000", "2014-12-31": "-493.00000", "2014-09-30": "64.00000", "2014-06-30": "-69.00000", "2014-03-31": "197.00000", "2013-12-31": "127.00000", "2013-09-30": "103.00000", "2013-06-30": "220.00000", "2013-03-31": "-330.00000", "2012-12-31": "117.00000", "2012-09-30": "-594.00000", "2012-06-30": "-3587.00000", "2012-03-31": "196.00000", "2011-12-31": "171.00000", "2011-09-30": "174.00000", "2011-06-30": "237.00000", "2011-03-31": "322.00000", "2010-12-31": "348.00000", "2010-09-30": "251.00000", "2010-06-30": "231.00000", "2010-03-31": "-1486.00000", "2009-12-31": "-1231.00000", "2009-09-30": "51.00000", "2009-06-30": "275.00000", "2009-03-31": "11.00000", "2008-12-31": "-2416.00000", "2008-09-30": "28.00000", "2008-06-30": "303.00000", "2008-03-31": "580.00000", "2007-12-31": "-429.00000", "2007-09-30": "-147.00000", "2007-06-30": "280.00000", "2007-03-31": "282.00000", "2006-12-31": "284.00000", "2006-09-30": "195.00000", "2006-06-30": "-3925.00000", "2006-03-31": "497.00000", "2005-12-31": "465.00000", "2005-09-30": "-336.00000", "2005-06-30": "326.00000", "2005-03-31": "513.00000"}, "Total Non-Operating Income/Expense": {"2020-12-31": "256.00000", "2020-09-30": "-22.00000", "2020-06-30": "-109.00000", "2020-03-31": "-124.00000", "2019-12-31": "-216.00000", "2019-09-30": "-292.00000", "2019-06-30": "-239.00000", "2019-03-31": "-84.00000", "2018-12-31": "-24.00000", "2018-09-30": "68.00000", "2018-06-30": "-45.00000", "2018-03-31": "-84.00000", "2017-12-31": "-92.00000", "2017-09-30": "-68.00000", "2017-06-30": "-134.00000", "2017-03-31": "-59.00000", "2016-12-31": "-51.00000", "2016-09-30": "-91.00000", "2016-06-30": "-63.00000", "2016-03-31": "-65.00000", "2015-12-31": "-110.00000", "2015-09-30": "-68.00000", "2015-06-30": "-114.00000", "2015-03-31": "-75.00000", "2014-12-31": "-61.00000", "2014-09-30": "-61.00000", "2014-06-30": "-35.00000", "2014-03-31": "-51.00000", "2013-12-31": "-68.00000", "2013-09-30": "-143.00000", "2013-06-30": "-68.00000", "2013-03-31": "-64.00000", "2012-12-31": "-66.00000", "2012-09-30": "-69.00000", "2012-06-30": "-31.00000", "2012-03-31": "-73.00000", "2011-12-31": "-71.00000", "2011-09-30": "-63.00000", "2011-06-30": "-79.00000", "2011-03-31": "-49.00000", "2010-12-31": "-118.00000", "2010-09-30": "-88.00000", "2010-06-30": "-112.00000", "2010-03-31": "-89.00000", "2009-12-31": "-116.00000", "2009-09-30": "-95.00000", "2009-06-30": "-95.00000", "2009-03-31": "-108.00000", "2008-12-31": "-109.00000", "2008-09-30": "-96.00000", "2008-06-30": "-203.00000", "2008-03-31": "-118.00000", "2007-12-31": "-166.00000", "2007-09-30": "-112.00000", "2007-06-30": "-154.00000", "2007-03-31": "-123.00000", "2006-12-31": "-115.00000", "2006-09-30": "-144.00000", "2006-06-30": "-261.00000", "2006-03-31": "-66.00000", "2005-12-31": "-27.00000", "2005-09-30": "-16.00000", "2005-06-30": "-15.00000", "2005-03-31": "-19.00000"}, "Pre-Tax Income": {"2020-12-31": "248.00000", "2020-09-30": "-227.00000", "2020-06-30": "-181.00000", "2020-03-31": "22.00000", "2019-12-31": "-6.00000", "2019-09-30": "91.00000", "2019-06-30": "145.00000", "2019-03-31": "457.00000", "2018-12-31": "296.00000", "2018-09-30": "456.00000", "2018-06-30": "347.00000", "2018-03-31": "323.00000", "2017-12-31": "228.00000", "2017-09-30": "309.00000", "2017-06-30": "91.00000", "2017-03-31": "305.00000", "2016-12-31": "89.00000", "2016-09-30": "257.00000", "2016-06-30": "-397.00000", "2016-03-31": "228.00000", "2015-12-31": "-337.00000", "2015-09-30": "-367.00000", "2015-06-30": "105.00000", "2015-03-31": "-51.00000", "2014-12-31": "-554.00000", "2014-09-30": "3.00000", "2014-06-30": "-104.00000", "2014-03-31": "146.00000", "2013-12-31": "59.00000", "2013-09-30": "-40.00000", "2013-06-30": "152.00000", "2013-03-31": "-394.00000", "2012-12-31": "51.00000", "2012-09-30": "-663.00000", "2012-06-30": "-3618.00000", "2012-03-31": "123.00000", "2011-12-31": "100.00000", "2011-09-30": "111.00000", "2011-06-30": "158.00000", "2011-03-31": "273.00000", "2010-12-31": "230.00000", "2010-09-30": "163.00000", "2010-06-30": "119.00000", "2010-03-31": "-1575.00000", "2009-12-31": "-1347.00000", "2009-09-30": "-44.00000", "2009-06-30": "180.00000", "2009-03-31": "-97.00000", "2008-12-31": "-2525.00000", "2008-09-30": "-68.00000", "2008-06-30": "100.00000", "2008-03-31": "462.00000", "2007-12-31": "-595.00000", "2007-09-30": "-259.00000", "2007-06-30": "126.00000", "2007-03-31": "159.00000", "2006-12-31": "169.00000", "2006-09-30": "51.00000", "2006-06-30": "-4186.00000", "2006-03-31": "431.00000", "2005-12-31": "438.00000", "2005-09-30": "-352.00000", "2005-06-30": "311.00000", "2005-03-31": "494.00000"}, "Income Taxes": {"2020-12-31": "96.00000", "2020-09-30": "-72.00000", "2020-06-30": "-33.00000", "2020-03-31": "12.00000", "2019-12-31": "-4002.00000", "2019-09-30": "-35.00000", "2019-06-30": "-9.00000", "2019-03-31": "33.00000", "2018-12-31": "-90.00000", "2018-09-30": "24.00000", "2018-06-30": "-209.00000", "2018-03-31": "26.00000", "2017-12-31": "842.00000", "2017-09-30": "26.00000", "2017-06-30": "-55.00000", "2017-03-31": "15.00000", "2016-12-31": "-35.00000", "2016-09-30": "29.00000", "2016-06-30": "-190.00000", "2016-03-31": "26.00000", "2015-12-31": "-195.00000", "2015-09-30": "-169.00000", "2015-06-30": "3.00000", "2015-03-31": "-50.00000", "2014-12-31": "-255.00000", "2014-09-30": "-40.00000", "2014-06-30": "-108.00000", "2014-03-31": "13.00000", "2013-12-31": "-49.00000", "2013-09-30": "-35.00000", "2013-06-30": "22.00000", "2013-03-31": "-40.00000", "2012-12-31": "-10.00000", "2012-09-30": "1.00000", "2012-06-30": "-40.00000", "2012-03-31": "10.00000", "2011-12-31": "-7.00000", "2011-09-30": "-31.00000", "2011-06-30": "12.00000", "2011-03-31": "227.00000", "2010-12-31": "-6.00000", "2010-09-30": "-27.00000", "2010-06-30": "21.00000", "2010-03-31": "14.00000", "2009-12-31": "-271.00000", "2009-09-30": "50.00000", "2009-06-30": "22.00000", "2009-03-31": "-84.00000", "2008-12-31": "-143.00000", "2008-09-30": "6.00000", "2008-06-30": "2.00000", "2008-03-31": "140.00000", "2007-12-31": "-137.00000", "2007-09-30": "13.00000", "2007-06-30": "11.00000", "2007-03-31": "39.00000", "2006-12-31": "-108.00000", "2006-09-30": "-25.00000", "2006-06-30": "76.00000", "2006-03-31": "99.00000", "2005-12-31": "104.00000", "2005-09-30": "-83.00000", "2005-06-30": "106.00000", "2005-03-31": "136.00000"}, "Income After Taxes": {"2020-12-31": "152.00000", "2020-09-30": "-155.00000", "2020-06-30": "-148.00000", "2020-03-31": "10.00000", "2019-12-31": "3996.00000", "2019-09-30": "126.00000", "2019-06-30": "154.00000", "2019-03-31": "424.00000", "2018-12-31": "386.00000", "2018-09-30": "432.00000", "2018-06-30": "556.00000", "2018-03-31": "297.00000", "2017-12-31": "-614.00000", "2017-09-30": "283.00000", "2017-06-30": "146.00000", "2017-03-31": "290.00000", "2016-12-31": "124.00000", "2016-09-30": "228.00000", "2016-06-30": "-207.00000", "2016-03-31": "202.00000", "2015-12-31": "-142.00000", "2015-09-30": "-198.00000", "2015-06-30": "102.00000", "2015-03-31": "-1.00000", "2014-12-31": "-299.00000", "2014-09-30": "43.00000", "2014-06-30": "4.00000", "2014-03-31": "133.00000", "2013-12-31": "108.00000", "2013-09-30": "-5.00000", "2013-06-30": "130.00000", "2013-03-31": "-354.00000", "2012-12-31": "61.00000", "2012-09-30": "-664.00000", "2012-06-30": "-3578.00000", "2012-03-31": "113.00000", "2011-12-31": "107.00000", "2011-09-30": "142.00000", "2011-06-30": "146.00000", "2011-03-31": "46.00000", "2010-12-31": "236.00000", "2010-09-30": "190.00000", "2010-06-30": "98.00000", "2010-03-31": "-1589.00000", "2009-12-31": "-1076.00000", "2009-09-30": "-94.00000", "2009-06-30": "158.00000", "2009-03-31": "-13.00000", "2008-12-31": "-2382.00000", "2008-09-30": "-74.00000", "2008-06-30": "98.00000", "2008-03-31": "322.00000", "2007-12-31": "-458.00000", "2007-09-30": "-272.00000", "2007-06-30": "115.00000", "2007-03-31": "120.00000", "2006-12-31": "277.00000", "2006-09-30": "76.00000", "2006-06-30": "-4262.00000", "2006-03-31": "332.00000", "2005-12-31": "334.00000", "2005-09-30": "-269.00000", "2005-06-30": "205.00000", "2005-03-31": "358.00000"}, "Other Income": {"2020-12-31": "", "2020-09-30": "", "2020-06-30": "", "2020-03-31": "", "2019-12-31": "", "2019-09-30": "", "2019-06-30": "", "2019-03-31": "", "2018-12-31": "", "2018-09-30": "", "2018-06-30": "", "2018-03-31": "", "2017-12-31": "", "2017-09-30": "", "2017-06-30": "", "2017-03-31": "", "2016-12-31": "", "2016-09-30": "", "2016-06-30": "", "2016-03-31": "", "2015-12-31": "", "2015-09-30": "", "2015-06-30": "", "2015-03-31": "", "2014-12-31": "", "2014-09-30": "", "2014-06-30": "", "2014-03-31": "", "2013-12-31": "", "2013-09-30": "", "2013-06-30": "", "2013-03-31": "", "2012-12-31": "", "2012-09-30": "", "2012-06-30": "", "2012-03-31": "", "2011-12-31": "", "2011-09-30": "", "2011-06-30": "", "2011-03-31": "", "2010-12-31": "", "2010-09-30": "", "2010-06-30": "", "2010-03-31": "", "2009-12-31": "", "2009-09-30": "", "2009-06-30": "", "2009-03-31": "", "2008-12-31": "", "2008-09-30": "", "2008-06-30": "", "2008-03-31": "", "2007-12-31": "", "2007-09-30": "", "2007-06-30": "", "2007-03-31": "", "2006-12-31": "", "2006-09-30": "", "2006-06-30": "", "2006-03-31": "", "2005-12-31": "", "2005-09-30": "", "2005-06-30": "", "2005-03-31": ""}, "Income From Continuous Operations": {"2020-12-31": "152.00000", "2020-09-30": "-155.00000", "2020-06-30": "-148.00000", "2020-03-31": "10.00000", "2019-12-31": "3996.00000", "2019-09-30": "126.00000", "2019-06-30": "154.00000", "2019-03-31": "424.00000", "2018-12-31": "386.00000", "2018-09-30": "432.00000", "2018-06-30": "556.00000", "2018-03-31": "297.00000", "2017-12-31": "-614.00000", "2017-09-30": "283.00000", "2017-06-30": "146.00000", "2017-03-31": "290.00000", "2016-12-31": "124.00000", "2016-09-30": "228.00000", "2016-06-30": "-207.00000", "2016-03-31": "202.00000", "2015-12-31": "-142.00000", "2015-09-30": "-198.00000", "2015-06-30": "102.00000", "2015-03-31": "-1.00000", "2014-12-31": "-299.00000", "2014-09-30": "43.00000", "2014-06-30": "4.00000", "2014-03-31": "133.00000", "2013-12-31": "108.00000", "2013-09-30": "-5.00000", "2013-06-30": "130.00000", "2013-03-31": "-354.00000", "2012-12-31": "61.00000", "2012-09-30": "-664.00000", "2012-06-30": "-3578.00000", "2012-03-31": "113.00000", "2011-12-31": "107.00000", "2011-09-30": "142.00000", "2011-06-30": "146.00000", "2011-03-31": "46.00000", "2010-12-31": "236.00000", "2010-09-30": "190.00000", "2010-06-30": "98.00000", "2010-03-31": "-1589.00000", "2009-12-31": "-1076.00000", "2009-09-30": "-94.00000", "2009-06-30": "158.00000", "2009-03-31": "-13.00000", "2008-12-31": "-2382.00000", "2008-09-30": "-74.00000", "2008-06-30": "98.00000", "2008-03-31": "322.00000", "2007-12-31": "-458.00000", "2007-09-30": "-272.00000", "2007-06-30": "115.00000", "2007-03-31": "120.00000", "2006-12-31": "277.00000", "2006-09-30": "76.00000", "2006-06-30": "-4262.00000", "2006-03-31": "332.00000", "2005-12-31": "334.00000", "2005-09-30": "-269.00000", "2005-06-30": "205.00000", "2005-03-31": "358.00000"}, "Income From Discontinued Operations": {"2020-12-31": "", "2020-09-30": "", "2020-06-30": "", "2020-03-31": "", "2019-12-31": "", "2019-09-30": "", "2019-06-30": "", "2019-03-31": "", "2018-12-31": "", "2018-09-30": "", "2018-06-30": "", "2018-03-31": "", "2017-12-31": "", "2017-09-30": "", "2017-06-30": "", "2017-03-31": "", "2016-12-31": "", "2016-09-30": "", "2016-06-30": "", "2016-03-31": "", "2015-12-31": "", "2015-09-30": "", "2015-06-30": "", "2015-03-31": "", "2014-12-31": "", "2014-09-30": "", "2014-06-30": "", "2014-03-31": "", "2013-12-31": "", "2013-09-30": "", "2013-06-30": "", "2013-03-31": "", "2012-12-31": "", "2012-09-30": "", "2012-06-30": "", "2012-03-31": "", "2011-12-31": "", "2011-09-30": "", "2011-06-30": "", "2011-03-31": "", "2010-12-31": "", "2010-09-30": "", "2010-06-30": "", "2010-03-31": "", "2009-12-31": "", "2009-09-30": "", "2009-06-30": "", "2009-03-31": "", "2008-12-31": "", "2008-09-30": "", "2008-06-30": "", "2008-03-31": "", "2007-12-31": "", "2007-09-30": "", "2007-06-30": "", "2007-03-31": "", "2006-12-31": "", "2006-09-30": "", "2006-06-30": "", "2006-03-31": "", "2005-12-31": "", "2005-09-30": "", "2005-06-30": "", "2005-03-31": ""}, "Net Income": {"2020-12-31": "138.00000", "2020-09-30": "-169.00000", "2020-06-30": "-153.00000", "2020-03-31": "11.00000", "2019-12-31": "3996.00000", "2019-09-30": "126.00000", "2019-06-30": "154.00000", "2019-03-31": "424.00000", "2018-12-31": "386.00000", "2018-09-30": "432.00000", "2018-06-30": "555.00000", "2018-03-31": "298.00000", "2017-12-31": "-615.00000", "2017-09-30": "283.00000", "2017-06-30": "146.00000", "2017-03-31": "290.00000", "2016-12-31": "124.00000", "2016-09-30": "228.00000", "2016-06-30": "-207.00000", "2016-03-31": "202.00000", "2015-12-31": "-142.00000", "2015-09-30": "-198.00000", "2015-06-30": "102.00000", "2015-03-31": "-1.00000", "2014-12-31": "-299.00000", "2014-09-30": "43.00000", "2014-06-30": "4.00000", "2014-03-31": "133.00000", "2013-12-31": "108.00000", "2013-09-30": "-5.00000", "2013-06-30": "130.00000", "2013-03-31": "-354.00000", "2012-12-31": "61.00000", "2012-09-30": "-664.00000", "2012-06-30": "-3578.00000", "2012-03-31": "113.00000", "2011-12-31": "107.00000", "2011-09-30": "142.00000", "2011-06-30": "146.00000", "2011-03-31": "46.00000", "2010-12-31": "236.00000", "2010-09-30": "190.00000", "2010-06-30": "98.00000", "2010-03-31": "-1589.00000", "2009-12-31": "-1076.00000", "2009-09-30": "-94.00000", "2009-06-30": "158.00000", "2009-03-31": "-13.00000", "2008-12-31": "-2382.00000", "2008-09-30": "-74.00000", "2008-06-30": "98.00000", "2008-03-31": "322.00000", "2007-12-31": "-458.00000", "2007-09-30": "-272.00000", "2007-06-30": "115.00000", "2007-03-31": "120.00000", "2006-12-31": "277.00000", "2006-09-30": "76.00000", "2006-06-30": "-4262.00000", "2006-03-31": "332.00000", "2005-12-31": "334.00000", "2005-09-30": "-269.00000", "2005-06-30": "205.00000", "2005-03-31": "358.00000"}, "EBITDA": {"2020-12-31": "", "2020-09-30": "-206.00000", "2020-06-30": "-70.00000", "2020-03-31": "146.00000", "2019-12-31": "209.00000", "2019-09-30": "383.00000", "2019-06-30": "384.00000", "2019-03-31": "541.00000", "2018-12-31": "318.00000", "2018-09-30": "389.00000", "2018-06-30": "391.00000", "2018-03-31": "408.00000", "2017-12-31": "319.00000", "2017-09-30": "377.00000", "2017-06-30": "225.00000", "2017-03-31": "364.00000", "2016-12-31": "140.00000", "2016-09-30": "348.00000", "2016-06-30": "-334.00000", "2016-03-31": "293.00000", "2015-12-31": "-227.00000", "2015-09-30": "-299.00000", "2015-06-30": "219.00000", "2015-03-31": "24.00000", "2014-12-31": "-493.00000", "2014-09-30": "64.00000", "2014-06-30": "-69.00000", "2014-03-31": "197.00000", "2013-12-31": "127.00000", "2013-09-30": "103.00000", "2013-06-30": "220.00000", "2013-03-31": "-330.00000", "2012-12-31": "117.00000", "2012-09-30": "-594.00000", "2012-06-30": "-3587.00000", "2012-03-31": "196.00000", "2011-12-31": "171.00000", "2011-09-30": "174.00000", "2011-06-30": "237.00000", "2011-03-31": "322.00000", "2010-12-31": "348.00000", "2010-09-30": "251.00000", "2010-06-30": "231.00000", "2010-03-31": "-1486.00000", "2009-12-31": "-1231.00000", "2009-09-30": "51.00000", "2009-06-30": "275.00000", "2009-03-31": "11.00000", "2008-12-31": "-2416.00000", "2008-09-30": "28.00000", "2008-06-30": "303.00000", "2008-03-31": "580.00000", "2007-12-31": "-429.00000", "2007-09-30": "-147.00000", "2007-06-30": "280.00000", "2007-03-31": "282.00000", "2006-12-31": "284.00000", "2006-09-30": "195.00000", "2006-06-30": "-3925.00000", "2006-03-31": "497.00000", "2005-12-31": "465.00000", "2005-09-30": "-336.00000", "2005-06-30": "326.00000", "2005-03-31": "513.00000"}, "EBIT": {"2020-12-31": "-8.00000", "2020-09-30": "-206.00000", "2020-06-30": "-70.00000", "2020-03-31": "146.00000", "2019-12-31": "209.00000", "2019-09-30": "383.00000", "2019-06-30": "384.00000", "2019-03-31": "541.00000", "2018-12-31": "318.00000", "2018-09-30": "389.00000", "2018-06-30": "391.00000", "2018-03-31": "408.00000", "2017-12-31": "319.00000", "2017-09-30": "377.00000", "2017-06-30": "225.00000", "2017-03-31": "364.00000", "2016-12-31": "140.00000", "2016-09-30": "348.00000", "2016-06-30": "-334.00000", "2016-03-31": "293.00000", "2015-12-31": "-227.00000", "2015-09-30": "-299.00000", "2015-06-30": "219.00000", "2015-03-31": "24.00000", "2014-12-31": "-493.00000", "2014-09-30": "64.00000", "2014-06-30": "-69.00000", "2014-03-31": "197.00000", "2013-12-31": "127.00000", "2013-09-30": "103.00000", "2013-06-30": "220.00000", "2013-03-31": "-330.00000", "2012-12-31": "117.00000", "2012-09-30": "-594.00000", "2012-06-30": "-3587.00000", "2012-03-31": "196.00000", "2011-12-31": "171.00000", "2011-09-30": "174.00000", "2011-06-30": "237.00000", "2011-03-31": "322.00000", "2010-12-31": "348.00000", "2010-09-30": "251.00000", "2010-06-30": "231.00000", "2010-03-31": "-1486.00000", "2009-12-31": "-1231.00000", "2009-09-30": "51.00000", "2009-06-30": "275.00000", "2009-03-31": "11.00000", "2008-12-31": "-2416.00000", "2008-09-30": "28.00000", "2008-06-30": "303.00000", "2008-03-31": "580.00000", "2007-12-31": "-429.00000", "2007-09-30": "-147.00000", "2007-06-30": "280.00000", "2007-03-31": "282.00000", "2006-12-31": "284.00000", "2006-09-30": "195.00000", "2006-06-30": "-3925.00000", "2006-03-31": "497.00000", "2005-12-31": "465.00000", "2005-09-30": "-336.00000", "2005-06-30": "326.00000", "2005-03-31": "513.00000"}, "Basic Shares Outstanding": {"2020-12-31": "1427.70000", "2020-09-30": "1430.90000", "2020-06-30": "1410.90000", "2020-03-31": "1397.40000", "2019-12-31": "1391.50000", "2019-09-30": "1393.10000", "2019-06-30": "1391.00000", "2019-03-31": "1387.70000", "2018-12-31": "1381.00000", "2018-09-30": "1382.80000", "2018-06-30": "1380.50000", "2018-03-31": "1376.50000", "2017-12-31": "1370.10000", "2017-09-30": "1372.00000", "2017-06-30": "1369.80000", "2017-03-31": "1365.40000", "2016-12-31": "1357.60000", "2016-09-30": "1360.60000", "2016-06-30": "1357.40000", "2016-03-31": "1350.40000", "2015-12-31": "1341.20000", "2015-09-30": "1344.00000", "2015-06-30": "1341.30000", "2015-03-31": "1333.70000", "2014-12-31": "1324.30000", "2014-09-30": "1325.50000", "2014-06-30": "1323.20000", "2014-03-31": "1321.70000", "2013-12-31": "1341.20000", "2013-09-30": "1340.30000", "2013-06-30": "1343.50000", "2013-03-31": "1351.90000", "2012-12-31": "1406.70000", "2012-09-30": "1392.50000", "2012-06-30": "1423.20000", "2012-03-31": "1445.20000", "2011-12-31": "1509.30000", "2011-09-30": "1514.40000", "2011-06-30": "1528.60000", "2011-03-31": "1526.50000", "2010-12-31": "1517.80000", "2010-09-30": "1519.80000", "2010-06-30": "1516.60000", "2010-03-31": "1514.50000", "2009-12-31": "1507.90000", "2009-09-30": "1509.30000", "2009-06-30": "1506.80000", "2009-03-31": "1504.80000", "2008-12-31": "1498.50000", "2008-09-30": "1500.90000", "2008-06-30": "1497.60000", "2008-03-31": "1494.10000", "2007-12-31": "1486.90000", "2007-09-30": "1489.80000", "2007-06-30": "1485.40000", "2007-03-31": "1481.30000", "2006-12-31": "1273.70000", "2006-09-30": "1472.80000", "2006-06-30": "1326.80000", "2006-03-31": "821.30000", "2005-12-31": "825.80000", "2005-09-30": "819.90000", "2005-06-30": "827.60000", "2005-03-31": "835.90000"}, "Shares Outstanding": {"2020-12-31": "1440.60000", "2020-09-30": "1430.90000", "2020-06-30": "1410.90000", "2020-03-31": "1413.50000", "2019-12-31": "1410.60000", "2019-09-30": "1412.20000", "2019-06-30": "1408.60000", "2019-03-31": "1408.40000", "2018-12-31": "1401.40000", "2018-09-30": "1403.90000", "2018-06-30": "1398.90000", "2018-03-31": "1396.80000", "2017-12-31": "1392.70000", "2017-09-30": "1394.10000", "2017-06-30": "1391.10000", "2017-03-31": "1390.20000", "2016-12-31": "1377.20000", "2016-09-30": "1379.70000", "2016-06-30": "1357.40000", "2016-03-31": "1369.90000", "2015-12-31": "1341.20000", "2015-09-30": "1344.00000", "2015-06-30": "1361.80000", "2015-03-31": "1333.70000", "2014-12-31": "1324.30000", "2014-09-30": "1347.60000", "2014-06-30": "1345.00000", "2014-03-31": "1349.20000", "2013-12-31": "1341.20000", "2013-09-30": "1340.30000", "2013-06-30": "1358.60000", "2013-03-31": "1351.90000", "2012-12-31": "1406.70000", "2012-09-30": "1392.50000", "2012-06-30": "1423.20000", "2012-03-31": "1454.10000", "2011-12-31": "1519.00000", "2011-09-30": "1524.00000", "2011-06-30": "1535.80000", "2011-03-31": "1536.30000", "2010-12-31": "1517.80000", "2010-09-30": "1529.30000", "2010-06-30": "1525.30000", "2010-03-31": "1514.50000", "2009-12-31": "1507.90000", "2009-09-30": "1509.30000", "2009-06-30": "1514.50000", "2009-03-31": "1504.80000", "2008-12-31": "1498.50000", "2008-09-30": "1500.90000", "2008-06-30": "1505.20000", "2008-03-31": "1500.10000", "2007-12-31": "1486.90000", "2007-09-30": "1489.80000", "2007-06-30": "1499.90000", "2007-03-31": "1497.80000", "2006-12-31": "1273.70000", "2006-09-30": "1486.70000", "2006-06-30": "1326.80000", "2006-03-31": "830.40000", "2005-12-31": "837.60000", "2005-09-30": "819.90000", "2005-06-30": "839.90000", "2005-03-31": "850.20000"}, "Basic EPS": {"2020-12-31": "0.10000", "2020-09-30": "-0.12000", "2020-06-30": "-0.11000", "2020-03-31": "0.01000", "2019-12-31": "2.87000", "2019-09-30": "0.09000", "2019-06-30": "0.11000", "2019-03-31": "0.31000", "2018-12-31": "0.28000", "2018-09-30": "0.31000", "2018-06-30": "0.40000", "2018-03-31": "0.22000", "2017-12-31": "-0.45000", "2017-09-30": "0.21000", "2017-06-30": "0.11000", "2017-03-31": "0.21000", "2016-12-31": "0.09000", "2016-09-30": "0.17000", "2016-06-30": "-0.15000", "2016-03-31": "0.15000", "2015-12-31": "-0.11000", "2015-09-30": "-0.15000", "2015-06-30": "0.08000", "2015-03-31": "0.00000", "2014-12-31": "-0.22000", "2014-09-30": "0.03000", "2014-06-30": "0.00000", "2014-03-31": "0.10000", "2013-12-31": "0.07000", "2013-09-30": "0.00000", "2013-06-30": "0.10000", "2013-03-31": "-0.26000", "2012-12-31": "0.02000", "2012-09-30": "-0.48000", "2012-06-30": "-2.51000", "2012-03-31": "0.08000", "2011-12-31": "0.07000", "2011-09-30": "0.09000", "2011-06-30": "0.10000", "2011-03-31": "0.03000", "2010-12-31": "0.16000", "2010-09-30": "0.13000", "2010-06-30": "0.06000", "2010-03-31": "-1.05000", "2009-12-31": "-0.71000", "2009-09-30": "-0.06000", "2009-06-30": "0.10000", "2009-03-31": "-0.01000", "2008-12-31": "-1.61000", "2008-09-30": "-0.04000", "2008-06-30": "0.07000", "2008-03-31": "0.22000", "2007-12-31": "-0.31000", "2007-09-30": "-0.18000", "2007-06-30": "0.08000", "2007-03-31": "0.08000", "2006-12-31": "-0.05000", "2006-09-30": "0.05000", "2006-06-30": "-3.21000", "2006-03-31": "0.40000", "2005-12-31": "0.41000", "2005-09-30": "-0.33000", "2005-06-30": "0.25000", "2005-03-31": "0.43000"}, "EPS - Earnings Per Share": {"2020-12-31": "0.10000", "2020-09-30": "-0.12000", "2020-06-30": "-0.11000", "2020-03-31": "0.01000", "2019-12-31": "2.83000", "2019-09-30": "0.09000", "2019-06-30": "0.11000", "2019-03-31": "0.30000", "2018-12-31": "0.27000", "2018-09-30": "0.31000", "2018-06-30": "0.40000", "2018-03-31": "0.21000", "2017-12-31": "-0.44000", "2017-09-30": "0.20000", "2017-06-30": "0.11000", "2017-03-31": "0.21000", "2016-12-31": "0.08000", "2016-09-30": "0.17000", "2016-06-30": "-0.15000", "2016-03-31": "0.15000", "2015-12-31": "-0.11000", "2015-09-30": "-0.15000", "2015-06-30": "0.08000", "2015-03-31": "0.00000", "2014-12-31": "-0.22000", "2014-09-30": "0.03000", "2014-06-30": "0.00000", "2014-03-31": "0.10000", "2013-12-31": "0.07000", "2013-09-30": "0.00000", "2013-06-30": "0.10000", "2013-03-31": "-0.26000", "2012-12-31": "0.02000", "2012-09-30": "-0.48000", "2012-06-30": "-2.51000", "2012-03-31": "0.08000", "2011-12-31": "0.07000", "2011-09-30": "0.09000", "2011-06-30": "0.10000", "2011-03-31": "0.03000", "2010-12-31": "0.17000", "2010-09-30": "0.12000", "2010-06-30": "0.06000", "2010-03-31": "-1.05000", "2009-12-31": "-0.71000", "2009-09-30": "-0.06000", "2009-06-30": "0.10000", "2009-03-31": "-0.01000", "2008-12-31": "-1.60000", "2008-09-30": "-0.04000", "2008-06-30": "0.07000", "2008-03-31": "0.21000", "2007-12-31": "-0.31000", "2007-09-30": "-0.18000", "2007-06-30": "0.08000", "2007-03-31": "0.08000", "2006-12-31": "-0.05000", "2006-09-30": "0.05000", "2006-06-30": "-3.21000", "2006-03-31": "0.40000", "2005-12-31": "0.42000", "2005-09-30": "-0.33000", "2005-06-30": "0.24000", "2005-03-31": "0.42000"}}, "balance sheet": {"Cash On Hand": {"2020-12-31": "", "2019-12-31": "217.00000", "2018-12-31": "146.00000", "2017-12-31": "188.00000", "2016-12-31": "196.00000", "2015-12-31": "319.00000", "2014-12-31": "587.00000", "2013-12-31": "217.00000", "2012-12-31": "207.00000", "2011-12-31": "267.00000", "2010-12-31": "213.00000", "2009-12-31": "864.00000", "2008-12-31": "1641.00000", "2007-12-31": "1452.00000", "2006-12-31": "1668.00000", "2005-12-31": "848.00000"}, "Receivables": {"2020-12-31": "", "2019-12-31": "1828.00000", "2018-12-31": "1608.00000", "2017-12-31": "1548.00000", "2016-12-31": "1472.00000", "2015-12-31": "1275.00000", "2014-12-31": "1183.00000", "2013-12-31": "1307.00000", "2012-12-31": "1217.00000", "2011-12-31": "1246.00000", "2010-12-31": "1320.00000", "2009-12-31": "1375.00000", "2008-12-31": "1402.00000", "2007-12-31": "1502.00000", "2006-12-31": "1388.00000", "2005-12-31": "932.00000"}, "Inventory": {"2020-12-31": "", "2019-12-31": "1579.00000", "2018-12-31": "1166.00000", "2017-12-31": "1078.00000", "2016-12-31": "955.00000", "2015-12-31": "1016.00000", "2014-12-31": "946.00000", "2013-12-31": "897.00000", "2012-12-31": "884.00000", "2011-12-31": "931.00000", "2010-12-31": "894.00000", "2009-12-31": "891.00000", "2008-12-31": "853.00000", "2007-12-31": "725.00000", "2006-12-31": "684.00000", "2005-12-31": "418.00000"}, "Pre-Paid Expenses": {"2020-12-31": "", "2019-12-31": "195.00000", "2018-12-31": "161.00000", "2017-12-31": "66.00000", "2016-12-31": "", "2015-12-31": "", "2014-12-31": "", "2013-12-31": "", "2012-12-31": "281.00000", "2011-12-31": "203.00000", "2010-12-31": "183.00000", "2009-12-31": "319.00000", "2008-12-31": "645.00000", "2007-12-31": "464.00000", "2006-12-31": "474.00000", "2005-12-31": "281.00000"}, "Other Current Assets": {"2020-12-31": "", "2019-12-31": "880.00000", "2018-12-31": "921.00000", "2017-12-31": "942.00000", "2016-12-31": "541.00000", "2015-12-31": "365.00000", "2014-12-31": "443.00000", "2013-12-31": "302.00000", "2012-12-31": "", "2011-12-31": "", "2010-12-31": "576.00000", "2009-12-31": "578.00000", "2008-12-31": "", "2007-12-31": "1119.00000", "2006-12-31": "1447.00000", "2005-12-31": ""}, "Total Current Assets": {"2020-12-31": "", "2019-12-31": "4699.00000", "2018-12-31": "4003.00000", "2017-12-31": "3822.00000", "2016-12-31": "3239.00000", "2015-12-31": "3471.00000", "2014-12-31": "3606.00000", "2013-12-31": "3011.00000", "2012-12-31": "3022.00000", "2011-12-31": "3105.00000", "2010-12-31": "3615.00000", "2009-12-31": "4599.00000", "2008-12-31": "5452.00000", "2007-12-31": "5941.00000", "2006-12-31": "6030.00000", "2005-12-31": "2631.00000"}, "Property, Plant, And Equipment": {"2020-12-31": "", "2019-12-31": "2079.00000", "2018-12-31": "1782.00000", "2017-12-31": "1697.00000", "2016-12-31": "1630.00000", "2015-12-31": "1490.00000", "2014-12-31": "1507.00000", "2013-12-31": "1546.00000", "2012-12-31": "1564.00000", "2011-12-31": "1670.00000", "2010-12-31": "1697.00000", "2009-12-31": "1722.00000", "2008-12-31": "1728.00000", "2007-12-31": "1715.00000", "2006-12-31": "1644.00000", "2005-12-31": "1011.00000"}, "Long-Term Investments": {"2020-12-31": "", "2019-12-31": "", "2018-12-31": "", "2017-12-31": "", "2016-12-31": "", "2015-12-31": "", "2014-12-31": "", "2013-12-31": "", "2012-12-31": "", "2011-12-31": "", "2010-12-31": "", "2009-12-31": "", "2008-12-31": "", "2007-12-31": "317.00000", "2006-12-31": "596.00000", "2005-12-31": "594.00000"}, "Goodwill And Intangible Assets": {"2020-12-31": "", "2019-12-31": "18062.00000", "2018-12-31": "14283.00000", "2017-12-31": "12835.00000", "2016-12-31": "12561.00000", "2015-12-31": "12667.00000", "2014-12-31": "11504.00000", "2013-12-31": "11643.00000", "2012-12-31": "12262.00000", "2011-12-31": "16234.00000", "2010-12-31": "16529.00000", "2009-12-31": "18603.00000", "2008-12-31": "19665.00000", "2007-12-31": "23067.00000", "2006-12-31": "22378.00000", "2005-12-31": "3735.00000"}, "Other Long-Term Assets": {"2020-12-31": "", "2019-12-31": "1529.00000", "2018-12-31": "845.00000", "2017-12-31": "688.00000", "2016-12-31": "666.00000", "2015-12-31": "505.00000", "2014-12-31": "407.00000", "2013-12-31": "371.00000", "2012-12-31": "306.00000", "2011-12-31": "281.00000", "2010-12-31": "287.00000", "2009-12-31": "253.00000", "2008-12-31": "294.00000", "2007-12-31": "157.00000", "2006-12-31": "234.00000", "2005-12-31": "225.00000"}, "Total Long-Term Assets": {"2020-12-31": "", "2019-12-31": "25866.00000", "2018-12-31": "16997.00000", "2017-12-31": "15220.00000", "2016-12-31": "14857.00000", "2015-12-31": "14662.00000", "2014-12-31": "13418.00000", "2013-12-31": "13560.00000", "2012-12-31": "14132.00000", "2011-12-31": "18185.00000", "2010-12-31": "18513.00000", "2009-12-31": "20578.00000", "2008-12-31": "21687.00000", "2007-12-31": "25256.00000", "2006-12-31": "24852.00000", "2005-12-31": "5565.00000"}, "Total Assets": {"2020-12-31": "0.00000", "2019-12-31": "30565.00000", "2018-12-31": "20999.00000", "2017-12-31": "19042.00000", "2016-12-31": "18096.00000", "2015-12-31": "18133.00000", "2014-12-31": "17024.00000", "2013-12-31": "16571.00000", "2012-12-31": "17154.00000", "2011-12-31": "21290.00000", "2010-12-31": "22128.00000", "2009-12-31": "25177.00000", "2008-12-31": "27139.00000", "2007-12-31": "31197.00000", "2006-12-31": "30882.00000", "2005-12-31": "8196.00000"}, "Total Current Liabilities": {"2020-12-31": "", "2019-12-31": "4866.00000", "2018-12-31": "5260.00000", "2017-12-31": "5654.00000", "2016-12-31": "3587.00000", "2015-12-31": "2430.00000", "2014-12-31": "2846.00000", "2013-12-31": "1824.00000", "2012-12-31": "1772.00000", "2011-12-31": "1807.00000", "2010-12-31": "2609.00000", "2009-12-31": "3022.00000", "2008-12-31": "3233.00000", "2007-12-31": "3250.00000", "2006-12-31": "2631.00000", "2005-12-31": "1479.00000"}, "Long Term Debt": {"2020-12-31": "", "2019-12-31": "8592.00000", "2018-12-31": "4803.00000", "2017-12-31": "3815.00000", "2016-12-31": "5420.00000", "2015-12-31": "5674.00000", "2014-12-31": "3841.00000", "2013-12-31": "4237.00000", "2012-12-31": "4252.00000", "2011-12-31": "4257.00000", "2010-12-31": "4934.00000", "2009-12-31": "5915.00000", "2008-12-31": "6743.00000", "2007-12-31": "7933.00000", "2006-12-31": "8895.00000", "2005-12-31": "1864.00000"}, "Other Non-Current Liabilities": {"2020-12-31": "", "2019-12-31": "2635.00000", "2018-12-31": "1882.00000", "2017-12-31": "2370.00000", "2016-12-31": "2338.00000", "2015-12-31": "2974.00000", "2014-12-31": "2666.00000", "2013-12-31": "2569.00000", "2012-12-31": "2547.00000", "2011-12-31": "2008.00000", "2010-12-31": "1645.00000", "2009-12-31": "2064.00000", "2008-12-31": "1727.00000", "2007-12-31": "2633.00000", "2006-12-31": "1488.00000", "2005-12-31": "309.00000"}, "Total Long Term Liabilities": {"2020-12-31": "", "2019-12-31": "11822.00000", "2018-12-31": "7013.00000", "2017-12-31": "6376.00000", "2016-12-31": "7776.00000", "2015-12-31": "9383.00000", "2014-12-31": "7721.00000", "2013-12-31": "8208.00000", "2012-12-31": "8512.00000", "2011-12-31": "8130.00000", "2010-12-31": "8223.00000", "2009-12-31": "9854.00000", "2008-12-31": "10732.00000", "2007-12-31": "12850.00000", "2006-12-31": "12953.00000", "2005-12-31": "2435.00000"}, "Total Liabilities": {"2020-12-31": "", "2019-12-31": "16688.00000", "2018-12-31": "12273.00000", "2017-12-31": "12030.00000", "2016-12-31": "11363.00000", "2015-12-31": "11813.00000", "2014-12-31": "10567.00000", "2013-12-31": "10032.00000", "2012-12-31": "10284.00000", "2011-12-31": "9937.00000", "2010-12-31": "10832.00000", "2009-12-31": "12876.00000", "2008-12-31": "13965.00000", "2007-12-31": "16100.00000", "2006-12-31": "15584.00000", "2005-12-31": "3914.00000"}, "Common Stock Net": {"2020-12-31": "", "2019-12-31": "16.00000", "2018-12-31": "16.00000", "2017-12-31": "16.00000", "2016-12-31": "16.00000", "2015-12-31": "16.00000", "2014-12-31": "16.00000", "2013-12-31": "16.00000", "2012-12-31": "15.00000", "2011-12-31": "15.00000", "2010-12-31": "15.00000", "2009-12-31": "15.00000", "2008-12-31": "15.00000", "2007-12-31": "15.00000", "2006-12-31": "15.00000", "2005-12-31": "8.00000"}, "Retained Earnings (Accumulated Deficit)": {"2020-12-31": "", "2019-12-31": "-2253.00000", "2018-12-31": "-6953.00000", "2017-12-31": "-8390.00000", "2016-12-31": "-8581.00000", "2015-12-31": "-8927.00000", "2014-12-31": "-8689.00000", "2013-12-31": "-8570.00000", "2012-12-31": "-8449.00000", "2011-12-31": "-4381.00000", "2010-12-31": "-4822.00000", "2009-12-31": "-3757.00000", "2008-12-31": "-2732.00000", "2007-12-31": "-693.00000", "2006-12-31": "-174.00000", "2005-12-31": "3410.00000"}, "Comprehensive Income": {"2020-12-31": "", "2019-12-31": "270.00000", "2018-12-31": "33.00000", "2017-12-31": "-59.00000", "2016-12-31": "1.00000", "2015-12-31": "88.00000", "2014-12-31": "144.00000", "2013-12-31": "106.00000", "2012-12-31": "-33.00000", "2011-12-31": "-138.00000", "2010-12-31": "-129.00000", "2009-12-31": "-43.00000", "2008-12-31": "-53.00000", "2007-12-31": "9.00000", "2006-12-31": "57.00000", "2005-12-31": "21.00000"}, "Other Share Holders Equity": {"2020-12-31": "", "2019-12-31": "", "2018-12-31": "", "2017-12-31": "", "2016-12-31": "", "2015-12-31": "", "2014-12-31": "", "2013-12-31": "", "2012-12-31": "", "2011-12-31": "", "2010-12-31": "", "2009-12-31": "", "2008-12-31": "", "2007-12-31": "", "2006-12-31": "", "2005-12-31": ""}, "Share Holder Equity": {"2020-12-31": "", "2019-12-31": "13877.00000", "2018-12-31": "8726.00000", "2017-12-31": "7012.00000", "2016-12-31": "6733.00000", "2015-12-31": "6320.00000", "2014-12-31": "6457.00000", "2013-12-31": "6539.00000", "2012-12-31": "6870.00000", "2011-12-31": "11353.00000", "2010-12-31": "11296.00000", "2009-12-31": "12301.00000", "2008-12-31": "13174.00000", "2007-12-31": "15097.00000", "2006-12-31": "15298.00000", "2005-12-31": "4282.00000"}, "Total Liabilities And Share Holders Equity": {"2020-12-31": "", "2019-12-31": "30565.00000", "2018-12-31": "20999.00000", "2017-12-31": "19042.00000", "2016-12-31": "18096.00000", "2015-12-31": "18133.00000", "2014-12-31": "17024.00000", "2013-12-31": "16571.00000", "2012-12-31": "17154.00000", "2011-12-31": "21290.00000", "2010-12-31": "22128.00000", "2009-12-31": "25177.00000", "2008-12-31": "27139.00000", "2007-12-31": "31197.00000", "2006-12-31": "30882.00000", "2005-12-31": "8196.00000"}}, "balance sheet, quarterly": {"Cash On Hand": {"2020-12-31": "", "2020-09-30": "2022.00000", "2020-06-30": "1724.00000", "2020-03-31": "370.00000", "2019-12-31": "217.00000", "2019-09-30": "277.00000", "2019-06-30": "123.00000", "2019-03-31": "139.00000", "2018-12-31": "146.00000", "2018-09-30": "168.00000", "2018-06-30": "208.00000", "2018-03-31": "287.00000", "2017-12-31": "188.00000", "2017-09-30": "210.00000", "2017-06-30": "195.00000", "2017-03-31": "156.00000", "2016-12-31": "196.00000", "2016-09-30": "237.00000", "2016-06-30": "438.00000", "2016-03-31": "338.00000", "2015-12-31": "319.00000", "2015-09-30": "350.00000", "2015-06-30": "903.00000", "2015-03-31": "242.00000", "2014-12-31": "587.00000", "2014-09-30": "246.00000", "2014-06-30": "357.00000", "2014-03-31": "191.00000", "2013-12-31": "217.00000", "2013-09-30": "571.00000", "2013-06-30": "530.00000", "2013-03-31": "268.00000", "2012-12-31": "207.00000", "2012-09-30": "352.00000", "2012-06-30": "371.00000", "2012-03-31": "284.00000", "2011-12-31": "267.00000", "2011-09-30": "276.00000", "2011-06-30": "154.00000", "2011-03-31": "595.00000", "2010-12-31": "213.00000", "2010-09-30": "624.00000", "2010-06-30": "811.00000", "2010-03-31": "519.00000", "2009-12-31": "864.00000", "2009-09-30": "1381.00000", "2009-06-30": "1194.00000", "2009-03-31": "897.00000", "2008-12-31": "1641.00000", "2008-09-30": "1734.00000", "2008-06-30": "1616.00000", "2008-03-31": "1739.00000", "2007-12-31": "1452.00000", "2007-09-30": "1237.00000", "2007-06-30": "1514.00000", "2007-03-31": "1340.00000", "2006-12-31": "1668.00000", "2006-09-30": "1541.00000", "2006-06-30": "1157.00000", "2006-03-31": "1083.00000", "2005-12-31": "848.00000", "2005-09-30": "917.00000", "2005-06-30": "883.00000", "2005-03-31": "956.00000"}, "Receivables": {"2020-12-31": "", "2020-09-30": "1598.00000", "2020-06-30": "1457.00000", "2020-03-31": "1577.00000", "2019-12-31": "1828.00000", "2019-09-30": "1796.00000", "2019-06-30": "1712.00000", "2019-03-31": "1621.00000", "2018-12-31": "1608.00000", "2018-09-30": "1580.00000", "2018-06-30": "1587.00000", "2018-03-31": "1580.00000", "2017-12-31": "1548.00000", "2017-09-30": "1470.00000", "2017-06-30": "1444.00000", "2017-03-31": "1429.00000", "2016-12-31": "1472.00000", "2016-09-30": "1385.00000", "2016-06-30": "1387.00000", "2016-03-31": "1291.00000", "2015-12-31": "1275.00000", "2015-09-30": "1274.00000", "2015-06-30": "1195.00000", "2015-03-31": "1161.00000", "2014-12-31": "1183.00000", "2014-09-30": "1233.00000", "2014-06-30": "1287.00000", "2014-03-31": "1217.00000", "2013-12-31": "1307.00000", "2013-09-30": "1238.00000", "2013-06-30": "1278.00000", "2013-03-31": "1232.00000", "2012-12-31": "1217.00000", "2012-09-30": "1197.00000", "2012-06-30": "1243.00000", "2012-03-31": "1316.00000", "2011-12-31": "1246.00000", "2011-09-30": "1237.00000", "2011-06-30": "1334.00000", "2011-03-31": "1336.00000", "2010-12-31": "1320.00000", "2010-09-30": "1317.00000", "2010-06-30": "1315.00000", "2010-03-31": "1301.00000", "2009-12-31": "1375.00000", "2009-09-30": "1431.00000", "2009-06-30": "1444.00000", "2009-03-31": "1369.00000", "2008-12-31": "1402.00000", "2008-09-30": "1355.00000", "2008-06-30": "1416.00000", "2008-03-31": "1496.00000", "2007-12-31": "1502.00000", "2007-09-30": "1487.00000", "2007-06-30": "1508.00000", "2007-03-31": "1435.00000", "2006-12-31": "1388.00000", "2006-09-30": "1460.00000", "2006-06-30": "1519.00000", "2006-03-31": "978.00000", "2005-12-31": "932.00000", "2005-09-30": "951.00000", "2005-06-30": "976.00000", "2005-03-31": "953.00000"}, "Inventory": {"2020-12-31": "", "2020-09-30": "1472.00000", "2020-06-30": "1516.00000", "2020-03-31": "1628.00000", "2019-12-31": "1579.00000", "2019-09-30": "1566.00000", "2019-06-30": "1300.00000", "2019-03-31": "1228.00000", "2018-12-31": "1166.00000", "2018-09-30": "1134.00000", "2018-06-30": "1087.00000", "2018-03-31": "1113.00000", "2017-12-31": "1078.00000", "2017-09-30": "1077.00000", "2017-06-30": "1023.00000", "2017-03-31": "971.00000", "2016-12-31": "955.00000", "2016-09-30": "998.00000", "2016-06-30": "981.00000", "2016-03-31": "1022.00000", "2015-12-31": "1016.00000", "2015-09-30": "1086.00000", "2015-06-30": "968.00000", "2015-03-31": "958.00000", "2014-12-31": "946.00000", "2014-09-30": "989.00000", "2014-06-30": "949.00000", "2014-03-31": "926.00000", "2013-12-31": "897.00000", "2013-09-30": "895.00000", "2013-06-30": "842.00000", "2013-03-31": "851.00000", "2012-12-31": "884.00000", "2012-09-30": "911.00000", "2012-06-30": "898.00000", "2012-03-31": "889.00000", "2011-12-31": "931.00000", "2011-09-30": "972.00000", "2011-06-30": "927.00000", "2011-03-31": "899.00000", "2010-12-31": "894.00000", "2010-09-30": "923.00000", "2010-06-30": "885.00000", "2010-03-31": "906.00000", "2009-12-31": "891.00000", "2009-09-30": "942.00000", "2009-06-30": "878.00000", "2009-03-31": "852.00000", "2008-12-31": "853.00000", "2008-09-30": "854.00000", "2008-06-30": "812.00000", "2008-03-31": "781.00000", "2007-12-31": "725.00000", "2007-09-30": "814.00000", "2007-06-30": "837.00000", "2007-03-31": "793.00000", "2006-12-31": "684.00000", "2006-09-30": "759.00000", "2006-06-30": "797.00000", "2006-03-31": "407.00000", "2005-12-31": "418.00000", "2005-09-30": "428.00000", "2005-06-30": "410.00000", "2005-03-31": "387.00000"}, "Pre-Paid Expenses": {"2020-12-31": "", "2020-09-30": "174.00000", "2020-06-30": "181.00000", "2020-03-31": "205.00000", "2019-12-31": "195.00000", "2019-09-30": "189.00000", "2019-06-30": "175.00000", "2019-03-31": "163.00000", "2018-12-31": "161.00000", "2018-09-30": "43.00000", "2018-06-30": "46.00000", "2018-03-31": "", "2017-12-31": "66.00000", "2017-09-30": "", "2017-06-30": "", "2017-03-31": "", "2016-12-31": "", "2016-09-30": "", "2016-06-30": "", "2016-03-31": "", "2015-12-31": "", "2015-09-30": "", "2015-06-30": "", "2015-03-31": "", "2014-12-31": "", "2014-09-30": "404.00000", "2014-06-30": "301.00000", "2014-03-31": "323.00000", "2013-12-31": "", "2013-09-30": "285.00000", "2013-06-30": "352.00000", "2013-03-31": "320.00000", "2012-12-31": "281.00000", "2012-09-30": "230.00000", "2012-06-30": "193.00000", "2012-03-31": "198.00000", "2011-12-31": "203.00000", "2011-09-30": "314.00000", "2011-06-30": "310.00000", "2011-03-31": "327.00000", "2010-12-31": "183.00000", "2010-09-30": "212.00000", "2010-06-30": "426.00000", "2010-03-31": "501.00000", "2009-12-31": "319.00000", "2009-09-30": "383.00000", "2009-06-30": "410.00000", "2009-03-31": "592.00000", "2008-12-31": "645.00000", "2008-09-30": "349.00000", "2008-06-30": "393.00000", "2008-03-31": "352.00000", "2007-12-31": "464.00000", "2007-09-30": "316.00000", "2007-06-30": "470.00000", "2007-03-31": "435.00000", "2006-12-31": "474.00000", "2006-09-30": "453.00000", "2006-06-30": "419.00000", "2006-03-31": "217.00000", "2005-12-31": "281.00000", "2005-09-30": "", "2005-06-30": "", "2005-03-31": ""}, "Other Current Assets": {"2020-12-31": "", "2020-09-30": "894.00000", "2020-06-30": "925.00000", "2020-03-31": "1043.00000", "2019-12-31": "880.00000", "2019-09-30": "1020.00000", "2019-06-30": "3024.00000", "2019-03-31": "3083.00000", "2018-12-31": "921.00000", "2018-09-30": "1045.00000", "2018-06-30": "1001.00000", "2018-03-31": "1048.00000", "2017-12-31": "942.00000", "2017-09-30": "645.00000", "2017-06-30": "485.00000", "2017-03-31": "405.00000", "2016-12-31": "541.00000", "2016-09-30": "477.00000", "2016-06-30": "446.00000", "2016-03-31": "437.00000", "2015-12-31": "365.00000", "2015-09-30": "385.00000", "2015-06-30": "391.00000", "2015-03-31": "489.00000", "2014-12-31": "443.00000", "2014-09-30": "", "2014-06-30": "", "2014-03-31": "", "2013-12-31": "302.00000", "2013-09-30": "", "2013-06-30": "", "2013-03-31": "", "2012-12-31": "", "2012-09-30": "", "2012-06-30": "", "2012-03-31": "", "2011-12-31": "", "2011-09-30": "5.00000", "2011-06-30": "7.00000", "2011-03-31": "7.00000", "2010-12-31": "576.00000", "2010-09-30": "", "2010-06-30": "", "2010-03-31": "", "2009-12-31": "578.00000", "2009-09-30": "", "2009-06-30": "", "2009-03-31": "", "2008-12-31": "", "2008-09-30": "", "2008-06-30": "", "2008-03-31": "", "2007-12-31": "1119.00000", "2007-09-30": "196.00000", "2007-06-30": "", "2007-03-31": "", "2006-12-31": "1447.00000", "2006-09-30": "", "2006-06-30": "", "2006-03-31": "", "2005-12-31": "", "2005-09-30": "135.00000", "2005-06-30": "112.00000", "2005-03-31": "461.00000"}, "Total Current Assets": {"2020-12-31": "", "2020-09-30": "6160.00000", "2020-06-30": "5803.00000", "2020-03-31": "4823.00000", "2019-12-31": "4699.00000", "2019-09-30": "4847.00000", "2019-06-30": "6334.00000", "2019-03-31": "6234.00000", "2018-12-31": "4003.00000", "2018-09-30": "3971.00000", "2018-06-30": "3929.00000", "2018-03-31": "4080.00000", "2017-12-31": "3822.00000", "2017-09-30": "3478.00000", "2017-06-30": "3222.00000", "2017-03-31": "3026.00000", "2016-12-31": "3239.00000", "2016-09-30": "3181.00000", "2016-06-30": "3330.00000", "2016-03-31": "3164.00000", "2015-12-31": "3471.00000", "2015-09-30": "3462.00000", "2015-06-30": "3773.00000", "2015-03-31": "3189.00000", "2014-12-31": "3606.00000", "2014-09-30": "3175.00000", "2014-06-30": "3214.00000", "2014-03-31": "2936.00000", "2013-12-31": "3011.00000", "2013-09-30": "3525.00000", "2013-06-30": "3498.00000", "2013-03-31": "3102.00000", "2012-12-31": "3022.00000", "2012-09-30": "3173.00000", "2012-06-30": "3111.00000", "2012-03-31": "3091.00000", "2011-12-31": "3105.00000", "2011-09-30": "3213.00000", "2011-06-30": "3149.00000", "2011-03-31": "3569.00000", "2010-12-31": "3615.00000", "2010-09-30": "3556.00000", "2010-06-30": "3987.00000", "2010-03-31": "3747.00000", "2009-12-31": "4599.00000", "2009-09-30": "4962.00000", "2009-06-30": "4796.00000", "2009-03-31": "4574.00000", "2008-12-31": "5452.00000", "2008-09-30": "5287.00000", "2008-06-30": "5168.00000", "2008-03-31": "5241.00000", "2007-12-31": "5941.00000", "2007-09-30": "4687.00000", "2007-06-30": "4936.00000", "2007-03-31": "4584.00000", "2006-12-31": "6030.00000", "2006-09-30": "4749.00000", "2006-06-30": "4405.00000", "2006-03-31": "2873.00000", "2005-12-31": "2631.00000", "2005-09-30": "2761.00000", "2005-06-30": "2715.00000", "2005-03-31": "2757.00000"}, "Property, Plant, And Equipment": {"2020-12-31": "", "2020-09-30": "2064.00000", "2020-06-30": "2079.00000", "2020-03-31": "2098.00000", "2019-12-31": "2079.00000", "2019-09-30": "1942.00000", "2019-06-30": "1820.00000", "2019-03-31": "1782.00000", "2018-12-31": "1782.00000", "2018-09-30": "1730.00000", "2018-06-30": "1715.00000", "2018-03-31": "1700.00000", "2017-12-31": "1697.00000", "2017-09-30": "1678.00000", "2017-06-30": "1651.00000", "2017-03-31": "1652.00000", "2016-12-31": "1630.00000", "2016-09-30": "1500.00000", "2016-06-30": "1487.00000", "2016-03-31": "1464.00000", "2015-12-31": "1490.00000", "2015-09-30": "1479.00000", "2015-06-30": "1451.00000", "2015-03-31": "1458.00000", "2014-12-31": "1507.00000", "2014-09-30": "1522.00000", "2014-06-30": "1534.00000", "2014-03-31": "1539.00000", "2013-12-31": "1546.00000", "2013-09-30": "1530.00000", "2013-06-30": "1524.00000", "2013-03-31": "1537.00000", "2012-12-31": "1564.00000", "2012-09-30": "1624.00000", "2012-06-30": "1632.00000", "2012-03-31": "1669.00000", "2011-12-31": "1670.00000", "2011-09-30": "1684.00000", "2011-06-30": "1702.00000", "2011-03-31": "1708.00000", "2010-12-31": "1697.00000", "2010-09-30": "1712.00000", "2010-06-30": "1708.00000", "2010-03-31": "1712.00000", "2009-12-31": "1722.00000", "2009-09-30": "1731.00000", "2009-06-30": "1719.00000", "2009-03-31": "1708.00000", "2008-12-31": "1728.00000", "2008-09-30": "1716.00000", "2008-06-30": "1738.00000", "2008-03-31": "1736.00000", "2007-12-31": "1715.00000", "2007-09-30": "1764.00000", "2007-06-30": "1779.00000", "2007-03-31": "1748.00000", "2006-12-31": "1644.00000", "2006-09-30": "1672.00000", "2006-06-30": "1656.00000", "2006-03-31": "1024.00000", "2005-12-31": "1011.00000", "2005-09-30": "986.00000", "2005-06-30": "957.00000", "2005-03-31": "924.00000"}, "Long-Term Investments": {"2020-12-31": "", "2020-09-30": "", "2020-06-30": "", "2020-03-31": "", "2019-12-31": "", "2019-09-30": "", "2019-06-30": "", "2019-03-31": "", "2018-12-31": "", "2018-09-30": "", "2018-06-30": "", "2018-03-31": "", "2017-12-31": "", "2017-09-30": "", "2017-06-30": "", "2017-03-31": "", "2016-12-31": "", "2016-09-30": "", "2016-06-30": "", "2016-03-31": "", "2015-12-31": "", "2015-09-30": "", "2015-06-30": "", "2015-03-31": "", "2014-12-31": "", "2014-09-30": "", "2014-06-30": "", "2014-03-31": "", "2013-12-31": "", "2013-09-30": "", "2013-06-30": "", "2013-03-31": "", "2012-12-31": "", "2012-09-30": "", "2012-06-30": "", "2012-03-31": "", "2011-12-31": "", "2011-09-30": "", "2011-06-30": "", "2011-03-31": "", "2010-12-31": "", "2010-09-30": "", "2010-06-30": "", "2010-03-31": "", "2009-12-31": "", "2009-09-30": "", "2009-06-30": "", "2009-03-31": "", "2008-12-31": "", "2008-09-30": "120.00000", "2008-06-30": "122.00000", "2008-03-31": "321.00000", "2007-12-31": "317.00000", "2007-09-30": "435.00000", "2007-06-30": "535.00000", "2007-03-31": "563.00000", "2006-12-31": "596.00000", "2006-09-30": "568.00000", "2006-06-30": "573.00000", "2006-03-31": "550.00000", "2005-12-31": "594.00000", "2005-09-30": "581.00000", "2005-06-30": "618.00000", "2005-03-31": ""}, "Goodwill And Intangible Assets": {"2020-12-31": "", "2020-09-30": "16934.00000", "2020-06-30": "17261.00000", "2020-03-31": "17491.00000", "2019-12-31": "18062.00000", "2019-09-30": "18089.00000", "2019-06-30": "14937.00000", "2019-03-31": "14627.00000", "2018-12-31": "14283.00000", "2018-09-30": "13885.00000", "2018-06-30": "13176.00000", "2018-03-31": "12697.00000", "2017-12-31": "12835.00000", "2017-09-30": "12665.00000", "2017-06-30": "12792.00000", "2017-03-31": "12423.00000", "2016-12-31": "12561.00000", "2016-09-30": "12336.00000", "2016-06-30": "12405.00000", "2016-03-31": "12539.00000", "2015-12-31": "12667.00000", "2015-09-30": "12696.00000", "2015-06-30": "11372.00000", "2015-03-31": "11395.00000", "2014-12-31": "11504.00000", "2014-09-30": "11633.00000", "2014-06-30": "11394.00000", "2014-03-31": "11499.00000", "2013-12-31": "11643.00000", "2013-09-30": "11489.00000", "2013-06-30": "11579.00000", "2013-03-31": "11729.00000", "2012-12-31": "12262.00000", "2012-09-30": "11878.00000", "2012-06-30": "12723.00000", "2012-03-31": "16144.00000", "2011-12-31": "16234.00000", "2011-09-30": "16333.00000", "2011-06-30": "16442.00000", "2011-03-31": "16554.00000", "2010-12-31": "16529.00000", "2010-09-30": "16883.00000", "2010-06-30": "16998.00000", "2010-03-31": "17097.00000", "2009-12-31": "18603.00000", "2009-09-30": "19287.00000", "2009-06-30": "19406.00000", "2009-03-31": "19539.00000", "2008-12-31": "19665.00000", "2008-09-30": "22538.00000", "2008-06-30": "22760.00000", "2008-03-31": "22905.00000", "2007-12-31": "23067.00000", "2007-09-30": "24272.00000", "2007-06-30": "23816.00000", "2007-03-31": "23960.00000", "2006-12-31": "22378.00000", "2006-09-30": "23543.00000", "2006-06-30": "23748.00000", "2006-03-31": "3741.00000", "2005-12-31": "3735.00000", "2005-09-30": "3532.00000", "2005-06-30": "3568.00000", "2005-03-31": "3373.00000"}, "Other Long-Term Assets": {"2020-12-31": "", "2020-09-30": "1516.00000", "2020-06-30": "1500.00000", "2020-03-31": "1538.00000", "2019-12-31": "1529.00000", "2019-09-30": "1879.00000", "2019-06-30": "1217.00000", "2019-03-31": "1158.00000", "2018-12-31": "845.00000", "2018-09-30": "794.00000", "2018-06-30": "796.00000", "2018-03-31": "725.00000", "2017-12-31": "688.00000", "2017-09-30": "815.00000", "2017-06-30": "717.00000", "2017-03-31": "842.00000", "2016-12-31": "666.00000", "2016-09-30": "680.00000", "2016-06-30": "616.00000", "2016-03-31": "551.00000", "2015-12-31": "505.00000", "2015-09-30": "578.00000", "2015-06-30": "527.00000", "2015-03-31": "430.00000", "2014-12-31": "407.00000", "2014-09-30": "388.00000", "2014-06-30": "335.00000", "2014-03-31": "361.00000", "2013-12-31": "371.00000", "2013-09-30": "373.00000", "2013-06-30": "395.00000", "2013-03-31": "395.00000", "2012-12-31": "306.00000", "2012-09-30": "223.00000", "2012-06-30": "352.00000", "2012-03-31": "281.00000", "2011-12-31": "281.00000", "2011-09-30": "272.00000", "2011-06-30": "266.00000", "2011-03-31": "239.00000", "2010-12-31": "287.00000", "2010-09-30": "335.00000", "2010-06-30": "326.00000", "2010-03-31": "297.00000", "2009-12-31": "253.00000", "2009-09-30": "249.00000", "2009-06-30": "272.00000", "2009-03-31": "284.00000", "2008-12-31": "294.00000", "2008-09-30": "165.00000", "2008-06-30": "113.00000", "2008-03-31": "143.00000", "2007-12-31": "157.00000", "2007-09-30": "176.00000", "2007-06-30": "199.00000", "2007-03-31": "214.00000", "2006-12-31": "234.00000", "2006-09-30": "220.00000", "2006-06-30": "229.00000", "2006-03-31": "193.00000", "2005-12-31": "225.00000", "2005-09-30": "216.00000", "2005-06-30": "225.00000", "2005-03-31": "765.00000"}, "Total Long-Term Assets": {"2020-12-31": "", "2020-09-30": "24686.00000", "2020-06-30": "25022.00000", "2020-03-31": "25289.00000", "2019-12-31": "25866.00000", "2019-09-30": "21910.00000", "2019-06-30": "17974.00000", "2019-03-31": "17567.00000", "2018-12-31": "16997.00000", "2018-09-30": "16409.00000", "2018-06-30": "15687.00000", "2018-03-31": "15122.00000", "2017-12-31": "15220.00000", "2017-09-30": "15158.00000", "2017-06-30": "15160.00000", "2017-03-31": "14917.00000", "2016-12-31": "14857.00000", "2016-09-30": "14516.00000", "2016-06-30": "14508.00000", "2016-03-31": "14554.00000", "2015-12-31": "14662.00000", "2015-09-30": "14753.00000", "2015-06-30": "13350.00000", "2015-03-31": "13283.00000", "2014-12-31": "13418.00000", "2014-09-30": "13543.00000", "2014-06-30": "13263.00000", "2014-03-31": "13399.00000", "2013-12-31": "13560.00000", "2013-09-30": "13392.00000", "2013-06-30": "13498.00000", "2013-03-31": "13661.00000", "2012-12-31": "14132.00000", "2012-09-30": "13725.00000", "2012-06-30": "14707.00000", "2012-03-31": "18094.00000", "2011-12-31": "18185.00000", "2011-09-30": "18289.00000", "2011-06-30": "18410.00000", "2011-03-31": "18501.00000", "2010-12-31": "18513.00000", "2010-09-30": "18930.00000", "2010-06-30": "19032.00000", "2010-03-31": "19106.00000", "2009-12-31": "20578.00000", "2009-09-30": "21267.00000", "2009-06-30": "21397.00000", "2009-03-31": "21531.00000", "2008-12-31": "21687.00000", "2008-09-30": "24539.00000", "2008-06-30": "24733.00000", "2008-03-31": "25105.00000", "2007-12-31": "25256.00000", "2007-09-30": "26647.00000", "2007-06-30": "26329.00000", "2007-03-31": "26485.00000", "2006-12-31": "24852.00000", "2006-09-30": "26003.00000", "2006-06-30": "26206.00000", "2006-03-31": "6236.00000", "2005-12-31": "5565.00000", "2005-09-30": "5315.00000", "2005-06-30": "5368.00000", "2005-03-31": "5062.00000"}, "Total Assets": {"2020-12-31": "0.00000", "2020-09-30": "30845.00000", "2020-06-30": "30823.00000", "2020-03-31": "30113.00000", "2019-12-31": "30565.00000", "2019-09-30": "26756.00000", "2019-06-30": "24309.00000", "2019-03-31": "23802.00000", "2018-12-31": "20999.00000", "2018-09-30": "20379.00000", "2018-06-30": "19615.00000", "2018-03-31": "19202.00000", "2017-12-31": "19042.00000", "2017-09-30": "18636.00000", "2017-06-30": "18382.00000", "2017-03-31": "17943.00000", "2016-12-31": "18096.00000", "2016-09-30": "17697.00000", "2016-06-30": "17838.00000", "2016-03-31": "17718.00000", "2015-12-31": "18133.00000", "2015-09-30": "18215.00000", "2015-06-30": "17123.00000", "2015-03-31": "16472.00000", "2014-12-31": "17024.00000", "2014-09-30": "16718.00000", "2014-06-30": "16477.00000", "2014-03-31": "16335.00000", "2013-12-31": "16571.00000", "2013-09-30": "16917.00000", "2013-06-30": "16996.00000", "2013-03-31": "16763.00000", "2012-12-31": "17154.00000", "2012-09-30": "16898.00000", "2012-06-30": "17818.00000", "2012-03-31": "21185.00000", "2011-12-31": "21290.00000", "2011-09-30": "21502.00000", "2011-06-30": "21559.00000", "2011-03-31": "22070.00000", "2010-12-31": "22128.00000", "2010-09-30": "22486.00000", "2010-06-30": "23019.00000", "2010-03-31": "22853.00000", "2009-12-31": "25177.00000", "2009-09-30": "26229.00000", "2009-06-30": "26193.00000", "2009-03-31": "26105.00000", "2008-12-31": "27139.00000", "2008-09-30": "29826.00000", "2008-06-30": "29901.00000", "2008-03-31": "30346.00000", "2007-12-31": "31197.00000", "2007-09-30": "31334.00000", "2007-06-30": "31265.00000", "2007-03-31": "31069.00000", "2006-12-31": "30882.00000", "2006-09-30": "30752.00000", "2006-06-30": "30611.00000", "2006-03-31": "9109.00000", "2005-12-31": "8196.00000", "2005-09-30": "8076.00000", "2005-06-30": "8083.00000", "2005-03-31": "7819.00000"}, "Total Current Liabilities": {"2020-12-31": "", "2020-09-30": "3302.00000", "2020-06-30": "3108.00000", "2020-03-31": "3976.00000", "2019-12-31": "4866.00000", "2019-09-30": "4254.00000", "2019-06-30": "4850.00000", "2019-03-31": "4479.00000", "2018-12-31": "5260.00000", "2018-09-30": "5082.00000", "2018-06-30": "4753.00000", "2018-03-31": "4988.00000", "2017-12-31": "5654.00000", "2017-09-30": "4828.00000", "2017-06-30": "4300.00000", "2017-03-31": "3490.00000", "2016-12-31": "3587.00000", "2016-09-30": "3016.00000", "2016-06-30": "3182.00000", "2016-03-31": "2608.00000", "2015-12-31": "2430.00000", "2015-09-30": "2238.00000", "2015-06-30": "1937.00000", "2015-03-31": "2463.00000", "2014-12-31": "2846.00000", "2014-09-30": "1820.00000", "2014-06-30": "1773.00000", "2014-03-31": "1719.00000", "2013-12-31": "1824.00000", "2013-09-30": "1902.00000", "2013-06-30": "2477.00000", "2013-03-31": "1636.00000", "2012-12-31": "1772.00000", "2012-09-30": "1815.00000", "2012-06-30": "1794.00000", "2012-03-31": "1669.00000", "2011-12-31": "1807.00000", "2011-09-30": "1887.00000", "2011-06-30": "1892.00000", "2011-03-31": "2040.00000", "2010-12-31": "2609.00000", "2010-09-30": "2955.00000", "2010-06-30": "3723.00000", "2010-03-31": "2913.00000", "2009-12-31": "3022.00000", "2009-09-30": "3176.00000", "2009-06-30": "2750.00000", "2009-03-31": "2431.00000", "2008-12-31": "3233.00000", "2008-09-30": "3538.00000", "2008-06-30": "3035.00000", "2008-03-31": "3393.00000", "2007-12-31": "3250.00000", "2007-09-30": "3376.00000", "2007-06-30": "2969.00000", "2007-03-31": "2370.00000", "2006-12-31": "2631.00000", "2006-09-30": "2450.00000", "2006-06-30": "2173.00000", "2006-03-31": "2035.00000", "2005-12-31": "1479.00000", "2005-09-30": "1142.00000", "2005-06-30": "1756.00000", "2005-03-31": "1784.00000"}, "Long Term Debt": {"2020-12-31": "", "2020-09-30": "9325.00000", "2020-06-30": "9278.00000", "2020-03-31": "9331.00000", "2019-12-31": "8592.00000", "2019-09-30": "9590.00000", "2019-06-30": "7591.00000", "2019-03-31": "7590.00000", "2018-12-31": "4803.00000", "2018-09-30": "4806.00000", "2018-06-30": "4808.00000", "2018-03-31": "4803.00000", "2017-12-31": "3815.00000", "2017-09-30": "4416.00000", "2017-06-30": "4817.00000", "2017-03-31": "5509.00000", "2016-12-31": "5420.00000", "2016-09-30": "5171.00000", "2016-06-30": "5173.00000", "2016-03-31": "5424.00000", "2015-12-31": "5674.00000", "2015-09-30": "5796.00000", "2015-06-30": "5069.00000", "2015-03-31": "3845.00000", "2014-12-31": "3841.00000", "2014-09-30": "4249.00000", "2014-06-30": "4252.00000", "2014-03-31": "4245.00000", "2013-12-31": "4237.00000", "2013-09-30": "4246.00000", "2013-06-30": "3647.00000", "2013-03-31": "4250.00000", "2012-12-31": "4252.00000", "2012-09-30": "4252.00000", "2012-06-30": "4253.00000", "2012-03-31": "4255.00000", "2011-12-31": "4257.00000", "2011-09-30": "4259.00000", "2011-06-30": "4197.00000", "2011-03-31": "4670.00000", "2010-12-31": "4934.00000", "2010-09-30": "5133.00000", "2010-06-30": "5183.00000", "2010-03-31": "5671.00000", "2009-12-31": "5915.00000", "2009-09-30": "5774.00000", "2009-06-30": "5920.00000", "2009-03-31": "6242.00000", "2008-12-31": "6743.00000", "2008-09-30": "6767.00000", "2008-06-30": "7014.00000", "2008-03-31": "7311.00000", "2007-12-31": "7933.00000", "2007-09-30": "7903.00000", "2007-06-30": "8250.00000", "2007-03-31": "8898.00000", "2006-12-31": "8895.00000", "2006-09-30": "8893.00000", "2006-06-30": "8892.00000", "2006-03-31": "1836.00000", "2005-12-31": "1864.00000", "2005-09-30": "2430.00000", "2005-06-30": "1518.00000", "2005-03-31": "1115.00000"}, "Other Non-Current Liabilities": {"2020-12-31": "", "2020-09-30": "2132.00000", "2020-06-30": "2236.00000", "2020-03-31": "2412.00000", "2019-12-31": "2635.00000", "2019-09-30": "2406.00000", "2019-06-30": "2027.00000", "2019-03-31": "2059.00000", "2018-12-31": "1882.00000", "2018-09-30": "1774.00000", "2018-06-30": "1945.00000", "2018-03-31": "2254.00000", "2017-12-31": "2370.00000", "2017-09-30": "1738.00000", "2017-06-30": "1972.00000", "2017-03-31": "1872.00000", "2016-12-31": "2338.00000", "2016-09-30": "3002.00000", "2016-06-30": "3239.00000", "2016-03-31": "2934.00000", "2015-12-31": "2974.00000", "2015-09-30": "3001.00000", "2015-06-30": "2638.00000", "2015-03-31": "2700.00000", "2014-12-31": "2666.00000", "2014-09-30": "2724.00000", "2014-06-30": "2606.00000", "2014-03-31": "2398.00000", "2013-12-31": "2569.00000", "2013-09-30": "2583.00000", "2013-06-30": "2558.00000", "2013-03-31": "2664.00000", "2012-12-31": "2547.00000", "2012-09-30": "2298.00000", "2012-06-30": "2240.00000", "2012-03-31": "1988.00000", "2011-12-31": "2008.00000", "2011-09-30": "1981.00000", "2011-06-30": "2014.00000", "2011-03-31": "2003.00000", "2010-12-31": "1645.00000", "2010-09-30": "1436.00000", "2010-06-30": "1238.00000", "2010-03-31": "1518.00000", "2009-12-31": "2064.00000", "2009-09-30": "1849.00000", "2009-06-30": "1944.00000", "2009-03-31": "1911.00000", "2008-12-31": "1727.00000", "2008-09-30": "1507.00000", "2008-06-30": "1965.00000", "2008-03-31": "2021.00000", "2007-12-31": "2633.00000", "2007-09-30": "2114.00000", "2007-06-30": "1561.00000", "2007-03-31": "1607.00000", "2006-12-31": "1488.00000", "2006-09-30": "1373.00000", "2006-06-30": "1568.00000", "2006-03-31": "308.00000", "2005-12-31": "309.00000", "2005-09-30": "249.00000", "2005-06-30": "229.00000", "2005-03-31": "530.00000"}, "Total Long Term Liabilities": {"2020-12-31": "", "2020-09-30": "11979.00000", "2020-06-30": "12099.00000", "2020-03-31": "12332.00000", "2019-12-31": "11822.00000", "2019-09-30": "12803.00000", "2019-06-30": "10034.00000", "2019-03-31": "10090.00000", "2018-12-31": "7013.00000", "2018-09-30": "7008.00000", "2018-06-30": "7117.00000", "2018-03-31": "7185.00000", "2017-12-31": "6376.00000", "2017-09-30": "6220.00000", "2017-06-30": "6847.00000", "2017-03-31": "7400.00000", "2016-12-31": "7776.00000", "2016-09-30": "8199.00000", "2016-06-30": "8436.00000", "2016-03-31": "8653.00000", "2015-12-31": "9383.00000", "2015-09-30": "9567.00000", "2015-06-30": "8606.00000", "2015-03-31": "7508.00000", "2014-12-31": "7721.00000", "2014-09-30": "8197.00000", "2014-06-30": "8160.00000", "2014-03-31": "8082.00000", "2013-12-31": "8208.00000", "2013-09-30": "8452.00000", "2013-06-30": "7916.00000", "2013-03-31": "8624.00000", "2012-12-31": "8512.00000", "2012-09-30": "8255.00000", "2012-06-30": "8296.00000", "2012-03-31": "8120.00000", "2011-12-31": "8130.00000", "2011-09-30": "8094.00000", "2011-06-30": "8127.00000", "2011-03-31": "8661.00000", "2010-12-31": "8223.00000", "2010-09-30": "8493.00000", "2010-06-30": "8403.00000", "2010-03-31": "9159.00000", "2009-12-31": "9854.00000", "2009-09-30": "9756.00000", "2009-06-30": "10029.00000", "2009-03-31": "10398.00000", "2008-12-31": "10732.00000", "2008-09-30": "10598.00000", "2008-06-30": "11231.00000", "2008-03-31": "11562.00000", "2007-12-31": "12850.00000", "2007-09-30": "12441.00000", "2007-06-30": "12494.00000", "2007-03-31": "13150.00000", "2006-12-31": "12953.00000", "2006-09-30": "13286.00000", "2006-06-30": "13552.00000", "2006-03-31": "2403.00000", "2005-12-31": "2435.00000", "2005-09-30": "3033.00000", "2005-06-30": "2110.00000", "2005-03-31": "1645.00000"}, "Total Liabilities": {"2020-12-31": "", "2020-09-30": "15281.00000", "2020-06-30": "15207.00000", "2020-03-31": "16309.00000", "2019-12-31": "16688.00000", "2019-09-30": "17057.00000", "2019-06-30": "14884.00000", "2019-03-31": "14569.00000", "2018-12-31": "12273.00000", "2018-09-30": "12090.00000", "2018-06-30": "11871.00000", "2018-03-31": "12172.00000", "2017-12-31": "12030.00000", "2017-09-30": "11048.00000", "2017-06-30": "11147.00000", "2017-03-31": "10890.00000", "2016-12-31": "11363.00000", "2016-09-30": "11215.00000", "2016-06-30": "11618.00000", "2016-03-31": "11261.00000", "2015-12-31": "11813.00000", "2015-09-30": "11805.00000", "2015-06-30": "10543.00000", "2015-03-31": "9971.00000", "2014-12-31": "10567.00000", "2014-09-30": "10017.00000", "2014-06-30": "9933.00000", "2014-03-31": "9801.00000", "2013-12-31": "10032.00000", "2013-09-30": "10354.00000", "2013-06-30": "10393.00000", "2013-03-31": "10260.00000", "2012-12-31": "10284.00000", "2012-09-30": "10070.00000", "2012-06-30": "10090.00000", "2012-03-31": "9789.00000", "2011-12-31": "9937.00000", "2011-09-30": "9981.00000", "2011-06-30": "10019.00000", "2011-03-31": "10701.00000", "2010-12-31": "10832.00000", "2010-09-30": "11448.00000", "2010-06-30": "12126.00000", "2010-03-31": "12072.00000", "2009-12-31": "12876.00000", "2009-09-30": "12932.00000", "2009-06-30": "12779.00000", "2009-03-31": "12829.00000", "2008-12-31": "13965.00000", "2008-09-30": "14136.00000", "2008-06-30": "14266.00000", "2008-03-31": "14955.00000", "2007-12-31": "16100.00000", "2007-09-30": "15817.00000", "2007-06-30": "15463.00000", "2007-03-31": "15520.00000", "2006-12-31": "15584.00000", "2006-09-30": "15736.00000", "2006-06-30": "15725.00000", "2006-03-31": "4438.00000", "2005-12-31": "3914.00000", "2005-09-30": "4175.00000", "2005-06-30": "3866.00000", "2005-03-31": "3429.00000"}, "Common Stock Net": {"2020-12-31": "", "2020-09-30": "17.00000", "2020-06-30": "17.00000", "2020-03-31": "16.00000", "2019-12-31": "16.00000", "2019-09-30": "16.00000", "2019-06-30": "16.00000", "2019-03-31": "16.00000", "2018-12-31": "16.00000", "2018-09-30": "16.00000", "2018-06-30": "16.00000", "2018-03-31": "16.00000", "2017-12-31": "16.00000", "2017-09-30": "16.00000", "2017-06-30": "16.00000", "2017-03-31": "16.00000", "2016-12-31": "16.00000", "2016-09-30": "19.00000", "2016-06-30": "18.00000", "2016-03-31": "16.00000", "2015-12-31": "16.00000", "2015-09-30": "16.00000", "2015-06-30": "16.00000", "2015-03-31": "16.00000", "2014-12-31": "16.00000", "2014-09-30": "16.00000", "2014-06-30": "16.00000", "2014-03-31": "16.00000", "2013-12-31": "16.00000", "2013-09-30": "16.00000", "2013-06-30": "16.00000", "2013-03-31": "16.00000", "2012-12-31": "15.00000", "2012-09-30": "15.00000", "2012-06-30": "15.00000", "2012-03-31": "15.00000", "2011-12-31": "15.00000", "2011-09-30": "15.00000", "2011-06-30": "15.00000", "2011-03-31": "15.00000", "2010-12-31": "15.00000", "2010-09-30": "15.00000", "2010-06-30": "15.00000", "2010-03-31": "15.00000", "2009-12-31": "15.00000", "2009-09-30": "15.00000", "2009-06-30": "15.00000", "2009-03-31": "15.00000", "2008-12-31": "15.00000", "2008-09-30": "15.00000", "2008-06-30": "15.00000", "2008-03-31": "15.00000", "2007-12-31": "15.00000", "2007-09-30": "15.00000", "2007-06-30": "15.00000", "2007-03-31": "15.00000", "2006-12-31": "15.00000", "2006-09-30": "15.00000", "2006-06-30": "15.00000", "2006-03-31": "8.00000", "2005-12-31": "8.00000", "2005-09-30": "8.00000", "2005-06-30": "8.00000", "2005-03-31": ""}, "Retained Earnings (Accumulated Deficit)": {"2020-12-31": "", "2020-09-30": "-2574.00000", "2020-06-30": "-2405.00000", "2020-03-31": "-2252.00000", "2019-12-31": "-2253.00000", "2019-09-30": "-6249.00000", "2019-06-30": "-6375.00000", "2019-03-31": "-6528.00000", "2018-12-31": "-6953.00000", "2018-09-30": "-7339.00000", "2018-06-30": "-7770.00000", "2018-03-31": "-8326.00000", "2017-12-31": "-8390.00000", "2017-09-30": "-7785.00000", "2017-06-30": "-8068.00000", "2017-03-31": "-8215.00000", "2016-12-31": "-8581.00000", "2016-09-30": "-8706.00000", "2016-06-30": "-8934.00000", "2016-03-31": "-8725.00000", "2015-12-31": "-8927.00000", "2015-09-30": "-8785.00000", "2015-06-30": "-8587.00000", "2015-03-31": "-8690.00000", "2014-12-31": "-8689.00000", "2014-09-30": "-8389.00000", "2014-06-30": "-8432.00000", "2014-03-31": "-8436.00000", "2013-12-31": "-8570.00000", "2013-09-30": "-8678.00000", "2013-06-30": "-8673.00000", "2013-03-31": "-8803.00000", "2012-12-31": "-8449.00000", "2012-09-30": "-8510.00000", "2012-06-30": "-7846.00000", "2012-03-31": "-4268.00000", "2011-12-31": "-4381.00000", "2011-09-30": "-4488.00000", "2011-06-30": "-4630.00000", "2011-03-31": "-4776.00000", "2010-12-31": "-4822.00000", "2010-09-30": "-5058.00000", "2010-06-30": "-5248.00000", "2010-03-31": "-5346.00000", "2009-12-31": "-3757.00000", "2009-09-30": "-2681.00000", "2009-06-30": "-2588.00000", "2009-03-31": "-2745.00000", "2008-12-31": "-2732.00000", "2008-09-30": "-337.00000", "2008-06-30": "-275.00000", "2008-03-31": "-373.00000", "2007-12-31": "-693.00000", "2007-09-30": "-239.00000", "2007-06-30": "33.00000", "2007-03-31": "-80.00000", "2006-12-31": "-174.00000", "2006-09-30": "", "2006-06-30": "", "2006-03-31": "", "2005-12-31": "3410.00000", "2005-09-30": "", "2005-06-30": "", "2005-03-31": ""}, "Comprehensive Income": {"2020-12-31": "", "2020-09-30": "151.00000", "2020-06-30": "131.00000", "2020-03-31": "168.00000", "2019-12-31": "270.00000", "2019-09-30": "138.00000", "2019-06-30": "78.00000", "2019-03-31": "87.00000", "2018-12-31": "33.00000", "2018-09-30": "25.00000", "2018-06-30": "-16.00000", "2018-03-31": "-128.00000", "2017-12-31": "-59.00000", "2017-09-30": "-51.00000", "2017-06-30": "-53.00000", "2017-03-31": "-46.00000", "2016-12-31": "1.00000", "2016-09-30": "-99.00000", "2016-06-30": "-70.00000", "2016-03-31": "35.00000", "2015-12-31": "88.00000", "2015-09-30": "81.00000", "2015-06-30": "104.00000", "2015-03-31": "142.00000", "2014-12-31": "144.00000", "2014-09-30": "110.00000", "2014-06-30": "42.00000", "2014-03-31": "72.00000", "2013-12-31": "106.00000", "2013-09-30": "56.00000", "2013-06-30": "82.00000", "2013-03-31": "45.00000", "2012-12-31": "-33.00000", "2012-09-30": "-112.00000", "2012-06-30": "-87.00000", "2012-03-31": "-79.00000", "2011-12-31": "-138.00000", "2011-09-30": "-132.00000", "2011-06-30": "-123.00000", "2011-03-31": "-119.00000", "2010-12-31": "-129.00000", "2010-09-30": "", "2010-06-30": "", "2010-03-31": "-18.00000", "2009-12-31": "-43.00000", "2009-09-30": "", "2009-06-30": "", "2009-03-31": "", "2008-12-31": "-53.00000", "2008-09-30": "", "2008-06-30": "", "2008-03-31": "", "2007-12-31": "9.00000", "2007-09-30": "", "2007-06-30": "", "2007-03-31": "", "2006-12-31": "57.00000", "2006-09-30": "", "2006-06-30": "", "2006-03-31": "", "2005-12-31": "21.00000", "2005-09-30": "", "2005-06-30": "", "2005-03-31": ""}, "Other Share Holders Equity": {"2020-12-31": "", "2020-09-30": "", "2020-06-30": "", "2020-03-31": "", "2019-12-31": "", "2019-09-30": "", "2019-06-30": "", "2019-03-31": "", "2018-12-31": "", "2018-09-30": "", "2018-06-30": "", "2018-03-31": "", "2017-12-31": "", "2017-09-30": "", "2017-06-30": "", "2017-03-31": "", "2016-12-31": "", "2016-09-30": "", "2016-06-30": "", "2016-03-31": "", "2015-12-31": "", "2015-09-30": "", "2015-06-30": "", "2015-03-31": "", "2014-12-31": "", "2014-09-30": "", "2014-06-30": "", "2014-03-31": "", "2013-12-31": "", "2013-09-30": "", "2013-06-30": "", "2013-03-31": "", "2012-12-31": "", "2012-09-30": "", "2012-06-30": "", "2012-03-31": "", "2011-12-31": "", "2011-09-30": "", "2011-06-30": "", "2011-03-31": "", "2010-12-31": "", "2010-09-30": "", "2010-06-30": "", "2010-03-31": "", "2009-12-31": "", "2009-09-30": "", "2009-06-30": "", "2009-03-31": "", "2008-12-31": "", "2008-09-30": "", "2008-06-30": "", "2008-03-31": "", "2007-12-31": "", "2007-09-30": "", "2007-06-30": "", "2007-03-31": "", "2006-12-31": "", "2006-09-30": "", "2006-06-30": "", "2006-03-31": "", "2005-12-31": "", "2005-09-30": "", "2005-06-30": "", "2005-03-31": ""}, "Share Holder Equity": {"2020-12-31": "", "2020-09-30": "15564.00000", "2020-06-30": "15616.00000", "2020-03-31": "13804.00000", "2019-12-31": "13877.00000", "2019-09-30": "9699.00000", "2019-06-30": "9425.00000", "2019-03-31": "9233.00000", "2018-12-31": "8726.00000", "2018-09-30": "8289.00000", "2018-06-30": "7744.00000", "2018-03-31": "7030.00000", "2017-12-31": "7012.00000", "2017-09-30": "7588.00000", "2017-06-30": "7235.00000", "2017-03-31": "7053.00000", "2016-12-31": "6733.00000", "2016-09-30": "6482.00000", "2016-06-30": "6220.00000", "2016-03-31": "6457.00000", "2015-12-31": "6320.00000", "2015-09-30": "6410.00000", "2015-06-30": "6580.00000", "2015-03-31": "6501.00000", "2014-12-31": "6457.00000", "2014-09-30": "6701.00000", "2014-06-30": "6544.00000", "2014-03-31": "6534.00000", "2013-12-31": "6539.00000", "2013-09-30": "6563.00000", "2013-06-30": "6603.00000", "2013-03-31": "6503.00000", "2012-12-31": "6870.00000", "2012-09-30": "6828.00000", "2012-06-30": "7728.00000", "2012-03-31": "11396.00000", "2011-12-31": "11353.00000", "2011-09-30": "11521.00000", "2011-06-30": "11540.00000", "2011-03-31": "11369.00000", "2010-12-31": "11296.00000", "2010-09-30": "11038.00000", "2010-06-30": "10893.00000", "2010-03-31": "10781.00000", "2009-12-31": "12301.00000", "2009-09-30": "13297.00000", "2009-06-30": "13414.00000", "2009-03-31": "13276.00000", "2008-12-31": "13174.00000", "2008-09-30": "15690.00000", "2008-06-30": "15635.00000", "2008-03-31": "15391.00000", "2007-12-31": "15097.00000", "2007-09-30": "15517.00000", "2007-06-30": "15802.00000", "2007-03-31": "15549.00000", "2006-12-31": "15298.00000", "2006-09-30": "15016.00000", "2006-06-30": "14886.00000", "2006-03-31": "4671.00000", "2005-12-31": "4282.00000", "2005-09-30": "3901.00000", "2005-06-30": "4217.00000", "2005-03-31": "4390.00000"}, "Total Liabilities And Share Holders Equity": {"2020-12-31": "", "2020-09-30": "30845.00000", "2020-06-30": "30823.00000", "2020-03-31": "30113.00000", "2019-12-31": "30565.00000", "2019-09-30": "26756.00000", "2019-06-30": "24309.00000", "2019-03-31": "23802.00000", "2018-12-31": "20999.00000", "2018-09-30": "20379.00000", "2018-06-30": "19615.00000", "2018-03-31": "19202.00000", "2017-12-31": "19042.00000", "2017-09-30": "18636.00000", "2017-06-30": "18382.00000", "2017-03-31": "17943.00000", "2016-12-31": "18096.00000", "2016-09-30": "17697.00000", "2016-06-30": "17838.00000", "2016-03-31": "17718.00000", "2015-12-31": "18133.00000", "2015-09-30": "18215.00000", "2015-06-30": "17123.00000", "2015-03-31": "16472.00000", "2014-12-31": "17024.00000", "2014-09-30": "16718.00000", "2014-06-30": "16477.00000", "2014-03-31": "16335.00000", "2013-12-31": "16571.00000", "2013-09-30": "16917.00000", "2013-06-30": "16996.00000", "2013-03-31": "16763.00000", "2012-12-31": "17154.00000", "2012-09-30": "16898.00000", "2012-06-30": "17818.00000", "2012-03-31": "21185.00000", "2011-12-31": "21290.00000", "2011-09-30": "21502.00000", "2011-06-30": "21559.00000", "2011-03-31": "22070.00000", "2010-12-31": "22128.00000", "2010-09-30": "22486.00000", "2010-06-30": "23019.00000", "2010-03-31": "22853.00000", "2009-12-31": "25177.00000", "2009-09-30": "26229.00000", "2009-06-30": "26193.00000", "2009-03-31": "26105.00000", "2008-12-31": "27139.00000", "2008-09-30": "29826.00000", "2008-06-30": "29901.00000", "2008-03-31": "30346.00000", "2007-12-31": "31197.00000", "2007-09-30": "31334.00000", "2007-06-30": "31265.00000", "2007-03-31": "31069.00000", "2006-12-31": "30882.00000", "2006-09-30": "30752.00000", "2006-06-30": "30611.00000", "2006-03-31": "9109.00000", "2005-12-31": "8196.00000", "2005-09-30": "8076.00000", "2005-06-30": "8083.00000", "2005-03-31": "7819.00000"}}, "cash flow statement": {"Net Income/Loss": {"2020-12-31": "0.00000", "2019-12-31": "4700.00000", "2018-12-31": "1671.00000", "2017-12-31": "104.00000", "2016-12-31": "347.00000", "2015-12-31": "-239.00000", "2014-12-31": "-119.00000", "2013-12-31": "-121.00000", "2012-12-31": "-4068.00000", "2011-12-31": "441.00000", "2010-12-31": "-1065.00000", "2009-12-31": "-1025.00000", "2008-12-31": "-2036.00000", "2007-12-31": "-495.00000", "2006-12-31": "-3577.00000", "2005-12-31": "628.00000"}, "Total Depreciation And Amortization - Cash Flow": {"2020-12-31": "", "2019-12-31": "1116.00000", "2018-12-31": "929.00000", "2017-12-31": "848.00000", "2016-12-31": "826.00000", "2015-12-31": "788.00000", "2014-12-31": "920.00000", "2013-12-31": "1165.00000", "2012-12-31": "5175.00000", "2011-12-31": "1435.00000", "2010-12-31": "2698.00000", "2009-12-31": "846.00000", "2008-12-31": "3654.00000", "2007-12-31": "939.00000", "2006-12-31": "781.00000", "2005-12-31": "314.00000"}, "Other Non-Cash Items": {"2020-12-31": "", "2019-12-31": "-3696.00000", "2018-12-31": "-129.00000", "2017-12-31": "408.00000", "2016-12-31": "-197.00000", "2015-12-31": "-184.00000", "2014-12-31": "-494.00000", "2013-12-31": "-117.00000", "2012-12-31": "-131.00000", "2011-12-31": "-631.00000", "2010-12-31": "65.00000", "2009-12-31": "89.00000", "2008-12-31": "-333.00000", "2007-12-31": "443.00000", "2006-12-31": "4283.00000", "2005-12-31": "364.00000"}, "Total Non-Cash Items": {"2020-12-31": "", "2019-12-31": "-2580.00000", "2018-12-31": "800.00000", "2017-12-31": "1256.00000", "2016-12-31": "629.00000", "2015-12-31": "604.00000", "2014-12-31": "426.00000", "2013-12-31": "1048.00000", "2012-12-31": "5044.00000", "2011-12-31": "804.00000", "2010-12-31": "2763.00000", "2009-12-31": "935.00000", "2008-12-31": "3321.00000", "2007-12-31": "1382.00000", "2006-12-31": "5064.00000", "2005-12-31": "678.00000"}, "Change In Accounts Receivable": {"2020-12-31": "", "2019-12-31": "-130.00000", "2018-12-31": "-110.00000", "2017-12-31": "-30.00000", "2016-12-31": "-216.00000", "2015-12-31": "-17.00000", "2014-12-31": "53.00000", "2013-12-31": "-101.00000", "2012-12-31": "37.00000", "2011-12-31": "42.00000", "2010-12-31": "52.00000", "2009-12-31": "1.00000", "2008-12-31": "96.00000", "2007-12-31": "-72.00000", "2006-12-31": "64.00000", "2005-12-31": "-24.00000"}, "Change In Inventories": {"2020-12-31": "", "2019-12-31": "-290.00000", "2018-12-31": "-83.00000", "2017-12-31": "-107.00000", "2016-12-31": "40.00000", "2015-12-31": "3.00000", "2014-12-31": "-81.00000", "2013-12-31": "-7.00000", "2012-12-31": "66.00000", "2011-12-31": "-54.00000", "2010-12-31": "-5.00000", "2009-12-31": "-92.00000", "2008-12-31": "-120.00000", "2007-12-31": "-30.00000", "2006-12-31": "-53.00000", "2005-12-31": "-77.00000"}, "Change In Accounts Payable": {"2020-12-31": "", "2019-12-31": "", "2018-12-31": "", "2017-12-31": "", "2016-12-31": "", "2015-12-31": "", "2014-12-31": "", "2013-12-31": "", "2012-12-31": "", "2011-12-31": "", "2010-12-31": "", "2009-12-31": "", "2008-12-31": "", "2007-12-31": "", "2006-12-31": "", "2005-12-31": ""}, "Change In Assets/Liabilities": {"2020-12-31": "", "2019-12-31": "27.00000", "2018-12-31": "-1336.00000", "2017-12-31": "8.00000", "2016-12-31": "-171.00000", "2015-12-31": "360.00000", "2014-12-31": "370.00000", "2013-12-31": "300.00000", "2012-12-31": "312.00000", "2011-12-31": "46.00000", "2010-12-31": "-272.00000", "2009-12-31": "554.00000", "2008-12-31": "-437.00000", "2007-12-31": "104.00000", "2006-12-31": "114.00000", "2005-12-31": "-89.00000"}, "Total Change In Assets/Liabilities": {"2020-12-31": "", "2019-12-31": "-282.00000", "2018-12-31": "-2160.00000", "2017-12-31": "66.00000", "2016-12-31": "206.00000", "2015-12-31": "326.00000", "2014-12-31": "962.00000", "2013-12-31": "183.00000", "2012-12-31": "304.00000", "2011-12-31": "-237.00000", "2010-12-31": "-1373.00000", "2009-12-31": "925.00000", "2008-12-31": "-69.00000", "2007-12-31": "47.00000", "2006-12-31": "358.00000", "2005-12-31": "-403.00000"}, "Cash Flow From Operating Activities": {"2020-12-31": "", "2019-12-31": "1836.00000", "2018-12-31": "310.00000", "2017-12-31": "1426.00000", "2016-12-31": "1182.00000", "2015-12-31": "691.00000", "2014-12-31": "1269.00000", "2013-12-31": "1110.00000", "2012-12-31": "1280.00000", "2011-12-31": "1008.00000", "2010-12-31": "325.00000", "2009-12-31": "835.00000", "2008-12-31": "1216.00000", "2007-12-31": "934.00000", "2006-12-31": "1845.00000", "2005-12-31": "903.00000"}, "Net Change In Property, Plant, And Equipment": {"2020-12-31": "", "2019-12-31": "-454.00000", "2018-12-31": "-302.00000", "2017-12-31": "-319.00000", "2016-12-31": "-347.00000", "2015-12-31": "-247.00000", "2014-12-31": "-259.00000", "2013-12-31": "-192.00000", "2012-12-31": "-210.00000", "2011-12-31": "-288.00000", "2010-12-31": "-267.00000", "2009-12-31": "-307.00000", "2008-12-31": "-360.00000", "2007-12-31": "-333.00000", "2006-12-31": "-323.00000", "2005-12-31": "-322.00000"}, "Net Change In Intangible Assets": {"2020-12-31": "", "2019-12-31": "", "2018-12-31": "", "2017-12-31": "", "2016-12-31": "", "2015-12-31": "", "2014-12-31": "", "2013-12-31": "", "2012-12-31": "", "2011-12-31": "", "2010-12-31": "", "2009-12-31": "", "2008-12-31": "", "2007-12-31": "", "2006-12-31": "", "2005-12-31": ""}, "Net Acquisitions/Divestitures": {"2020-12-31": "", "2019-12-31": "-4292.00000", "2018-12-31": "-1448.00000", "2017-12-31": "-560.00000", "2016-12-31": "-408.00000", "2015-12-31": "-1734.00000", "2014-12-31": "-500.00000", "2013-12-31": "-244.00000", "2012-12-31": "-356.00000", "2011-12-31": "1070.00000", "2010-12-31": "-205.00000", "2009-12-31": "-527.00000", "2008-12-31": "591.00000", "2007-12-31": "-261.00000", "2006-12-31": "-9181.00000", "2005-12-31": "-211.00000"}, "Net Change In Short-term Investments": {"2020-12-31": "", "2019-12-31": "", "2018-12-31": "", "2017-12-31": "", "2016-12-31": "", "2015-12-31": "", "2014-12-31": "", "2013-12-31": "", "2012-12-31": "", "2011-12-31": "", "2010-12-31": "", "2009-12-31": "", "2008-12-31": "", "2007-12-31": "", "2006-12-31": "159.00000", "2005-12-31": "185.00000"}, "Net Change In Long-Term Investments": {"2020-12-31": "", "2019-12-31": "-149.00000", "2018-12-31": "-172.00000", "2017-12-31": "-131.00000", "2016-12-31": "-132.00000", "2015-12-31": "-266.00000", "2014-12-31": "14.00000", "2013-12-31": "-44.00000", "2012-12-31": "-22.00000", "2011-12-31": "-11.00000", "2010-12-31": "", "2009-12-31": "-50.00000", "2008-12-31": "93.00000", "2007-12-31": "120.00000", "2006-12-31": "33.00000", "2005-12-31": "-203.00000"}, "Net Change In Investments - Total": {"2020-12-31": "", "2019-12-31": "-149.00000", "2018-12-31": "-172.00000", "2017-12-31": "-131.00000", "2016-12-31": "-132.00000", "2015-12-31": "-266.00000", "2014-12-31": "14.00000", "2013-12-31": "-44.00000", "2012-12-31": "-22.00000", "2011-12-31": "-11.00000", "2010-12-31": "", "2009-12-31": "-50.00000", "2008-12-31": "93.00000", "2007-12-31": "120.00000", "2006-12-31": "192.00000", "2005-12-31": "-18.00000"}, "Investing Activities - Other": {"2020-12-31": "", "2019-12-31": "-147.00000", "2018-12-31": "", "2017-12-31": "", "2016-12-31": "", "2015-12-31": "61.00000", "2014-12-31": "", "2013-12-31": "5.00000", "2012-12-31": "9.00000", "2011-12-31": "5.00000", "2010-12-31": "4.00000", "2009-12-31": "91.00000", "2008-12-31": "", "2007-12-31": "", "2006-12-31": "", "2005-12-31": ""}, "Cash Flow From Investing Activities": {"2020-12-31": "", "2019-12-31": "-5041.00000", "2018-12-31": "-1921.00000", "2017-12-31": "-1010.00000", "2016-12-31": "-887.00000", "2015-12-31": "-2186.00000", "2014-12-31": "-745.00000", "2013-12-31": "-475.00000", "2012-12-31": "-579.00000", "2011-12-31": "776.00000", "2010-12-31": "-468.00000", "2009-12-31": "-793.00000", "2008-12-31": "324.00000", "2007-12-31": "-474.00000", "2006-12-31": "-9312.00000", "2005-12-31": "-551.00000"}, "Net Long-Term Debt": {"2020-12-31": "", "2019-12-31": "-3560.00000", "2018-12-31": "-602.00000", "2017-12-31": "-1000.00000", "2016-12-31": "-315.00000", "2015-12-31": "1385.00000", "2014-12-31": "", "2013-12-31": "-170.00000", "2012-12-31": "-156.00000", "2011-12-31": "-1250.00000", "2010-12-31": "-1712.00000", "2009-12-31": "-2825.00000", "2008-12-31": "-1175.00000", "2007-12-31": "-1000.00000", "2006-12-31": "7034.00000", "2005-12-31": "231.00000"}, "Net Current Debt": {"2020-12-31": "", "2019-12-31": "6354.00000", "2018-12-31": "2007.00000", "2017-12-31": "1123.00000", "2016-12-31": "60.00000", "2015-12-31": "", "2014-12-31": "", "2013-12-31": "", "2012-12-31": "-9.00000", "2011-12-31": "", "2010-12-31": "1173.00000", "2009-12-31": "1972.00000", "2008-12-31": "-250.00000", "2007-12-31": "246.00000", "2006-12-31": "-146.00000", "2005-12-31": "-544.00000"}, "Debt Issuance/Retirement Net - Total": {"2020-12-31": "", "2019-12-31": "2794.00000", "2018-12-31": "1405.00000", "2017-12-31": "123.00000", "2016-12-31": "-255.00000", "2015-12-31": "1385.00000", "2014-12-31": "", "2013-12-31": "-170.00000", "2012-12-31": "-165.00000", "2011-12-31": "-1250.00000", "2010-12-31": "-539.00000", "2009-12-31": "-853.00000", "2008-12-31": "-1425.00000", "2007-12-31": "-754.00000", "2006-12-31": "6888.00000", "2005-12-31": "-313.00000"}, "Net Common Equity Issued/Repurchased": {"2020-12-31": "", "2019-12-31": "123.00000", "2018-12-31": "101.00000", "2017-12-31": "85.00000", "2016-12-31": "111.00000", "2015-12-31": "114.00000", "2014-12-31": "-65.00000", "2013-12-31": "-426.00000", "2012-12-31": "-579.00000", "2011-12-31": "-471.00000", "2010-12-31": "31.00000", "2009-12-31": "33.00000", "2008-12-31": "71.00000", "2007-12-31": "72.00000", "2006-12-31": "1545.00000", "2005-12-31": "-640.00000"}, "Net Total Equity Issued/Repurchased": {"2020-12-31": "", "2019-12-31": "123.00000", "2018-12-31": "101.00000", "2017-12-31": "85.00000", "2016-12-31": "111.00000", "2015-12-31": "114.00000", "2014-12-31": "-65.00000", "2013-12-31": "-426.00000", "2012-12-31": "-579.00000", "2011-12-31": "-471.00000", "2010-12-31": "31.00000", "2009-12-31": "33.00000", "2008-12-31": "71.00000", "2007-12-31": "72.00000", "2006-12-31": "1545.00000", "2005-12-31": "-640.00000"}, "Total Common And Preferred Stock Dividends Paid": {"2020-12-31": "", "2019-12-31": "", "2018-12-31": "", "2017-12-31": "", "2016-12-31": "", "2015-12-31": "", "2014-12-31": "", "2013-12-31": "", "2012-12-31": "", "2011-12-31": "", "2010-12-31": "", "2009-12-31": "", "2008-12-31": "", "2007-12-31": "", "2006-12-31": "", "2005-12-31": ""}, "Financial Activities - Other": {"2020-12-31": "", "2019-12-31": "56.00000", "2018-12-31": "-75.00000", "2017-12-31": "-98.00000", "2016-12-31": "-62.00000", "2015-12-31": "-222.00000", "2014-12-31": "-85.00000", "2013-12-31": "-28.00000", "2012-12-31": "-20.00000", "2011-12-31": "-7.00000", "2010-12-31": "", "2009-12-31": "", "2008-12-31": "4.00000", "2007-12-31": "2.00000", "2006-12-31": "6.00000", "2005-12-31": "-1.00000"}, "Cash Flow From Financial Activities": {"2020-12-31": "", "2019-12-31": "2973.00000", "2018-12-31": "1432.00000", "2017-12-31": "110.00000", "2016-12-31": "-206.00000", "2015-12-31": "1276.00000", "2014-12-31": "-150.00000", "2013-12-31": "-624.00000", "2012-12-31": "-764.00000", "2011-12-31": "-1728.00000", "2010-12-31": "-508.00000", "2009-12-31": "-820.00000", "2008-12-31": "-1350.00000", "2007-12-31": "-680.00000", "2006-12-31": "8439.00000", "2005-12-31": "-954.00000"}, "Net Cash Flow": {"2020-12-31": "", "2019-12-31": "-222.00000", "2018-12-31": "-188.00000", "2017-12-31": "530.00000", "2016-12-31": "87.00000", "2015-12-31": "-223.00000", "2014-12-31": "370.00000", "2013-12-31": "10.00000", "2012-12-31": "-60.00000", "2011-12-31": "54.00000", "2010-12-31": "-651.00000", "2009-12-31": "-777.00000", "2008-12-31": "189.00000", "2007-12-31": "-216.00000", "2006-12-31": "979.00000", "2005-12-31": "-607.00000"}, "Stock-Based Compensation": {"2020-12-31": "", "2019-12-31": "157.00000", "2018-12-31": "140.00000", "2017-12-31": "127.00000", "2016-12-31": "116.00000", "2015-12-31": "107.00000", "2014-12-31": "103.00000", "2013-12-31": "105.00000", "2012-12-31": "108.00000", "2011-12-31": "128.00000", "2010-12-31": "150.00000", "2009-12-31": "144.00000", "2008-12-31": "138.00000", "2007-12-31": "122.00000", "2006-12-31": "113.00000", "2005-12-31": "19.00000"}, "Common Stock Dividends Paid": {"2020-12-31": "", "2019-12-31": "", "2018-12-31": "", "2017-12-31": "", "2016-12-31": "", "2015-12-31": "", "2014-12-31": "", "2013-12-31": "", "2012-12-31": "", "2011-12-31": "", "2010-12-31": "", "2009-12-31": "", "2008-12-31": "", "2007-12-31": "", "2006-12-31": "", "2005-12-31": ""}}, "cash flow statement, quarterly": {"Net Income/Loss": {"2020-12-31": 0, "2020-09-30": 0, "2020-06-30": 0, "2020-03-31": "0.00000", "2019-12-31": 4700, "2019-09-30": 0, "2019-06-30": 0, "2019-03-31": "0.00000", "2018-12-31": 1671, "2018-09-30": 0, "2018-06-30": 0, "2018-03-31": "0.00000", "2017-12-31": 104, "2017-09-30": 0, "2017-06-30": 0, "2017-03-31": "0.00000", "2016-12-31": 347, "2016-09-30": 0, "2016-06-30": 0, "2016-03-31": "0.00000", "2015-12-31": -239, "2015-09-30": 0, "2015-06-30": 0, "2015-03-31": "0.00000", "2014-12-31": -119, "2014-09-30": 0, "2014-06-30": 0, "2014-03-31": "0.00000", "2013-12-31": -121, "2013-09-30": 0, "2013-06-30": 0, "2013-03-31": "0.00000", "2012-12-31": -4068, "2012-09-30": 0, "2012-06-30": 0, "2012-03-31": "0.00000", "2011-12-31": 441, "2011-09-30": 0, "2011-06-30": 0, "2011-03-31": "0.00000", "2010-12-31": -1065, "2010-09-30": 0, "2010-06-30": 0, "2010-03-31": "0.00000", "2009-12-31": -1025, "2009-09-30": 0, "2009-06-30": 0, "2009-03-31": "0.00000", "2008-12-31": -2036, "2008-09-30": 0, "2008-06-30": 0, "2008-03-31": "0.00000", "2007-12-31": -495, "2007-09-30": 0, "2007-06-30": 0, "2007-03-31": "0.00000", "2006-12-31": -3577, "2006-09-30": 0, "2006-06-30": 0, "2006-03-31": "0.00000", "2005-12-31": 628, "2005-09-30": 0, "2005-06-30": 0, "2005-03-31": "0.00000"}, "Total Depreciation And Amortization - Cash Flow": {"2020-12-31": 0, "2020-09-30": 0, "2020-06-30": 0, "2020-03-31": "", "2019-12-31": 1116, "2019-09-30": 0, "2019-06-30": 0, "2019-03-31": "", "2018-12-31": 929, "2018-09-30": 0, "2018-06-30": 0, "2018-03-31": "", "2017-12-31": 848, "2017-09-30": 0, "2017-06-30": 0, "2017-03-31": "", "2016-12-31": 826, "2016-09-30": 0, "2016-06-30": 0, "2016-03-31": "", "2015-12-31": 788, "2015-09-30": 0, "2015-06-30": 0, "2015-03-31": "", "2014-12-31": 920, "2014-09-30": 0, "2014-06-30": 0, "2014-03-31": "", "2013-12-31": 1165, "2013-09-30": 0, "2013-06-30": 0, "2013-03-31": "", "2012-12-31": 5175, "2012-09-30": 0, "2012-06-30": 0, "2012-03-31": "", "2011-12-31": 1435, "2011-09-30": 0, "2011-06-30": 0, "2011-03-31": "", "2010-12-31": 2698, "2010-09-30": 0, "2010-06-30": 0, "2010-03-31": "", "2009-12-31": 846, "2009-09-30": 0, "2009-06-30": 0, "2009-03-31": "", "2008-12-31": 3654, "2008-09-30": 0, "2008-06-30": 0, "2008-03-31": "", "2007-12-31": 939, "2007-09-30": 0, "2007-06-30": 0, "2007-03-31": "", "2006-12-31": 781, "2006-09-30": 0, "2006-06-30": 0, "2006-03-31": "", "2005-12-31": 314, "2005-09-30": 0, "2005-06-30": 0, "2005-03-31": ""}, "Other Non-Cash Items": {"2020-12-31": 0, "2020-09-30": 0, "2020-06-30": 0, "2020-03-31": "", "2019-12-31": -3696, "2019-09-30": 0, "2019-06-30": 0, "2019-03-31": "", "2018-12-31": -129, "2018-09-30": 0, "2018-06-30": 0, "2018-03-31": "", "2017-12-31": 408, "2017-09-30": 0, "2017-06-30": 0, "2017-03-31": "", "2016-12-31": -197, "2016-09-30": 0, "2016-06-30": 0, "2016-03-31": "", "2015-12-31": -184, "2015-09-30": 0, "2015-06-30": 0, "2015-03-31": "", "2014-12-31": -494, "2014-09-30": 0, "2014-06-30": 0, "2014-03-31": "", "2013-12-31": -117, "2013-09-30": 0, "2013-06-30": 0, "2013-03-31": "", "2012-12-31": -131, "2012-09-30": 0, "2012-06-30": 0, "2012-03-31": "", "2011-12-31": -631, "2011-09-30": 0, "2011-06-30": 0, "2011-03-31": "", "2010-12-31": 65, "2010-09-30": 0, "2010-06-30": 0, "2010-03-31": "", "2009-12-31": 89, "2009-09-30": 0, "2009-06-30": 0, "2009-03-31": "", "2008-12-31": -333, "2008-09-30": 0, "2008-06-30": 0, "2008-03-31": "", "2007-12-31": 443, "2007-09-30": 0, "2007-06-30": 0, "2007-03-31": "", "2006-12-31": 4283, "2006-09-30": 0, "2006-06-30": 0, "2006-03-31": "", "2005-12-31": 364, "2005-09-30": 0, "2005-06-30": 0, "2005-03-31": ""}, "Total Non-Cash Items": {"2020-12-31": 0, "2020-09-30": 0, "2020-06-30": 0, "2020-03-31": "", "2019-12-31": -2580, "2019-09-30": 0, "2019-06-30": 0, "2019-03-31": "", "2018-12-31": 800, "2018-09-30": 0, "2018-06-30": 0, "2018-03-31": "", "2017-12-31": 1256, "2017-09-30": 0, "2017-06-30": 0, "2017-03-31": "", "2016-12-31": 629, "2016-09-30": 0, "2016-06-30": 0, "2016-03-31": "", "2015-12-31": 604, "2015-09-30": 0, "2015-06-30": 0, "2015-03-31": "", "2014-12-31": 426, "2014-09-30": 0, "2014-06-30": 0, "2014-03-31": "", "2013-12-31": 1048, "2013-09-30": 0, "2013-06-30": 0, "2013-03-31": "", "2012-12-31": 5044, "2012-09-30": 0, "2012-06-30": 0, "2012-03-31": "", "2011-12-31": 804, "2011-09-30": 0, "2011-06-30": 0, "2011-03-31": "", "2010-12-31": 2763, "2010-09-30": 0, "2010-06-30": 0, "2010-03-31": "", "2009-12-31": 935, "2009-09-30": 0, "2009-06-30": 0, "2009-03-31": "", "2008-12-31": 3321, "2008-09-30": 0, "2008-06-30": 0, "2008-03-31": "", "2007-12-31": 1382, "2007-09-30": 0, "2007-06-30": 0, "2007-03-31": "", "2006-12-31": 5064, "2006-09-30": 0, "2006-06-30": 0, "2006-03-31": "", "2005-12-31": 678, "2005-09-30": 0, "2005-06-30": 0, "2005-03-31": ""}, "Change In Accounts Receivable": {"2020-12-31": 0, "2020-09-30": 0, "2020-06-30": 0, "2020-03-31": "", "2019-12-31": -130, "2019-09-30": 0, "2019-06-30": 0, "2019-03-31": "", "2018-12-31": -110, "2018-09-30": 0, "2018-06-30": 0, "2018-03-31": "", "2017-12-31": -30, "2017-09-30": 0, "2017-06-30": 0, "2017-03-31": "", "2016-12-31": -216, "2016-09-30": 0, "2016-06-30": 0, "2016-03-31": "", "2015-12-31": -17, "2015-09-30": 0, "2015-06-30": 0, "2015-03-31": "", "2014-12-31": 53, "2014-09-30": 0, "2014-06-30": 0, "2014-03-31": "", "2013-12-31": -101, "2013-09-30": 0, "2013-06-30": 0, "2013-03-31": "", "2012-12-31": 37, "2012-09-30": 0, "2012-06-30": 0, "2012-03-31": "", "2011-12-31": 42, "2011-09-30": 0, "2011-06-30": 0, "2011-03-31": "", "2010-12-31": 52, "2010-09-30": 0, "2010-06-30": 0, "2010-03-31": "", "2009-12-31": 1, "2009-09-30": 0, "2009-06-30": 0, "2009-03-31": "", "2008-12-31": 96, "2008-09-30": 0, "2008-06-30": 0, "2008-03-31": "", "2007-12-31": -72, "2007-09-30": 0, "2007-06-30": 0, "2007-03-31": "", "2006-12-31": 64, "2006-09-30": 0, "2006-06-30": 0, "2006-03-31": "", "2005-12-31": -24, "2005-09-30": 0, "2005-06-30": 0, "2005-03-31": ""}, "Change In Inventories": {"2020-12-31": 0, "2020-09-30": 0, "2020-06-30": 0, "2020-03-31": "", "2019-12-31": -290, "2019-09-30": 0, "2019-06-30": 0, "2019-03-31": "", "2018-12-31": -83, "2018-09-30": 0, "2018-06-30": 0, "2018-03-31": "", "2017-12-31": -107, "2017-09-30": 0, "2017-06-30": 0, "2017-03-31": "", "2016-12-31": 40, "2016-09-30": 0, "2016-06-30": 0, "2016-03-31": "", "2015-12-31": 3, "2015-09-30": 0, "2015-06-30": 0, "2015-03-31": "", "2014-12-31": -81, "2014-09-30": 0, "2014-06-30": 0, "2014-03-31": "", "2013-12-31": -7, "2013-09-30": 0, "2013-06-30": 0, "2013-03-31": "", "2012-12-31": 66, "2012-09-30": 0, "2012-06-30": 0, "2012-03-31": "", "2011-12-31": -54, "2011-09-30": 0, "2011-06-30": 0, "2011-03-31": "", "2010-12-31": -5, "2010-09-30": 0, "2010-06-30": 0, "2010-03-31": "", "2009-12-31": -92, "2009-09-30": 0, "2009-06-30": 0, "2009-03-31": "", "2008-12-31": -120, "2008-09-30": 0, "2008-06-30": 0, "2008-03-31": "", "2007-12-31": -30, "2007-09-30": 0, "2007-06-30": 0, "2007-03-31": "", "2006-12-31": -53, "2006-09-30": 0, "2006-06-30": 0, "2006-03-31": "", "2005-12-31": -77, "2005-09-30": 0, "2005-06-30": 0, "2005-03-31": ""}, "Change In Accounts Payable": {"2020-12-31": 0, "2020-09-30": 0, "2020-06-30": 0, "2020-03-31": "", "2019-12-31": 0, "2019-09-30": 0, "2019-06-30": 0, "2019-03-31": "", "2018-12-31": 0, "2018-09-30": 0, "2018-06-30": 0, "2018-03-31": "", "2017-12-31": 0, "2017-09-30": 0, "2017-06-30": 0, "2017-03-31": "", "2016-12-31": 0, "2016-09-30": 0, "2016-06-30": 0, "2016-03-31": "", "2015-12-31": 0, "2015-09-30": 0, "2015-06-30": 0, "2015-03-31": "", "2014-12-31": 0, "2014-09-30": 0, "2014-06-30": 0, "2014-03-31": "", "2013-12-31": 0, "2013-09-30": 0, "2013-06-30": 0, "2013-03-31": "", "2012-12-31": 0, "2012-09-30": 0, "2012-06-30": 0, "2012-03-31": "", "2011-12-31": 0, "2011-09-30": 0, "2011-06-30": 0, "2011-03-31": "", "2010-12-31": 0, "2010-09-30": 0, "2010-06-30": 0, "2010-03-31": "", "2009-12-31": 0, "2009-09-30": 0, "2009-06-30": 0, "2009-03-31": "", "2008-12-31": 0, "2008-09-30": 0, "2008-06-30": 0, "2008-03-31": "", "2007-12-31": 0, "2007-09-30": 0, "2007-06-30": 0, "2007-03-31": "", "2006-12-31": 0, "2006-09-30": 0, "2006-06-30": 0, "2006-03-31": "", "2005-12-31": 0, "2005-09-30": 0, "2005-06-30": 0, "2005-03-31": ""}, "Change In Assets/Liabilities": {"2020-12-31": 0, "2020-09-30": 0, "2020-06-30": 0, "2020-03-31": "", "2019-12-31": 27, "2019-09-30": 0, "2019-06-30": 0, "2019-03-31": "", "2018-12-31": -1336, "2018-09-30": 0, "2018-06-30": 0, "2018-03-31": "", "2017-12-31": 8, "2017-09-30": 0, "2017-06-30": 0, "2017-03-31": "", "2016-12-31": -171, "2016-09-30": 0, "2016-06-30": 0, "2016-03-31": "", "2015-12-31": 360, "2015-09-30": 0, "2015-06-30": 0, "2015-03-31": "", "2014-12-31": 370, "2014-09-30": 0, "2014-06-30": 0, "2014-03-31": "", "2013-12-31": 300, "2013-09-30": 0, "2013-06-30": 0, "2013-03-31": "", "2012-12-31": 312, "2012-09-30": 0, "2012-06-30": 0, "2012-03-31": "", "2011-12-31": 46, "2011-09-30": 0, "2011-06-30": 0, "2011-03-31": "", "2010-12-31": -272, "2010-09-30": 0, "2010-06-30": 0, "2010-03-31": "", "2009-12-31": 554, "2009-09-30": 0, "2009-06-30": 0, "2009-03-31": "", "2008-12-31": -437, "2008-09-30": 0, "2008-06-30": 0, "2008-03-31": "", "2007-12-31": 104, "2007-09-30": 0, "2007-06-30": 0, "2007-03-31": "", "2006-12-31": 114, "2006-09-30": 0, "2006-06-30": 0, "2006-03-31": "", "2005-12-31": -89, "2005-09-30": 0, "2005-06-30": 0, "2005-03-31": ""}, "Total Change In Assets/Liabilities": {"2020-12-31": 0, "2020-09-30": 0, "2020-06-30": 0, "2020-03-31": "", "2019-12-31": -282, "2019-09-30": 0, "2019-06-30": 0, "2019-03-31": "", "2018-12-31": -2160, "2018-09-30": 0, "2018-06-30": 0, "2018-03-31": "", "2017-12-31": 66, "2017-09-30": 0, "2017-06-30": 0, "2017-03-31": "", "2016-12-31": 206, "2016-09-30": 0, "2016-06-30": 0, "2016-03-31": "", "2015-12-31": 326, "2015-09-30": 0, "2015-06-30": 0, "2015-03-31": "", "2014-12-31": 962, "2014-09-30": 0, "2014-06-30": 0, "2014-03-31": "", "2013-12-31": 183, "2013-09-30": 0, "2013-06-30": 0, "2013-03-31": "", "2012-12-31": 304, "2012-09-30": 0, "2012-06-30": 0, "2012-03-31": "", "2011-12-31": -237, "2011-09-30": 0, "2011-06-30": 0, "2011-03-31": "", "2010-12-31": -1373, "2010-09-30": 0, "2010-06-30": 0, "2010-03-31": "", "2009-12-31": 925, "2009-09-30": 0, "2009-06-30": 0, "2009-03-31": "", "2008-12-31": -69, "2008-09-30": 0, "2008-06-30": 0, "2008-03-31": "", "2007-12-31": 47, "2007-09-30": 0, "2007-06-30": 0, "2007-03-31": "", "2006-12-31": 358, "2006-09-30": 0, "2006-06-30": 0, "2006-03-31": "", "2005-12-31": -403, "2005-09-30": 0, "2005-06-30": 0, "2005-03-31": ""}, "Cash Flow From Operating Activities": {"2020-12-31": -835, "2020-09-30": 643, "2020-06-30": 269, "2020-03-31": "-77.00000", "2019-12-31": 692, "2019-09-30": 502, "2019-06-30": 292, "2019-03-31": "350.00000", "2018-12-31": 19, "2018-09-30": 501, "2018-06-30": -403, "2018-03-31": "193.00000", "2017-12-31": 684, "2017-09-30": 452, "2017-06-30": 297, "2017-03-31": "-7.00000", "2016-12-31": 676, "2016-09-30": -31, "2016-06-30": 421, "2016-03-31": "116.00000", "2015-12-31": 420, "2015-09-30": 408, "2015-06-30": 60, "2015-03-31": "-197.00000", "2014-12-31": 440, "2014-09-30": 346, "2014-06-30": 285, "2014-03-31": "198.00000", "2013-12-31": 275, "2013-09-30": 251, "2013-06-30": 397, "2013-03-31": "187.00000", "2012-12-31": 389, "2012-09-30": 272, "2012-06-30": 407, "2012-03-31": "212.00000", "2011-12-31": 349, "2011-09-30": 366, "2011-06-30": 390, "2011-03-31": "-97.00000", "2010-12-31": 449, "2010-09-30": -126, "2010-06-30": 286, "2010-03-31": "-284.00000", "2009-12-31": -329, "2009-09-30": 484, "2009-06-30": 419, "2009-03-31": "261.00000", "2008-12-31": 54, "2008-09-30": 638, "2008-06-30": 258, "2008-03-31": "266.00000", "2007-12-31": 308, "2007-09-30": 474, "2007-06-30": 211, "2007-03-31": "-59.00000", "2006-12-31": 365, "2006-09-30": 481, "2006-06-30": 435, "2006-03-31": "564.00000", "2005-12-31": 510, "2005-09-30": -287, "2005-06-30": 239, "2005-03-31": "441.00000"}, "Net Change In Property, Plant, And Equipment": {"2020-12-31": 211, "2020-09-30": -47, "2020-06-30": -67, "2020-03-31": "-97.00000", "2019-12-31": -184, "2019-09-30": -118, "2019-06-30": -91, "2019-03-31": "-61.00000", "2018-12-31": -92, "2018-09-30": -76, "2018-06-30": -74, "2018-03-31": "-60.00000", "2017-12-31": -79, "2017-09-30": -60, "2017-06-30": -68, "2017-03-31": "-112.00000", "2016-12-31": -167, "2016-09-30": -71, "2016-06-30": -79, "2016-03-31": "-30.00000", "2015-12-31": -85, "2015-09-30": -70, "2015-06-30": -46, "2015-03-31": "-46.00000", "2014-12-31": -79, "2014-09-30": -56, "2014-06-30": -65, "2014-03-31": "-59.00000", "2013-12-31": -84, "2013-09-30": -57, "2013-06-30": -51, "2013-03-31": "", "2012-12-31": -46, "2012-09-30": -46, "2012-06-30": -52, "2012-03-31": "-66.00000", "2011-12-31": -67, "2011-09-30": -69, "2011-06-30": -83, "2011-03-31": "-69.00000", "2010-12-31": -58, "2010-09-30": -78, "2010-06-30": -61, "2010-03-31": "-70.00000", "2009-12-31": -82, "2009-09-30": -91, "2009-06-30": -74, "2009-03-31": "-60.00000", "2008-12-31": -262, "2008-09-30": 38, "2008-06-30": -79, "2008-03-31": "-57.00000", "2007-12-31": -88, "2007-09-30": -59, "2007-06-30": -90, "2007-03-31": "-96.00000", "2006-12-31": -110, "2006-09-30": -84, "2006-06-30": -85, "2006-03-31": "-44.00000", "2005-12-31": -72, "2005-09-30": -62, "2005-06-30": -89, "2005-03-31": "-99.00000"}, "Net Change In Intangible Assets": {"2020-12-31": 0, "2020-09-30": 0, "2020-06-30": 0, "2020-03-31": "", "2019-12-31": 0, "2019-09-30": 0, "2019-06-30": 0, "2019-03-31": "", "2018-12-31": 0, "2018-09-30": 0, "2018-06-30": 0, "2018-03-31": "", "2017-12-31": 0, "2017-09-30": 0, "2017-06-30": 0, "2017-03-31": "", "2016-12-31": 0, "2016-09-30": 0, "2016-06-30": 0, "2016-03-31": "", "2015-12-31": 0, "2015-09-30": 0, "2015-06-30": 0, "2015-03-31": "", "2014-12-31": 0, "2014-09-30": 0, "2014-06-30": 0, "2014-03-31": "", "2013-12-31": 0, "2013-09-30": 0, "2013-06-30": 0, "2013-03-31": "", "2012-12-31": 0, "2012-09-30": 0, "2012-06-30": 0, "2012-03-31": "", "2011-12-31": 0, "2011-09-30": 0, "2011-06-30": 0, "2011-03-31": "", "2010-12-31": 0, "2010-09-30": 0, "2010-06-30": 0, "2010-03-31": "", "2009-12-31": 0, "2009-09-30": 0, "2009-06-30": 0, "2009-03-31": "", "2008-12-31": 0, "2008-09-30": 0, "2008-06-30": 0, "2008-03-31": "", "2007-12-31": 0, "2007-09-30": 0, "2007-06-30": 0, "2007-03-31": "", "2006-12-31": 0, "2006-09-30": 0, "2006-06-30": 0, "2006-03-31": "", "2005-12-31": 0, "2005-09-30": 0, "2005-06-30": 0, "2005-03-31": ""}, "Net Acquisitions/Divestitures": {"2020-12-31": -12, "2020-09-30": 29, "2020-06-30": -17, "2020-03-31": "", "2019-12-31": 0, "2019-09-30": -3414, "2019-06-30": -557, "2019-03-31": "-321.00000", "2018-12-31": -480, "2018-09-30": -438, "2018-06-30": -521, "2018-03-31": "-9.00000", "2017-12-31": -168, "2017-09-30": 0, "2017-06-30": -392, "2017-03-31": "", "2016-12-31": -338, "2016-09-30": -70, "2016-06-30": 0, "2016-03-31": "", "2015-12-31": -92, "2015-09-30": -1577, "2015-06-30": -65, "2015-03-31": "", "2014-12-31": -25, "2014-09-30": -415, "2014-06-30": -64, "2014-03-31": "4.00000", "2013-12-31": -274, "2013-09-30": 0, "2013-06-30": 30, "2013-03-31": "", "2012-12-31": -232, "2012-09-30": 10, "2012-06-30": -134, "2012-03-31": "", "2011-12-31": 14, "2011-09-30": 9, "2011-06-30": 1, "2011-03-31": "1046.00000", "2010-12-31": -201, "2010-09-30": 0, "2010-06-30": -4, "2010-03-31": "", "2009-12-31": -6, "2009-09-30": -486, "2009-06-30": 471, "2009-03-31": "-506.00000", "2008-12-31": -5, "2008-09-30": -2, "2008-06-30": -48, "2008-03-31": "646.00000", "2007-12-31": 32, "2007-09-30": -80, "2007-06-30": -2, "2007-03-31": "-211.00000", "2006-12-31": -235, "2006-09-30": -18, "2006-06-30": -8718, "2006-03-31": "-210.00000", "2005-12-31": -8, "2005-09-30": -9, "2005-06-30": -174, "2005-03-31": "-20.00000"}, "Net Change In Short-term Investments": {"2020-12-31": 0, "2020-09-30": 0, "2020-06-30": 0, "2020-03-31": "", "2019-12-31": 0, "2019-09-30": 0, "2019-06-30": 0, "2019-03-31": "", "2018-12-31": 0, "2018-09-30": 0, "2018-06-30": 0, "2018-03-31": "", "2017-12-31": 0, "2017-09-30": 0, "2017-06-30": 0, "2017-03-31": "", "2016-12-31": 0, "2016-09-30": 0, "2016-06-30": 0, "2016-03-31": "", "2015-12-31": 0, "2015-09-30": 0, "2015-06-30": 0, "2015-03-31": "", "2014-12-31": 0, "2014-09-30": 0, "2014-06-30": 0, "2014-03-31": "", "2013-12-31": 0, "2013-09-30": 0, "2013-06-30": 0, "2013-03-31": "", "2012-12-31": 0, "2012-09-30": 0, "2012-06-30": 0, "2012-03-31": "", "2011-12-31": 0, "2011-09-30": 0, "2011-06-30": 0, "2011-03-31": "", "2010-12-31": 0, "2010-09-30": 0, "2010-06-30": 0, "2010-03-31": "", "2009-12-31": 0, "2009-09-30": 0, "2009-06-30": 0, "2009-03-31": "", "2008-12-31": 0, "2008-09-30": 0, "2008-06-30": 0, "2008-03-31": "", "2007-12-31": 0, "2007-09-30": 0, "2007-06-30": 0, "2007-03-31": "", "2006-12-31": 0, "2006-09-30": 0, "2006-06-30": 0, "2006-03-31": "159.00000", "2005-12-31": 13, "2005-09-30": 13, "2005-06-30": -56, "2005-03-31": "215.00000"}, "Net Change In Long-Term Investments": {"2020-12-31": 130, "2020-09-30": -130, "2020-06-30": 2, "2020-03-31": "-2.00000", "2019-12-31": -12, "2019-09-30": -137, "2019-06-30": 28, "2019-03-31": "-28.00000", "2018-12-31": -24, "2018-09-30": -148, "2018-06-30": 103, "2018-03-31": "-103.00000", "2017-12-31": -42, "2017-09-30": -42, "2017-06-30": -19, "2017-03-31": "-28.00000", "2016-12-31": -27, "2016-09-30": -64, "2016-06-30": -23, "2016-03-31": "-18.00000", "2015-12-31": -57, "2015-09-30": -69, "2015-06-30": -138, "2015-03-31": "-2.00000", "2014-12-31": 9, "2014-09-30": 0, "2014-06-30": 15, "2014-03-31": "-10.00000", "2013-12-31": -18, "2013-09-30": -11, "2013-06-30": -4, "2013-03-31": "-11.00000", "2012-12-31": -4, "2012-09-30": -17, "2012-06-30": -1, "2012-03-31": "", "2011-12-31": -3, "2011-09-30": 1, "2011-06-30": 0, "2011-03-31": "-9.00000", "2010-12-31": 4, "2010-09-30": -1, "2010-06-30": 1, "2010-03-31": "-4.00000", "2009-12-31": -63, "2009-09-30": 484, "2009-06-30": -521, "2009-03-31": "50.00000", "2008-12-31": 119, "2008-09-30": -15, "2008-06-30": -42, "2008-03-31": "31.00000", "2007-12-31": 18, "2007-09-30": 154, "2007-06-30": -59, "2007-03-31": "7.00000", "2006-12-31": 110, "2006-09-30": -41, "2006-06-30": 716, "2006-03-31": "-752.00000", "2005-12-31": -25, "2005-09-30": -57, "2005-06-30": -103, "2005-03-31": "-18.00000"}, "Net Change In Investments - Total": {"2020-12-31": 130, "2020-09-30": -130, "2020-06-30": 2, "2020-03-31": "-2.00000", "2019-12-31": -12, "2019-09-30": -137, "2019-06-30": 28, "2019-03-31": "-28.00000", "2018-12-31": -24, "2018-09-30": -148, "2018-06-30": 103, "2018-03-31": "-103.00000", "2017-12-31": -42, "2017-09-30": -42, "2017-06-30": -19, "2017-03-31": "-28.00000", "2016-12-31": -27, "2016-09-30": -64, "2016-06-30": -23, "2016-03-31": "-18.00000", "2015-12-31": -57, "2015-09-30": -69, "2015-06-30": -138, "2015-03-31": "-2.00000", "2014-12-31": 9, "2014-09-30": 0, "2014-06-30": 15, "2014-03-31": "-10.00000", "2013-12-31": -18, "2013-09-30": -11, "2013-06-30": -4, "2013-03-31": "-11.00000", "2012-12-31": -4, "2012-09-30": -17, "2012-06-30": -1, "2012-03-31": "", "2011-12-31": -3, "2011-09-30": 1, "2011-06-30": 0, "2011-03-31": "-9.00000", "2010-12-31": 4, "2010-09-30": -1, "2010-06-30": 1, "2010-03-31": "-4.00000", "2009-12-31": -63, "2009-09-30": 484, "2009-06-30": -521, "2009-03-31": "50.00000", "2008-12-31": 119, "2008-09-30": -15, "2008-06-30": -42, "2008-03-31": "31.00000", "2007-12-31": 18, "2007-09-30": 154, "2007-06-30": -59, "2007-03-31": "7.00000", "2006-12-31": 110, "2006-09-30": -41, "2006-06-30": 716, "2006-03-31": "-593.00000", "2005-12-31": -12, "2005-09-30": -44, "2005-06-30": -159, "2005-03-31": "197.00000"}, "Investing Activities - Other": {"2020-12-31": -66, "2020-09-30": 21, "2020-06-30": 22, "2020-03-31": "23.00000", "2019-12-31": 147, "2019-09-30": -294, "2019-06-30": 0, "2019-03-31": "", "2018-12-31": 0, "2018-09-30": 0, "2018-06-30": 0, "2018-03-31": "", "2017-12-31": 0, "2017-09-30": 0, "2017-06-30": 0, "2017-03-31": "", "2016-12-31": 0, "2016-09-30": 0, "2016-06-30": 0, "2016-03-31": "", "2015-12-31": 64, "2015-09-30": -3, "2015-06-30": 3, "2015-03-31": "-3.00000", "2014-12-31": 12, "2014-09-30": -2, "2014-06-30": -10, "2014-03-31": "", "2013-12-31": 13, "2013-09-30": -5, "2013-06-30": -3, "2013-03-31": "", "2012-12-31": 9, "2012-09-30": 0, "2012-06-30": 0, "2012-03-31": "", "2011-12-31": 5, "2011-09-30": 0, "2011-06-30": 0, "2011-03-31": "", "2010-12-31": 4, "2010-09-30": 0, "2010-06-30": 0, "2010-03-31": "", "2009-12-31": 91, "2009-09-30": 0, "2009-06-30": 1, "2009-03-31": "-1.00000", "2008-12-31": 0, "2008-09-30": -47, "2008-06-30": 47, "2008-03-31": "", "2007-12-31": 0, "2007-09-30": -49, "2007-06-30": 49, "2007-03-31": "", "2006-12-31": -20, "2006-09-30": 20, "2006-06-30": 0, "2006-03-31": "", "2005-12-31": 0, "2005-09-30": 0, "2005-06-30": 0, "2005-03-31": ""}, "Cash Flow From Investing Activities": {"2020-12-31": 264, "2020-09-30": -129, "2020-06-30": -59, "2020-03-31": "-76.00000", "2019-12-31": -49, "2019-09-30": -3962, "2019-06-30": -620, "2019-03-31": "-410.00000", "2018-12-31": -595, "2018-09-30": -662, "2018-06-30": -491, "2018-03-31": "-173.00000", "2017-12-31": -289, "2017-09-30": -102, "2017-06-30": -479, "2017-03-31": "-140.00000", "2016-12-31": -532, "2016-09-30": -205, "2016-06-30": -102, "2016-03-31": "-48.00000", "2015-12-31": -170, "2015-09-30": -1719, "2015-06-30": -246, "2015-03-31": "-51.00000", "2014-12-31": -83, "2014-09-30": -473, "2014-06-30": -124, "2014-03-31": "-65.00000", "2013-12-31": -363, "2013-09-30": -73, "2013-06-30": -28, "2013-03-31": "-11.00000", "2012-12-31": -273, "2012-09-30": -53, "2012-06-30": -187, "2012-03-31": "-66.00000", "2011-12-31": -51, "2011-09-30": -59, "2011-06-30": -82, "2011-03-31": "968.00000", "2010-12-31": -251, "2010-09-30": -79, "2010-06-30": -64, "2010-03-31": "-74.00000", "2009-12-31": -60, "2009-09-30": -93, "2009-06-30": -123, "2009-03-31": "-517.00000", "2008-12-31": -148, "2008-09-30": -26, "2008-06-30": -122, "2008-03-31": "620.00000", "2007-12-31": -38, "2007-09-30": -34, "2007-06-30": -102, "2007-03-31": "-300.00000", "2006-12-31": -255, "2006-09-30": -123, "2006-06-30": -8087, "2006-03-31": "-847.00000", "2005-12-31": -92, "2005-09-30": -115, "2005-06-30": -422, "2005-03-31": "78.00000"}, "Net Long-Term Debt": {"2020-12-31": 1132, "2020-09-30": -1725, "2020-06-30": -170, "2020-03-31": "763.00000", "2019-12-31": -1953, "2019-09-30": -4314, "2019-06-30": 4186, "2019-03-31": "-1479.00000", "2018-12-31": 0, "2018-09-30": 0, "2018-06-30": -990, "2018-03-31": "388.00000", "2017-12-31": 30, "2017-09-30": -412, "2017-06-30": -368, "2017-03-31": "-250.00000", "2016-12-31": -30, "2016-09-30": 0, "2016-06-30": -285, "2016-03-31": "", "2015-12-31": -195, "2015-09-30": 749, "2015-06-30": 831, "2015-03-31": "", "2014-12-31": 0, "2014-09-30": 0, "2014-06-30": 0, "2014-03-31": "", "2013-12-31": -160, "2013-09-30": -10, "2013-06-30": 0, "2013-03-31": "", "2012-12-31": -147, "2012-09-30": 260, "2012-06-30": -149, "2012-03-31": "-120.00000", "2011-12-31": 425, "2011-09-30": -175, "2011-06-30": -750, "2011-03-31": "-750.00000", "2010-12-31": -612, "2010-09-30": -200, "2010-06-30": -700, "2010-03-31": "-200.00000", "2009-12-31": -2100, "2009-09-30": -225, "2009-06-30": 0, "2009-03-31": "-500.00000", "2008-12-31": 250, "2008-09-30": -513, "2008-06-30": -287, "2008-03-31": "-625.00000", "2007-12-31": -246, "2007-09-30": -750, "2007-06-30": -4, "2007-03-31": "", "2006-12-31": 7034, "2006-09-30": -7041, "2006-06-30": 7041, "2006-03-31": "", "2005-12-31": 231, "2005-09-30": 0, "2005-06-30": 0, "2005-03-31": ""}, "Net Current Debt": {"2020-12-31": -261, "2020-09-30": 1433, "2020-06-30": -679, "2020-03-31": "-493.00000", "2019-12-31": 1098, "2019-09-30": 5581, "2019-06-30": -3938, "2019-03-31": "3613.00000", "2018-12-31": 422, "2018-09-30": 124, "2018-06-30": 1707, "2018-03-31": "-246.00000", "2017-12-31": -70, "2017-09-30": 240, "2017-06-30": 672, "2017-03-31": "281.00000", "2016-12-31": 60, "2016-09-30": 0, "2016-06-30": 0, "2016-03-31": "", "2015-12-31": 0, "2015-09-30": 0, "2015-06-30": 0, "2015-03-31": "", "2014-12-31": 0, "2014-09-30": 0, "2014-06-30": 0, "2014-03-31": "", "2013-12-31": 0, "2013-09-30": 0, "2013-06-30": 0, "2013-03-31": "", "2012-12-31": 0, "2012-09-30": -260, "2012-06-30": 131, "2012-03-31": "120.00000", "2011-12-31": -425, "2011-09-30": 175, "2011-06-30": 0, "2011-03-31": "250.00000", "2010-12-31": 0, "2010-09-30": 200, "2010-06-30": 773, "2010-03-31": "200.00000", "2009-12-31": 1972, "2009-09-30": 0, "2009-06-30": 0, "2009-03-31": "", "2008-12-31": -250, "2008-09-30": 0, "2008-06-30": 0, "2008-03-31": "", "2007-12-31": 246, "2007-09-30": 0, "2007-06-30": 0, "2007-03-31": "", "2006-12-31": -7034, "2006-09-30": 7037, "2006-06-30": -799, "2006-03-31": "650.00000", "2005-12-31": -723, "2005-09-30": 493, "2005-06-30": 466, "2005-03-31": "-780.00000"}, "Debt Issuance/Retirement Net - Total": {"2020-12-31": 871, "2020-09-30": -292, "2020-06-30": -849, "2020-03-31": "270.00000", "2019-12-31": -855, "2019-09-30": 1267, "2019-06-30": 248, "2019-03-31": "2134.00000", "2018-12-31": 422, "2018-09-30": 124, "2018-06-30": 717, "2018-03-31": "142.00000", "2017-12-31": -40, "2017-09-30": -172, "2017-06-30": 304, "2017-03-31": "31.00000", "2016-12-31": 30, "2016-09-30": 0, "2016-06-30": -285, "2016-03-31": "", "2015-12-31": -195, "2015-09-30": 749, "2015-06-30": 831, "2015-03-31": "", "2014-12-31": 0, "2014-09-30": 0, "2014-06-30": 0, "2014-03-31": "", "2013-12-31": -160, "2013-09-30": -10, "2013-06-30": 0, "2013-03-31": "", "2012-12-31": -147, "2012-09-30": 0, "2012-06-30": -18, "2012-03-31": "", "2011-12-31": 0, "2011-09-30": 0, "2011-06-30": -750, "2011-03-31": "-500.00000", "2010-12-31": -612, "2010-09-30": 0, "2010-06-30": 73, "2010-03-31": "", "2009-12-31": -128, "2009-09-30": -225, "2009-06-30": 0, "2009-03-31": "-500.00000", "2008-12-31": 0, "2008-09-30": -513, "2008-06-30": -287, "2008-03-31": "-625.00000", "2007-12-31": 0, "2007-09-30": -750, "2007-06-30": -4, "2007-03-31": "", "2006-12-31": 0, "2006-09-30": -4, "2006-06-30": 6242, "2006-03-31": "650.00000", "2005-12-31": -492, "2005-09-30": 493, "2005-06-30": 466, "2005-03-31": "-780.00000"}, "Net Common Equity Issued/Repurchased": {"2020-12-31": -2057, "2020-09-30": 59, "2020-06-30": 1956, "2020-03-31": "42.00000", "2019-12-31": 10, "2019-09-30": 50, "2019-06-30": 10, "2019-03-31": "53.00000", "2018-12-31": 7, "2018-09-30": 41, "2018-06-30": 15, "2018-03-31": "38.00000", "2017-12-31": 6, "2017-09-30": 35, "2017-06-30": 11, "2017-03-31": "33.00000", "2016-12-31": 3, "2016-09-30": 35, "2016-06-30": 46, "2016-03-31": "27.00000", "2015-12-31": 17, "2015-09-30": 27, "2015-06-30": 16, "2015-03-31": "54.00000", "2014-12-31": 8, "2014-09-30": 19, "2014-06-30": 9, "2014-03-31": "-101.00000", "2013-12-31": -210, "2013-09-30": -35, "2013-06-30": -91, "2013-03-31": "-90.00000", "2012-12-31": -99, "2012-09-30": -239, "2012-06-30": -112, "2012-03-31": "-129.00000", "2011-12-31": -301, "2011-09-30": -179, "2011-06-30": 0, "2011-03-31": "9.00000", "2010-12-31": 3, "2010-09-30": 14, "2010-06-30": 0, "2010-03-31": "14.00000", "2009-12-31": 1, "2009-09-30": 19, "2009-06-30": 1, "2009-03-31": "12.00000", "2008-12-31": 3, "2008-09-30": 20, "2008-06-30": 22, "2008-03-31": "26.00000", "2007-12-31": -58, "2007-09-30": 32, "2007-06-30": 67, "2007-03-31": "31.00000", "2006-12-31": 8, "2006-09-30": 29, "2006-06-30": 1481, "2006-03-31": "27.00000", "2005-12-31": 17, "2005-09-30": -44, "2005-06-30": -408, "2005-03-31": "-205.00000"}, "Net Total Equity Issued/Repurchased": {"2020-12-31": -2057, "2020-09-30": 59, "2020-06-30": 1956, "2020-03-31": "42.00000", "2019-12-31": 10, "2019-09-30": 50, "2019-06-30": 10, "2019-03-31": "53.00000", "2018-12-31": 7, "2018-09-30": 41, "2018-06-30": 15, "2018-03-31": "38.00000", "2017-12-31": 6, "2017-09-30": 35, "2017-06-30": 11, "2017-03-31": "33.00000", "2016-12-31": 3, "2016-09-30": 35, "2016-06-30": 46, "2016-03-31": "27.00000", "2015-12-31": 17, "2015-09-30": 27, "2015-06-30": 16, "2015-03-31": "54.00000", "2014-12-31": 8, "2014-09-30": 19, "2014-06-30": 9, "2014-03-31": "-101.00000", "2013-12-31": -210, "2013-09-30": -35, "2013-06-30": -91, "2013-03-31": "-90.00000", "2012-12-31": -99, "2012-09-30": -239, "2012-06-30": -112, "2012-03-31": "-129.00000", "2011-12-31": -301, "2011-09-30": -179, "2011-06-30": 0, "2011-03-31": "9.00000", "2010-12-31": 3, "2010-09-30": 14, "2010-06-30": 0, "2010-03-31": "14.00000", "2009-12-31": 1, "2009-09-30": 19, "2009-06-30": 1, "2009-03-31": "12.00000", "2008-12-31": 3, "2008-09-30": 20, "2008-06-30": 22, "2008-03-31": "26.00000", "2007-12-31": -58, "2007-09-30": 32, "2007-06-30": 67, "2007-03-31": "31.00000", "2006-12-31": 8, "2006-09-30": 29, "2006-06-30": 1481, "2006-03-31": "27.00000", "2005-12-31": 17, "2005-09-30": -44, "2005-06-30": -408, "2005-03-31": "-205.00000"}, "Total Common And Preferred Stock Dividends Paid": {"2020-12-31": 14, "2020-09-30": -14, "2020-06-30": 0, "2020-03-31": "", "2019-12-31": 0, "2019-09-30": 0, "2019-06-30": 0, "2019-03-31": "", "2018-12-31": 0, "2018-09-30": 0, "2018-06-30": 0, "2018-03-31": "", "2017-12-31": 0, "2017-09-30": 0, "2017-06-30": 0, "2017-03-31": "", "2016-12-31": 0, "2016-09-30": 0, "2016-06-30": 0, "2016-03-31": "", "2015-12-31": 0, "2015-09-30": 0, "2015-06-30": 0, "2015-03-31": "", "2014-12-31": 0, "2014-09-30": 0, "2014-06-30": 0, "2014-03-31": "", "2013-12-31": 0, "2013-09-30": 0, "2013-06-30": 0, "2013-03-31": "", "2012-12-31": 0, "2012-09-30": 0, "2012-06-30": 0, "2012-03-31": "", "2011-12-31": 0, "2011-09-30": 0, "2011-06-30": 0, "2011-03-31": "", "2010-12-31": 0, "2010-09-30": 0, "2010-06-30": 0, "2010-03-31": "", "2009-12-31": 0, "2009-09-30": 0, "2009-06-30": 0, "2009-03-31": "", "2008-12-31": 0, "2008-09-30": 0, "2008-06-30": 0, "2008-03-31": "", "2007-12-31": 0, "2007-09-30": 0, "2007-06-30": 0, "2007-03-31": "", "2006-12-31": 0, "2006-09-30": 0, "2006-06-30": 0, "2006-03-31": "", "2005-12-31": 0, "2005-09-30": 0, "2005-06-30": 0, "2005-03-31": ""}, "Financial Activities - Other": {"2020-12-31": 59, "2020-09-30": -2, "2020-06-30": 0, "2020-03-31": "-57.00000", "2019-12-31": 120, "2019-09-30": -3, "2019-06-30": -1, "2019-03-31": "-60.00000", "2018-12-31": -5, "2018-09-30": -13, "2018-06-30": -7, "2018-03-31": "-50.00000", "2017-12-31": -34, "2017-09-30": -2, "2017-06-30": 17, "2017-03-31": "-79.00000", "2016-12-31": -5, "2016-09-30": -1, "2016-06-30": 22, "2016-03-31": "-78.00000", "2015-12-31": -58, "2015-09-30": -15, "2015-06-30": -1, "2015-03-31": "-148.00000", "2014-12-31": -22, "2014-09-30": -1, "2014-06-30": -3, "2014-03-31": "-59.00000", "2013-12-31": 105, "2013-09-30": -93, "2013-06-30": -16, "2013-03-31": "-24.00000", "2012-12-31": -16, "2012-09-30": 0, "2012-06-30": -1, "2012-03-31": "-3.00000", "2011-12-31": -7, "2011-09-30": 0, "2011-06-30": 0, "2011-03-31": "", "2010-12-31": 0, "2010-09-30": 0, "2010-06-30": 0, "2010-03-31": "", "2009-12-31": 0, "2009-09-30": 0, "2009-06-30": 0, "2009-03-31": "", "2008-12-31": 0, "2008-09-30": 0, "2008-06-30": 4, "2008-03-31": "", "2007-12-31": 2, "2007-09-30": 0, "2007-06-30": 0, "2007-03-31": "", "2006-12-31": 6, "2006-09-30": 0, "2006-06-30": 0, "2006-03-31": "", "2005-12-31": -1, "2005-09-30": 0, "2005-06-30": 0, "2005-03-31": ""}, "Cash Flow From Financial Activities": {"2020-12-31": -1112, "2020-09-30": -249, "2020-06-30": 1105, "2020-03-31": "256.00000", "2019-12-31": -724, "2019-09-30": 1314, "2019-06-30": 256, "2019-03-31": "2127.00000", "2018-12-31": 425, "2018-09-30": 151, "2018-06-30": 726, "2018-03-31": "130.00000", "2017-12-31": -68, "2017-09-30": -139, "2017-06-30": 332, "2017-03-31": "-15.00000", "2016-12-31": 28, "2016-09-30": 34, "2016-06-30": -217, "2016-03-31": "-51.00000", "2015-12-31": -237, "2015-09-30": 761, "2015-06-30": 846, "2015-03-31": "-94.00000", "2014-12-31": -14, "2014-09-30": 18, "2014-06-30": 6, "2014-03-31": "-160.00000", "2013-12-31": -265, "2013-09-30": -138, "2013-06-30": -107, "2013-03-31": "-114.00000", "2012-12-31": -262, "2012-09-30": -239, "2012-06-30": -131, "2012-03-31": "-132.00000", "2011-12-31": -308, "2011-09-30": -179, "2011-06-30": -750, "2011-03-31": "-491.00000", "2010-12-31": -609, "2010-09-30": 14, "2010-06-30": 73, "2010-03-31": "14.00000", "2009-12-31": -127, "2009-09-30": -206, "2009-06-30": 1, "2009-03-31": "-488.00000", "2008-12-31": 3, "2008-09-30": -493, "2008-06-30": -261, "2008-03-31": "-599.00000", "2007-12-31": -56, "2007-09-30": -718, "2007-06-30": 63, "2007-03-31": "31.00000", "2006-12-31": 14, "2006-09-30": 25, "2006-06-30": 7723, "2006-03-31": "677.00000", "2005-12-31": -476, "2005-09-30": 449, "2005-06-30": 58, "2005-03-31": "-985.00000"}, "Net Cash Flow": {"2020-12-31": -1675, "2020-09-30": 266, "2020-06-30": 1316, "2020-03-31": "93.00000", "2019-12-31": -69, "2019-09-30": -2147, "2019-06-30": -73, "2019-03-31": "2067.00000", "2018-12-31": -151, "2018-09-30": -14, "2018-06-30": -174, "2018-03-31": "151.00000", "2017-12-31": 328, "2017-09-30": 213, "2017-06-30": 150, "2017-03-31": "-161.00000", "2016-12-31": 169, "2016-09-30": -201, "2016-06-30": 100, "2016-03-31": "19.00000", "2015-12-31": 14, "2015-09-30": -553, "2015-06-30": 661, "2015-03-31": "-345.00000", "2014-12-31": 341, "2014-09-30": -111, "2014-06-30": 166, "2014-03-31": "-26.00000", "2013-12-31": -354, "2013-09-30": 41, "2013-06-30": 262, "2013-03-31": "61.00000", "2012-12-31": -145, "2012-09-30": -19, "2012-06-30": 87, "2012-03-31": "17.00000", "2011-12-31": -9, "2011-09-30": 122, "2011-06-30": -441, "2011-03-31": "382.00000", "2010-12-31": -411, "2010-09-30": -187, "2010-06-30": 292, "2010-03-31": "-345.00000", "2009-12-31": -517, "2009-09-30": 187, "2009-06-30": 297, "2009-03-31": "-744.00000", "2008-12-31": -93, "2008-09-30": 118, "2008-06-30": -123, "2008-03-31": "287.00000", "2007-12-31": 215, "2007-09-30": -277, "2007-06-30": 174, "2007-03-31": "-328.00000", "2006-12-31": 127, "2006-09-30": 384, "2006-06-30": 74, "2006-03-31": "394.00000", "2005-12-31": -56, "2005-09-30": 47, "2005-06-30": -129, "2005-03-31": "-469.00000"}, "Stock-Based Compensation": {"2020-12-31": 0, "2020-09-30": 0, "2020-06-30": 0, "2020-03-31": "", "2019-12-31": 157, "2019-09-30": 0, "2019-06-30": 0, "2019-03-31": "", "2018-12-31": 140, "2018-09-30": 0, "2018-06-30": 0, "2018-03-31": "", "2017-12-31": 127, "2017-09-30": 0, "2017-06-30": 0, "2017-03-31": "", "2016-12-31": 116, "2016-09-30": 0, "2016-06-30": 0, "2016-03-31": "", "2015-12-31": 107, "2015-09-30": 0, "2015-06-30": 0, "2015-03-31": "", "2014-12-31": 103, "2014-09-30": 0, "2014-06-30": 0, "2014-03-31": "", "2013-12-31": 105, "2013-09-30": 0, "2013-06-30": 0, "2013-03-31": "", "2012-12-31": 108, "2012-09-30": 0, "2012-06-30": 0, "2012-03-31": "", "2011-12-31": 128, "2011-09-30": 0, "2011-06-30": 0, "2011-03-31": "", "2010-12-31": 150, "2010-09-30": 0, "2010-06-30": 0, "2010-03-31": "", "2009-12-31": 144, "2009-09-30": 0, "2009-06-30": 0, "2009-03-31": "", "2008-12-31": 138, "2008-09-30": 0, "2008-06-30": 0, "2008-03-31": "", "2007-12-31": 122, "2007-09-30": 0, "2007-06-30": 0, "2007-03-31": "", "2006-12-31": 113, "2006-09-30": 0, "2006-06-30": 0, "2006-03-31": "", "2005-12-31": 19, "2005-09-30": 0, "2005-06-30": 0, "2005-03-31": ""}, "Common Stock Dividends Paid": {"2020-12-31": 0, "2020-09-30": 0, "2020-06-30": 0, "2020-03-31": "", "2019-12-31": 0, "2019-09-30": 0, "2019-06-30": 0, "2019-03-31": "", "2018-12-31": 0, "2018-09-30": 0, "2018-06-30": 0, "2018-03-31": "", "2017-12-31": 0, "2017-09-30": 0, "2017-06-30": 0, "2017-03-31": "", "2016-12-31": 0, "2016-09-30": 0, "2016-06-30": 0, "2016-03-31": "", "2015-12-31": 0, "2015-09-30": 0, "2015-06-30": 0, "2015-03-31": "", "2014-12-31": 0, "2014-09-30": 0, "2014-06-30": 0, "2014-03-31": "", "2013-12-31": 0, "2013-09-30": 0, "2013-06-30": 0, "2013-03-31": "", "2012-12-31": 0, "2012-09-30": 0, "2012-06-30": 0, "2012-03-31": "", "2011-12-31": 0, "2011-09-30": 0, "2011-06-30": 0, "2011-03-31": "", "2010-12-31": 0, "2010-09-30": 0, "2010-06-30": 0, "2010-03-31": "", "2009-12-31": 0, "2009-09-30": 0, "2009-06-30": 0, "2009-03-31": "", "2008-12-31": 0, "2008-09-30": 0, "2008-06-30": 0, "2008-03-31": "", "2007-12-31": 0, "2007-09-30": 0, "2007-06-30": 0, "2007-03-31": "", "2006-12-31": 0, "2006-09-30": 0, "2006-06-30": 0, "2006-03-31": "", "2005-12-31": 0, "2005-09-30": 0, "2005-06-30": 0, "2005-03-31": ""}}, "financial ratios": {"Current Ratio": {"2019-12-31": "0.96570", "2018-12-31": "0.76100", "2017-12-31": "0.67600", "2016-12-31": "0.90300", "2015-12-31": "1.42840", "2014-12-31": "1.26700", "2013-12-31": "1.65080", "2012-12-31": "1.70540", "2011-12-31": "1.71830", "2010-12-31": "1.38560", "2009-12-31": "1.52180", "2008-12-31": "1.68640", "2007-12-31": "1.82800", "2006-12-31": "2.29190", "2005-12-31": "1.77890"}, "Long-term Debt / Capital": {"2019-12-31": "0.38240", "2018-12-31": "0.35500", "2017-12-31": "0.35240", "2016-12-31": "0.44600", "2015-12-31": "0.47310", "2014-12-31": "0.37300", "2013-12-31": "0.39320", "2012-12-31": "0.38230", "2011-12-31": "0.27270", "2010-12-31": "0.30400", "2009-12-31": "0.32470", "2008-12-31": "0.33860", "2007-12-31": "0.34450", "2006-12-31": "0.36770", "2005-12-31": "0.30330"}, "Debt/Equity Ratio": {"2019-12-31": "0.72120", "2018-12-31": "0.80860", "2017-12-31": "0.80090", "2016-12-31": "0.81450", "2015-12-31": "0.89830", "2014-12-31": "0.65730", "2013-12-31": "0.64840", "2012-12-31": "0.61950", "2011-12-31": "0.37530", "2010-12-31": "0.48140", "2009-12-31": "0.48110", "2008-12-31": "0.51200", "2007-12-31": "0.54240", "2006-12-31": "0.58190", "2005-12-31": "0.47170"}, "Gross Margin": {"2019-12-31": "70.98280", "2018-12-31": "71.37330", "2017-12-31": "71.34170", "2016-12-31": "71.09470", "2015-12-31": "70.93760", "2014-12-31": "70.05420", "2013-12-31": "69.56460", "2012-12-31": "67.59550", "2011-12-31": "65.11410", "2010-12-31": "66.70510", "2009-12-31": "68.53930", "2008-12-31": "69.32920", "2007-12-31": "71.97560", "2006-12-31": "71.78110", "2005-12-31": "77.94050"}, "Operating Margin": {"2019-12-31": "14.13140", "2018-12-31": "15.33140", "2017-12-31": "14.20200", "2016-12-31": "5.33030", "2015-12-31": "-3.78490", "2014-12-31": "-4.07860", "2013-12-31": "1.68000", "2012-12-31": "-53.35910", "2011-12-31": "11.86040", "2010-12-31": "-8.40380", "2009-12-31": "-10.91840", "2008-12-31": "-18.69570", "2007-12-31": "-0.16750", "2006-12-31": "-37.70620", "2005-12-31": "15.40670"}, "EBIT Margin": {"2019-12-31": "14.13140", "2018-12-31": "15.33140", "2017-12-31": "14.20200", "2016-12-31": "5.33030", "2015-12-31": "-3.78490", "2014-12-31": "-4.07860", "2013-12-31": "1.68000", "2012-12-31": "-53.35910", "2011-12-31": "11.86040", "2010-12-31": "-8.40380", "2009-12-31": "-10.91840", "2008-12-31": "-18.69570", "2007-12-31": "-0.16750", "2006-12-31": "-37.70620", "2005-12-31": "15.40670"}, "EBITDA Margin": {"2019-12-31": "24.52730", "2018-12-31": "24.78880", "2017-12-31": "23.57430", "2016-12-31": "15.18010", "2015-12-31": "6.75400", "2014-12-31": "8.38750", "2013-12-31": "17.98960", "2012-12-31": "18.03010", "2011-12-31": "30.68750", "2010-12-31": "26.15940", "2009-12-31": "-0.58620", "2008-12-31": "26.69570", "2007-12-31": "11.06860", "2006-12-31": "-27.72020", "2005-12-31": "20.40430"}, "Pre-Tax Profit Margin": {"2019-12-31": "6.39960", "2018-12-31": "14.47620", "2017-12-31": "10.31170", "2016-12-31": "2.11070", "2015-12-31": "-8.69330", "2014-12-31": "-6.89700", "2013-12-31": "-3.12190", "2012-12-31": "-56.65610", "2011-12-31": "8.42300", "2010-12-31": "-13.61770", "2009-12-31": "-15.97460", "2008-12-31": "-25.22980", "2007-12-31": "-6.80870", "2006-12-31": "-45.19880", "2005-12-31": "14.18110"}, "Net Profit Margin": {"2019-12-31": "43.78200", "2018-12-31": "17.01110", "2017-12-31": "1.14940", "2016-12-31": "4.13780", "2015-12-31": "-3.19650", "2014-12-31": "-1.61250", "2013-12-31": "-1.69400", "2012-12-31": "-56.11810", "2011-12-31": "5.78590", "2010-12-31": "-13.64340", "2009-12-31": "-12.51830", "2008-12-31": "-25.29190", "2007-12-31": "-5.92320", "2006-12-31": "-45.73580", "2005-12-31": "9.99520"}, "Asset Turnover": {"2019-12-31": "0.35120", "2018-12-31": "0.46780", "2017-12-31": "0.47520", "2016-12-31": "0.46340", "2015-12-31": "0.41230", "2014-12-31": "0.43350", "2013-12-31": "0.43110", "2012-12-31": "0.42260", "2011-12-31": "0.35800", "2010-12-31": "0.35280", "2009-12-31": "0.32520", "2008-12-31": "0.29660", "2007-12-31": "0.26790", "2006-12-31": "0.25330", "2005-12-31": "0.76660"}, "Inventory Turnover Ratio": {"2019-12-31": "1.97340", "2018-12-31": "2.41250", "2017-12-31": "2.40540", "2016-12-31": "2.53820", "2015-12-31": "2.13880", "2014-12-31": "2.33620", "2013-12-31": "2.42360", "2012-12-31": "2.65720", "2011-12-31": "2.85610", "2010-12-31": "2.90720", "2009-12-31": "2.89110", "2008-12-31": "2.89450", "2007-12-31": "3.23030", "2006-12-31": "3.22660", "2005-12-31": "3.31580"}, "Receiveable Turnover": {"2019-12-31": "5.87250", "2018-12-31": "6.10880", "2017-12-31": "5.84500", "2016-12-31": "5.69700", "2015-12-31": "5.86430", "2014-12-31": "6.23840", "2013-12-31": "5.46520", "2012-12-31": "5.95650", "2011-12-31": "6.11720", "2010-12-31": "5.91360", "2009-12-31": "5.95490", "2008-12-31": "5.74180", "2007-12-31": "5.56390", "2006-12-31": "5.63470", "2005-12-31": "6.74140"}, "Days Sales In Receivables": {"2019-12-31": "62.15370", "2018-12-31": "59.74960", "2017-12-31": "62.44700", "2016-12-31": "64.06870", "2015-12-31": "62.24090", "2014-12-31": "58.50880", "2013-12-31": "66.78640", "2012-12-31": "61.27810", "2011-12-31": "59.66810", "2010-12-31": "61.72180", "2009-12-31": "61.29400", "2008-12-31": "63.56890", "2007-12-31": "65.60130", "2006-12-31": "64.77690", "2005-12-31": "54.14290"}, "ROE - Return On Equity": {"2019-12-31": "33.86900", "2018-12-31": "19.15190", "2017-12-31": "1.49760", "2016-12-31": "5.15370", "2015-12-31": "-3.78160", "2014-12-31": "-1.84300", "2013-12-31": "-1.85040", "2012-12-31": "-59.21400", "2011-12-31": "3.88440", "2010-12-31": "-9.42810", "2009-12-31": "-8.33270", "2008-12-31": "-15.45470", "2007-12-31": "-3.27880", "2006-12-31": "-23.38210", "2005-12-31": "14.66600"}, "Return On Tangible Equity": {"2019-12-31": "-112.30590", "2018-12-31": "-30.07020", "2017-12-31": "-1.80320", "2016-12-31": "-5.95400", "2015-12-31": "3.76560", "2014-12-31": "2.35780", "2013-12-31": "2.37070", "2012-12-31": "75.44510", "2011-12-31": "-9.03500", "2010-12-31": "20.35160", "2009-12-31": "16.26470", "2008-12-31": "31.36650", "2007-12-31": "6.21080", "2006-12-31": "50.52260", "2005-12-31": "114.80800"}, "ROA - Return On Assets": {"2019-12-31": "15.37710", "2018-12-31": "7.95750", "2017-12-31": "0.55140", "2016-12-31": "1.91760", "2015-12-31": "-1.31800", "2014-12-31": "-0.69900", "2013-12-31": "-0.73020", "2012-12-31": "-23.71460", "2011-12-31": "2.07140", "2010-12-31": "-4.81290", "2009-12-31": "-4.07120", "2008-12-31": "-7.50210", "2007-12-31": "-1.58670", "2006-12-31": "-11.58280", "2005-12-31": "7.66230"}, "ROI - Return On Investment": {"2019-12-31": "20.91770", "2018-12-31": "12.35130", "2017-12-31": "0.96980", "2016-12-31": "2.85530", "2015-12-31": "-1.99270", "2014-12-31": "-1.15560", "2013-12-31": "-1.12290", "2012-12-31": "-36.57620", "2011-12-31": "2.82510", "2010-12-31": "-6.56190", "2009-12-31": "-5.62690", "2008-12-31": "-10.22240", "2007-12-31": "-2.14940", "2006-12-31": "-14.78530", "2005-12-31": "10.21800"}, "Book Value Per Share": {"2019-12-31": "9.94820", "2018-12-31": "6.30230", "2017-12-31": "5.10520", "2016-12-31": "4.94310", "2015-12-31": "4.69310", "2014-12-31": "4.86420", "2013-12-31": "4.94520", "2012-12-31": "5.06740", "2011-12-31": "7.83480", "2010-12-31": "7.42780", "2009-12-31": "8.14230", "2008-12-31": "8.77310", "2007-12-31": "10.12380", "2006-12-31": "10.37380", "2005-12-31": "5.21970"}, "Operating Cash Flow Per Share": {"2019-12-31": 1.0804, "2018-12-31": -0.8027, "2017-12-31": 0.1656, "2016-12-31": 0.3431, "2015-12-31": -0.443, "2014-12-31": 0.1306, "2013-12-31": -0.0823, "2012-12-31": 0.2463, "2011-12-31": 0.4495, "2010-12-31": -0.3397, "2009-12-31": -0.2577, "2008-12-31": 0.1833, "2007-12-31": -0.8203, "2006-12-31": 0.3704, "2005-12-31": 1.0781}, "Free Cash Flow Per Share": {"2019-12-31": 0.974, "2018-12-31": -0.7892, "2017-12-31": 0.1886, "2016-12-31": 0.2753, "2015-12-31": -0.4317, "2014-12-31": 0.0782, "2013-12-31": -0.0761, "2012-12-31": 0.2866, "2011-12-31": 0.4358, "2010-12-31": -0.312, "2009-12-31": -0.221, "2008-12-31": 0.167, "2007-12-31": -0.7907, "2006-12-31": 0.5013, "2005-12-31": 0.6936}}, "financial ratios, quarterly": {"Current Ratio": {"2020-09-30": "1.86550", "2020-06-30": "1.86710", "2020-03-31": "1.21300", "2019-12-31": "0.96570", "2019-09-30": "1.13940", "2019-06-30": "1.30600", "2019-03-31": "1.39180", "2018-12-31": "0.76100", "2018-09-30": "0.78140", "2018-06-30": "0.82660", "2018-03-31": "0.81800", "2017-12-31": "0.67600", "2017-09-30": "0.72040", "2017-06-30": "0.74930", "2017-03-31": "0.86700", "2016-12-31": "0.90300", "2016-09-30": "1.05470", "2016-06-30": "1.04650", "2016-03-31": "1.21320", "2015-12-31": "1.42840", "2015-09-30": "1.54690", "2015-06-30": "1.94790", "2015-03-31": "1.29480", "2014-12-31": "1.26700", "2014-09-30": "1.74450", "2014-06-30": "1.81270", "2014-03-31": "1.70800", "2013-12-31": "1.65080", "2013-09-30": "1.85330", "2013-06-30": "1.41220", "2013-03-31": "1.89610", "2012-12-31": "1.70540", "2012-09-30": "1.74820", "2012-06-30": "1.73410", "2012-03-31": "1.85200", "2011-12-31": "1.71830", "2011-09-30": "1.70270", "2011-06-30": "1.66440", "2011-03-31": "1.74950", "2010-12-31": "1.38560", "2010-09-30": "1.20340", "2010-06-30": "1.07090", "2010-03-31": "1.28630", "2009-12-31": "1.52180", "2009-09-30": "1.56230", "2009-06-30": "1.74400", "2009-03-31": "1.88150", "2008-12-31": "1.68640", "2008-09-30": "1.49430", "2008-06-30": "1.70280", "2008-03-31": "1.54470", "2007-12-31": "1.82800", "2007-09-30": "1.38830", "2007-06-30": "1.66250", "2007-03-31": "1.93420", "2006-12-31": "2.29190", "2006-09-30": "1.93840", "2006-06-30": "2.02720", "2006-03-31": "1.41180", "2005-12-31": "1.77890", "2005-09-30": "2.41770", "2005-06-30": "1.54610", "2005-03-31": "1.54540"}, "Long-term Debt / Capital": {"2020-09-30": "0.37470", "2020-06-30": "0.37270", "2020-03-31": "0.40330", "2019-12-31": "0.38240", "2019-09-30": "0.49720", "2019-06-30": "0.44610", "2019-03-31": "0.45120", "2018-12-31": "0.35500", "2018-09-30": "0.36700", "2018-06-30": "0.38300", "2018-03-31": "0.40590", "2017-12-31": "0.35240", "2017-09-30": "0.36790", "2017-06-30": "0.39970", "2017-03-31": "0.43850", "2016-12-31": "0.44600", "2016-09-30": "0.44370", "2016-06-30": "0.45410", "2016-03-31": "0.45650", "2015-12-31": "0.47310", "2015-09-30": "0.47480", "2015-06-30": "0.43510", "2015-03-31": "0.37160", "2014-12-31": "0.37300", "2014-09-30": "0.38800", "2014-06-30": "0.39380", "2014-03-31": "0.39380", "2013-12-31": "0.39320", "2013-09-30": "0.39280", "2013-06-30": "0.35580", "2013-03-31": "0.39520", "2012-12-31": "0.38230", "2012-09-30": "0.38380", "2012-06-30": "0.35500", "2012-03-31": "0.27190", "2011-12-31": "0.27270", "2011-09-30": "0.26990", "2011-06-30": "0.26670", "2011-03-31": "0.29120", "2010-12-31": "0.30400", "2010-09-30": "0.31740", "2010-06-30": "0.32240", "2010-03-31": "0.34470", "2009-12-31": "0.32470", "2009-09-30": "0.30280", "2009-06-30": "0.30620", "2009-03-31": "0.31980", "2008-12-31": "0.33860", "2008-09-30": "0.30130", "2008-06-30": "0.30970", "2008-03-31": "0.32200", "2007-12-31": "0.34450", "2007-09-30": "0.33740", "2007-06-30": "0.34300", "2007-03-31": "0.36400", "2006-12-31": "0.36770", "2006-09-30": "0.37200", "2006-06-30": "0.37400", "2006-03-31": "0.28220", "2005-12-31": "0.30330", "2005-09-30": "0.38380", "2005-06-30": "0.26470", "2005-03-31": "0.20250"}, "Debt/Equity Ratio": {"2020-09-30": "0.59980", "2020-06-30": "0.61040", "2020-03-31": "0.74870", "2019-12-31": "0.72120", "2019-09-30": "1.12250", "2019-06-30": "1.01220", "2019-03-31": "0.99950", "2018-12-31": "0.80860", "2018-09-30": "0.79940", "2018-06-30": "0.83850", "2018-03-31": "0.82010", "2017-12-31": "0.80090", "2017-09-30": "0.74880", "2017-06-30": "0.80650", "2017-03-31": "0.78180", "2016-12-31": "0.81450", "2016-09-30": "0.83690", "2016-06-30": "0.87250", "2016-03-31": "0.87920", "2015-12-31": "0.89830", "2015-09-30": "0.91400", "2015-06-30": "0.77690", "2015-03-31": "0.65650", "2014-12-31": "0.65730", "2014-09-30": "0.63450", "2014-06-30": "0.65020", "2014-03-31": "0.65030", "2013-12-31": "0.64840", "2013-09-30": "0.64740", "2013-06-30": "0.64390", "2013-03-31": "0.65420", "2012-12-31": "0.61950", "2012-09-30": "0.62320", "2012-06-30": "0.55090", "2012-03-31": "0.37370", "2011-12-31": "0.37530", "2011-09-30": "0.37000", "2011-06-30": "0.36400", "2011-03-31": "0.43310", "2010-12-31": "0.48140", "2010-09-30": "0.54690", "2010-06-30": "0.55380", "2010-03-31": "0.54920", "2009-12-31": "0.48110", "2009-09-30": "0.45350", "2009-06-30": "0.46590", "2009-03-31": "0.47050", "2008-12-31": "0.51200", "2008-09-30": "0.43170", "2008-06-30": "0.46590", "2008-03-31": "0.49170", "2007-12-31": "0.54240", "2007-09-30": "0.52570", "2007-06-30": "0.56350", "2007-03-31": "0.57270", "2006-12-31": "0.58190", "2006-09-30": "0.59260", "2006-06-30": "0.59770", "2006-03-31": "0.56560", "2005-12-31": "0.47170", "2005-09-30": "0.64450", "2005-06-30": "0.48760", "2005-03-31": "0.35190"}, "Gross Margin": {"2020-09-30": "67.31850", "2020-06-30": "60.50920", "2020-03-31": "68.30520", "2019-12-31": "70.73000", "2019-09-30": "71.29660", "2019-06-30": "71.18970", "2019-03-31": "70.71800", "2018-12-31": "71.57360", "2018-09-30": "71.87630", "2018-06-30": "70.32130", "2018-03-31": "71.75280", "2017-12-31": "72.02160", "2017-09-30": "71.33210", "2017-06-30": "71.99820", "2017-03-31": "69.90740", "2016-12-31": "71.79370", "2016-09-30": "71.78150", "2016-06-30": "69.94360", "2016-03-31": "70.82490", "2015-12-31": "70.98080", "2015-09-30": "71.45130", "2015-06-30": "70.70000", "2015-03-31": "70.58820", "2014-12-31": "70.32330", "2014-09-30": "70.20590", "2014-06-30": "69.94130", "2014-03-31": "69.72940", "2013-12-31": "69.74970", "2013-09-30": "70.60520", "2013-06-30": "70.70210", "2013-03-31": "67.17770", "2012-12-31": "68.02200", "2012-09-30": "67.83860", "2012-06-30": "68.38070", "2012-03-31": "66.18440", "2011-12-31": "64.28570", "2011-09-30": "63.71400", "2011-06-30": "65.16460", "2011-03-31": "67.22080", "2010-12-31": "67.08290", "2010-09-30": "67.48430", "2010-06-30": "66.07880", "2010-03-31": "66.17350", "2009-12-31": "65.84900", "2009-09-30": "68.93830", "2009-06-30": "69.62390", "2009-03-31": "69.80100", "2008-12-31": "68.53150", "2008-09-30": "66.88570", "2008-06-30": "70.15810", "2008-03-31": "71.65200", "2007-12-31": "70.44610", "2007-09-30": "71.92380", "2007-06-30": "72.81510", "2007-03-31": "72.77090", "2006-12-31": "74.52790", "2006-09-30": "68.90420", "2006-06-30": "67.91470", "2006-03-31": "76.91360", "2005-12-31": "77.79220", "2005-09-30": "77.29980", "2005-06-30": "77.92210", "2005-03-31": "78.69970"}, "Operating Margin": {"2020-09-30": "-7.74730", "2020-06-30": "-3.49480", "2020-03-31": "5.74130", "2019-12-31": "7.19700", "2019-09-30": "14.14850", "2019-06-30": "14.59520", "2019-03-31": "21.70080", "2018-12-31": "12.41700", "2018-09-30": "16.25570", "2018-06-30": "15.70280", "2018-03-31": "17.15010", "2017-12-31": "13.24200", "2017-09-30": "16.96670", "2017-06-30": "9.96900", "2017-03-31": "16.85190", "2016-12-31": "6.38980", "2016-09-30": "16.53210", "2016-06-30": "-15.71030", "2016-03-31": "14.91850", "2015-12-31": "-11.47620", "2015-09-30": "-15.83690", "2015-06-30": "11.88280", "2015-03-31": "1.35750", "2014-12-31": "-26.12610", "2014-09-30": "3.46700", "2014-06-30": "-3.68390", "2014-03-31": "11.10490", "2013-12-31": "6.90970", "2013-09-30": "5.93660", "2013-06-30": "12.16140", "2013-03-31": "-18.73940", "2012-12-31": "6.42860", "2012-09-30": "-34.23630", "2012-06-30": "-196.22540", "2012-03-31": "10.50380", "2011-12-31": "9.25320", "2011-09-30": "9.28500", "2011-06-30": "12.00000", "2011-03-31": "16.72730", "2010-12-31": "17.38260", "2010-09-30": "13.10020", "2010-06-30": "11.98130", "2010-03-31": "-75.81630", "2009-12-31": "-59.21120", "2009-09-30": "2.51850", "2009-06-30": "13.25940", "2009-03-31": "0.54730", "2008-12-31": "-120.67930", "2008-09-30": "1.41560", "2008-06-30": "14.97040", "2008-03-31": "28.34800", "2007-12-31": "-19.93490", "2007-09-30": "-7.17770", "2007-06-30": "13.52000", "2007-03-31": "13.51870", "2006-12-31": "13.75300", "2006-09-30": "9.62490", "2006-06-30": "-186.01900", "2006-03-31": "30.67900", "2005-12-31": "30.19480", "2005-09-30": "-22.23690", "2005-06-30": "20.16080", "2005-03-31": "31.76470"}, "EBIT Margin": {"2020-09-30": "-7.74730", "2020-06-30": "-3.49480", "2020-03-31": "5.74130", "2019-12-31": "7.19700", "2019-09-30": "14.14850", "2019-06-30": "14.59520", "2019-03-31": "21.70080", "2018-12-31": "12.41700", "2018-09-30": "16.25570", "2018-06-30": "15.70280", "2018-03-31": "17.15010", "2017-12-31": "13.24200", "2017-09-30": "16.96670", "2017-06-30": "9.96900", "2017-03-31": "16.85190", "2016-12-31": "6.38980", "2016-09-30": "16.53210", "2016-06-30": "-15.71030", "2016-03-31": "14.91850", "2015-12-31": "-11.47620", "2015-09-30": "-15.83690", "2015-06-30": "11.88280", "2015-03-31": "1.35750", "2014-12-31": "-26.12610", "2014-09-30": "3.46700", "2014-06-30": "-3.68390", "2014-03-31": "11.10490", "2013-12-31": "6.90970", "2013-09-30": "5.93660", "2013-06-30": "12.16140", "2013-03-31": "-18.73940", "2012-12-31": "6.42860", "2012-09-30": "-34.23630", "2012-06-30": "-196.22540", "2012-03-31": "10.50380", "2011-12-31": "9.25320", "2011-09-30": "9.28500", "2011-06-30": "12.00000", "2011-03-31": "16.72730", "2010-12-31": "17.38260", "2010-09-30": "13.10020", "2010-06-30": "11.98130", "2010-03-31": "-75.81630", "2009-12-31": "-59.21120", "2009-09-30": "2.51850", "2009-06-30": "13.25940", "2009-03-31": "0.54730", "2008-12-31": "-120.67930", "2008-09-30": "1.41560", "2008-06-30": "14.97040", "2008-03-31": "28.34800", "2007-12-31": "-19.93490", "2007-09-30": "-7.17770", "2007-06-30": "13.52000", "2007-03-31": "13.51870", "2006-12-31": "13.75300", "2006-09-30": "9.62490", "2006-06-30": "-186.01900", "2006-03-31": "30.67900", "2005-12-31": "30.19480", "2005-09-30": "-22.23690", "2005-06-30": "20.16080", "2005-03-31": "31.76470"}, "EBITDA Margin": {"2020-09-30": "", "2020-06-30": "", "2020-03-31": "", "2019-12-31": "", "2019-09-30": "", "2019-06-30": "", "2019-03-31": "", "2018-12-31": "", "2018-09-30": "", "2018-06-30": "", "2018-03-31": "", "2017-12-31": "", "2017-09-30": "", "2017-06-30": "", "2017-03-31": "", "2016-12-31": "", "2016-09-30": "", "2016-06-30": "", "2016-03-31": "", "2015-12-31": "", "2015-09-30": "", "2015-06-30": "", "2015-03-31": "", "2014-12-31": "", "2014-09-30": "", "2014-06-30": "", "2014-03-31": "", "2013-12-31": "", "2013-09-30": "", "2013-06-30": "", "2013-03-31": "", "2012-12-31": "", "2012-09-30": "", "2012-06-30": "", "2012-03-31": "", "2011-12-31": "", "2011-09-30": "", "2011-06-30": "", "2011-03-31": "", "2010-12-31": "", "2010-09-30": "", "2010-06-30": "", "2010-03-31": "", "2009-12-31": "", "2009-09-30": "", "2009-06-30": "", "2009-03-31": "", "2008-12-31": "", "2008-09-30": "", "2008-06-30": "", "2008-03-31": "", "2007-12-31": "", "2007-09-30": "", "2007-06-30": "", "2007-03-31": "", "2006-12-31": "", "2006-09-30": "", "2006-06-30": "", "2006-03-31": "", "2005-12-31": "", "2005-09-30": "", "2005-06-30": "", "2005-03-31": ""}, "Pre-Tax Profit Margin": {"2020-09-30": "-8.53700", "2020-06-30": "-9.03640", "2020-03-31": "0.86510", "2019-12-31": "-0.20660", "2019-09-30": "3.36170", "2019-06-30": "5.51120", "2019-03-31": "18.33130", "2018-12-31": "11.55800", "2018-09-30": "19.05560", "2018-06-30": "13.93570", "2018-03-31": "13.57710", "2017-12-31": "9.46450", "2017-09-30": "13.90640", "2017-06-30": "4.03190", "2017-03-31": "14.12040", "2016-12-31": "4.06210", "2016-09-30": "12.20900", "2016-06-30": "-18.67360", "2016-03-31": "11.60900", "2015-12-31": "-17.03740", "2015-09-30": "-19.43860", "2015-06-30": "5.69720", "2015-03-31": "-2.88460", "2014-12-31": "-29.35880", "2014-09-30": "0.16250", "2014-06-30": "-5.55260", "2014-03-31": "8.23000", "2013-12-31": "3.21000", "2013-09-30": "-2.30550", "2013-06-30": "8.40240", "2013-03-31": "-22.37370", "2012-12-31": "2.80220", "2012-09-30": "-38.21330", "2012-06-30": "-197.92120", "2012-03-31": "6.59160", "2011-12-31": "5.41130", "2011-09-30": "5.92320", "2011-06-30": "8.00000", "2011-03-31": "14.18180", "2010-12-31": "11.48850", "2010-09-30": "8.50730", "2010-06-30": "6.17220", "2010-03-31": "-80.35710", "2009-12-31": "-64.79080", "2009-09-30": "-2.17280", "2009-06-30": "8.67890", "2009-03-31": "-4.82590", "2008-12-31": "-126.12390", "2008-09-30": "-3.43780", "2008-06-30": "4.94070", "2008-03-31": "22.58060", "2007-12-31": "-27.64870", "2007-09-30": "-12.64650", "2007-06-30": "6.08400", "2007-03-31": "7.62220", "2006-12-31": "8.18400", "2006-09-30": "2.51730", "2006-06-30": "-198.38860", "2006-03-31": "26.60490", "2005-12-31": "28.44160", "2005-09-30": "-23.29580", "2005-06-30": "19.23320", "2005-03-31": "30.58820"}, "Net Profit Margin": {"2020-09-30": "-6.35580", "2020-06-30": "-7.63850", "2020-03-31": "0.43260", "2019-12-31": "137.60330", "2019-09-30": "4.65460", "2019-06-30": "5.85330", "2019-03-31": "17.00760", "2018-12-31": "15.07220", "2018-09-30": "18.05270", "2018-06-30": "22.28920", "2018-03-31": "12.52630", "2017-12-31": "-25.52930", "2017-09-30": "12.73630", "2017-06-30": "6.46880", "2017-03-31": "13.42590", "2016-12-31": "5.65950", "2016-09-30": "10.83140", "2016-06-30": "-9.73660", "2016-03-31": "10.28510", "2015-12-31": "-7.17900", "2015-09-30": "-10.48730", "2015-06-30": "5.53450", "2015-03-31": "-0.05660", "2014-12-31": "-15.84530", "2014-09-30": "2.32940", "2014-06-30": "0.21360", "2014-03-31": "7.49720", "2013-12-31": "5.87600", "2013-09-30": "-0.28820", "2013-06-30": "7.18630", "2013-03-31": "-20.10220", "2012-12-31": "3.35160", "2012-09-30": "-38.27090", "2012-06-30": "-195.73300", "2012-03-31": "6.05570", "2011-12-31": "5.79000", "2011-09-30": "7.57740", "2011-06-30": "7.39240", "2011-03-31": "2.38960", "2010-12-31": "11.78820", "2010-09-30": "9.91650", "2010-06-30": "5.08300", "2010-03-31": "-81.07140", "2009-12-31": "-51.75570", "2009-09-30": "-4.64200", "2009-06-30": "7.61810", "2009-03-31": "-0.64680", "2008-12-31": "-118.98100", "2008-09-30": "-3.74120", "2008-06-30": "4.84190", "2008-03-31": "15.73800", "2007-12-31": "-21.28250", "2007-09-30": "-13.28130", "2007-06-30": "5.55290", "2007-03-31": "5.75260", "2006-12-31": "13.41400", "2006-09-30": "3.75120", "2006-06-30": "-201.99050", "2006-03-31": "20.49380", "2005-12-31": "21.68830", "2005-09-30": "-17.80280", "2005-06-30": "12.67780", "2005-03-31": "22.16720"}, "Asset Turnover": {"2020-09-30": "0.08620", "2020-06-30": "0.06500", "2020-03-31": "0.08440", "2019-12-31": "0.09500", "2019-09-30": "0.10120", "2019-06-30": "0.10820", "2019-03-31": "0.10470", "2018-12-31": "0.12200", "2018-09-30": "0.11740", "2018-06-30": "0.12690", "2018-03-31": "0.12390", "2017-12-31": "0.12650", "2017-09-30": "0.11920", "2017-06-30": "0.12280", "2017-03-31": "0.12040", "2016-12-31": "0.12110", "2016-09-30": "0.11890", "2016-06-30": "0.11920", "2016-03-31": "0.11080", "2015-12-31": "0.10910", "2015-09-30": "0.10370", "2015-06-30": "0.10760", "2015-03-31": "0.10730", "2014-12-31": "0.11080", "2014-09-30": "0.11040", "2014-06-30": "0.11370", "2014-03-31": "0.10860", "2013-12-31": "0.11090", "2013-09-30": "0.10260", "2013-06-30": "0.10640", "2013-03-31": "0.10510", "2012-12-31": "0.10610", "2012-09-30": "0.10270", "2012-06-30": "0.10260", "2012-03-31": "0.08810", "2011-12-31": "0.08680", "2011-09-30": "0.08720", "2011-06-30": "0.09160", "2011-03-31": "0.08720", "2010-12-31": "0.09050", "2010-09-30": "0.08520", "2010-06-30": "0.08380", "2010-03-31": "0.08580", "2009-12-31": "0.08260", "2009-09-30": "0.07720", "2009-06-30": "0.07920", "2009-03-31": "0.07700", "2008-12-31": "0.07380", "2008-09-30": "0.06630", "2008-06-30": "0.06770", "2008-03-31": "0.06740", "2007-12-31": "0.06900", "2007-09-30": "0.06540", "2007-06-30": "0.06620", "2007-03-31": "0.06710", "2006-12-31": "0.06690", "2006-09-30": "0.06590", "2006-06-30": "0.06890", "2006-03-31": "0.17780", "2005-12-31": "0.18790", "2005-09-30": "0.18710", "2005-06-30": "0.20000", "2005-03-31": "0.20650"}, "Inventory Turnover Ratio": {"2020-09-30": "0.59040", "2020-06-30": "0.52180", "2020-03-31": "0.49510", "2019-12-31": "0.53890", "2019-09-30": "0.49620", "2019-06-30": "0.58310", "2019-03-31": "0.59450", "2018-12-31": "0.62610", "2018-09-30": "0.59260", "2018-06-30": "0.67990", "2018-03-31": "0.60380", "2017-12-31": "0.62520", "2017-09-30": "0.59150", "2017-06-30": "0.61780", "2017-03-31": "0.66940", "2016-12-31": "0.64710", "2016-09-30": "0.59520", "2016-06-30": "0.65140", "2016-03-31": "0.56070", "2015-12-31": "0.56500", "2015-09-30": "0.49630", "2015-06-30": "0.55790", "2015-03-31": "0.54280", "2014-12-31": "0.59200", "2014-09-30": "0.55610", "2014-06-30": "0.59330", "2014-03-31": "0.57990", "2013-12-31": "0.61980", "2013-09-30": "0.56980", "2013-06-30": "0.62950", "2013-03-31": "0.67920", "2012-12-31": "0.65840", "2012-09-30": "0.61250", "2012-06-30": "0.64370", "2012-03-31": "0.70980", "2011-12-31": "0.70890", "2011-09-30": "0.69960", "2011-06-30": "0.74220", "2011-03-31": "0.70190", "2010-12-31": "0.73710", "2010-09-30": "0.67500", "2010-06-30": "0.73900", "2010-03-31": "0.73180", "2009-12-31": "0.79690", "2009-09-30": "0.66770", "2009-06-30": "0.71750", "2009-03-31": "0.71240", "2008-12-31": "0.73860", "2008-09-30": "0.76700", "2008-06-30": "0.74380", "2008-03-31": "0.74260", "2007-12-31": "0.87720", "2007-09-30": "0.70640", "2007-06-30": "0.67260", "2007-03-31": "0.71630", "2006-12-31": "0.76900", "2006-09-30": "0.83000", "2006-06-30": "0.84940", "2006-03-31": "0.91890", "2005-12-31": "0.81820", "2005-09-30": "0.80140", "2005-06-30": "0.87070", "2005-03-31": "0.88890"}, "Receiveable Turnover": {"2020-09-30": "1.66400", "2020-06-30": "1.37470", "2020-03-31": "1.61260", "2019-12-31": "1.58860", "2019-09-30": "1.50720", "2019-06-30": "1.53680", "2019-03-31": "1.53790", "2018-12-31": "1.59270", "2018-09-30": "1.51460", "2018-06-30": "1.56900", "2018-03-31": "1.50570", "2017-12-31": "1.55620", "2017-09-30": "1.51160", "2017-06-30": "1.56300", "2017-03-31": "1.51150", "2016-12-31": "1.48850", "2016-09-30": "1.51990", "2016-06-30": "1.53280", "2016-03-31": "1.52130", "2015-12-31": "1.55140", "2015-09-30": "1.48190", "2015-06-30": "1.54230", "2015-03-31": "1.52280", "2014-12-31": "1.59510", "2014-09-30": "1.49720", "2014-06-30": "1.45530", "2014-03-31": "1.45770", "2013-12-31": "1.40630", "2013-09-30": "1.40150", "2013-06-30": "1.41550", "2013-03-31": "1.42940", "2012-12-31": "1.49550", "2012-09-30": "1.44950", "2012-06-30": "1.47060", "2012-03-31": "1.41790", "2011-12-31": "1.48310", "2011-09-30": "1.51500", "2011-06-30": "1.48050", "2011-03-31": "1.44090", "2010-12-31": "1.51670", "2010-09-30": "1.45480", "2010-06-30": "1.46620", "2010-03-31": "1.50650", "2009-12-31": "1.51200", "2009-09-30": "1.41510", "2009-06-30": "1.43630", "2009-03-31": "1.46820", "2008-12-31": "1.42800", "2008-09-30": "1.45980", "2008-06-30": "1.42940", "2008-03-31": "1.36760", "2007-12-31": "1.43280", "2007-09-30": "1.37730", "2007-06-30": "1.37330", "2007-03-31": "1.45370", "2006-12-31": "1.48780", "2006-09-30": "1.38770", "2006-06-30": "1.38910", "2006-03-31": "1.65640", "2005-12-31": "1.65240", "2005-09-30": "1.58890", "2005-06-30": "1.65680", "2005-03-31": "1.69460"}, "Days Sales In Receivables": {"2020-09-30": "54.08800", "2020-06-30": "65.46680", "2020-03-31": "55.81200", "2019-12-31": "56.65290", "2019-09-30": "59.71190", "2019-06-30": "58.56330", "2019-03-31": "58.51990", "2018-12-31": "56.50920", "2018-09-30": "59.42330", "2018-06-30": "57.36150", "2018-03-31": "59.77300", "2017-12-31": "57.83310", "2017-09-30": "59.54100", "2017-06-30": "57.58090", "2017-03-31": "59.54170", "2016-12-31": "60.46550", "2016-09-30": "59.21620", "2016-06-30": "58.71590", "2016-03-31": "59.15990", "2015-12-31": "58.01320", "2015-09-30": "60.73090", "2015-06-30": "58.35590", "2015-03-31": "59.10070", "2014-12-31": "56.42290", "2014-09-30": "60.11380", "2014-06-30": "61.84200", "2014-03-31": "61.74180", "2013-12-31": "63.99890", "2013-09-30": "64.21900", "2013-06-30": "63.58210", "2013-03-31": "62.96420", "2012-12-31": "60.18130", "2012-09-30": "62.09220", "2012-06-30": "61.19800", "2012-03-31": "63.47270", "2011-12-31": "60.68180", "2011-09-30": "59.40770", "2011-06-30": "60.78990", "2011-03-31": "62.46230", "2010-12-31": "59.34070", "2010-09-30": "61.86330", "2010-06-30": "61.38490", "2010-03-31": "59.73980", "2009-12-31": "59.52380", "2009-09-30": "63.60000", "2009-06-30": "62.66150", "2009-03-31": "61.29850", "2008-12-31": "63.02700", "2008-09-30": "61.65320", "2008-06-30": "62.96440", "2008-03-31": "65.80650", "2007-12-31": "62.81600", "2007-09-30": "65.34670", "2007-06-30": "65.53360", "2007-03-31": "61.91280", "2006-12-31": "60.49400", "2006-09-30": "64.85690", "2006-06-30": "64.79150", "2006-03-31": "54.33330", "2005-12-31": "54.46750", "2005-09-30": "56.64460", "2005-06-30": "54.32280", "2005-03-31": "53.10840"}, "ROE - Return On Equity": {"2020-09-30": "-0.99590", "2020-06-30": "-0.94770", "2020-03-31": "0.07240", "2019-12-31": "28.79590", "2019-09-30": "1.29920", "2019-06-30": "1.63410", "2019-03-31": "4.59270", "2018-12-31": "4.42410", "2018-09-30": "5.21170", "2018-06-30": "7.17980", "2018-03-31": "4.22540", "2017-12-31": "-8.75770", "2017-09-30": "3.72960", "2017-06-30": "2.01800", "2017-03-31": "4.11170", "2016-12-31": "1.84170", "2016-09-30": "3.51740", "2016-06-30": "-3.32800", "2016-03-31": "3.12840", "2015-12-31": "-2.24680", "2015-09-30": "-3.08890", "2015-06-30": "1.55020", "2015-03-31": "-0.01540", "2014-12-31": "-4.63060", "2014-09-30": "0.64170", "2014-06-30": "0.06110", "2014-03-31": "2.03550", "2013-12-31": "1.65160", "2013-09-30": "-0.07620", "2013-06-30": "1.96880", "2013-03-31": "-5.44360", "2012-12-31": "0.88790", "2012-09-30": "-9.72470", "2012-06-30": "-46.29920", "2012-03-31": "0.99160", "2011-12-31": "0.94250", "2011-09-30": "1.23250", "2011-06-30": "1.26520", "2011-03-31": "0.40460", "2010-12-31": "2.08920", "2010-09-30": "1.72130", "2010-06-30": "0.89970", "2010-03-31": "-14.73890", "2009-12-31": "-8.74730", "2009-09-30": "-0.70690", "2009-06-30": "1.17790", "2009-03-31": "-0.09790", "2008-12-31": "-18.08110", "2008-09-30": "-0.47160", "2008-06-30": "0.62680", "2008-03-31": "2.09210", "2007-12-31": "-3.03370", "2007-09-30": "-1.75290", "2007-06-30": "0.72780", "2007-03-31": "0.77180", "2006-12-31": "1.81070", "2006-09-30": "0.50610", "2006-06-30": "-28.63090", "2006-03-31": "7.10770", "2005-12-31": "7.80010", "2005-09-30": "-6.89570", "2005-06-30": "4.86130", "2005-03-31": ""}, "Return On Tangible Equity": {"2020-09-30": "11.31390", "2020-06-30": "8.99700", "2020-03-31": "-0.27120", "2019-12-31": "-95.48390", "2019-09-30": "-1.50180", "2019-06-30": "-2.79390", "2019-03-31": "-7.86060", "2018-12-31": "-6.94620", "2018-09-30": "-7.71980", "2018-06-30": "-10.23560", "2018-03-31": "-5.24090", "2017-12-31": "10.54440", "2017-09-30": "-5.57420", "2017-06-30": "-2.62730", "2017-03-31": "-5.40040", "2016-12-31": "-2.12770", "2016-09-30": "-3.89480", "2016-06-30": "3.34680", "2016-03-31": "-3.32130", "2015-12-31": "2.23730", "2015-09-30": "3.14990", "2015-06-30": "-2.12850", "2015-03-31": "0.02040", "2014-12-31": "5.92430", "2014-09-30": "-0.87190", "2014-06-30": "-0.08250", "2014-03-31": "-2.67880", "2013-12-31": "-2.11600", "2013-09-30": "0.10150", "2013-06-30": "-2.61250", "2013-03-31": "6.77380", "2012-12-31": "-1.13130", "2012-09-30": "13.14850", "2012-06-30": "71.63160", "2012-03-31": "-2.37990", "2011-12-31": "-2.19220", "2011-09-30": "-2.95100", "2011-06-30": "-2.97840", "2011-03-31": "-0.88720", "2010-12-31": "-4.50980", "2010-09-30": "-3.25060", "2010-06-30": "-1.60520", "2010-03-31": "25.15830", "2009-12-31": "17.07390", "2009-09-30": "1.56930", "2009-06-30": "-2.63680", "2009-03-31": "0.20760", "2008-12-31": "36.69700", "2008-09-30": "1.08060", "2008-06-30": "-1.37540", "2008-03-31": "-4.28530", "2007-12-31": "5.74660", "2007-09-30": "3.10680", "2007-06-30": "-1.43500", "2007-03-31": "-1.42670", "2006-12-31": "-3.91240", "2006-09-30": "-0.89130", "2006-06-30": "48.09300", "2006-03-31": "35.69890", "2005-12-31": "61.06030", "2005-09-30": "-72.89970", "2005-06-30": "31.58710", "2005-03-31": "35.20160"}, "ROA - Return On Assets": {"2020-09-30": "-0.50250", "2020-06-30": "-0.48020", "2020-03-31": "0.03320", "2019-12-31": "13.07380", "2019-09-30": "0.47090", "2019-06-30": "0.63350", "2019-03-31": "1.78140", "2018-12-31": "1.83820", "2018-09-30": "2.11980", "2018-06-30": "2.83460", "2018-03-31": "1.54670", "2017-12-31": "-3.22450", "2017-09-30": "1.51860", "2017-06-30": "0.79430", "2017-03-31": "1.61620", "2016-12-31": "0.68520", "2016-09-30": "1.28840", "2016-06-30": "-1.16040", "2016-03-31": "1.14010", "2015-12-31": "-0.78310", "2015-09-30": "-1.08700", "2015-06-30": "0.59570", "2015-03-31": "-0.00610", "2014-12-31": "-1.75630", "2014-09-30": "0.25720", "2014-06-30": "0.02430", "2014-03-31": "0.81420", "2013-12-31": "0.65170", "2013-09-30": "-0.02960", "2013-06-30": "0.76490", "2013-03-31": "-2.11180", "2012-12-31": "0.35560", "2012-09-30": "-3.92950", "2012-06-30": "-20.08080", "2012-03-31": "0.53340", "2011-12-31": "0.50260", "2011-09-30": "0.66040", "2011-06-30": "0.67720", "2011-03-31": "0.20840", "2010-12-31": "1.06650", "2010-09-30": "0.84500", "2010-06-30": "0.42570", "2010-03-31": "-6.95310", "2009-12-31": "-4.27370", "2009-09-30": "-0.35840", "2009-06-30": "0.60320", "2009-03-31": "-0.04980", "2008-12-31": "-8.77700", "2008-09-30": "-0.24810", "2008-06-30": "0.32770", "2008-03-31": "1.06110", "2007-12-31": "-1.46810", "2007-09-30": "-0.86810", "2007-06-30": "0.36780", "2007-03-31": "0.38620", "2006-12-31": "0.89700", "2006-09-30": "0.24710", "2006-06-30": "-13.92310", "2006-03-31": "3.64470", "2005-12-31": "4.07520", "2005-09-30": "-3.33090", "2005-06-30": "2.53620", "2005-03-31": "4.57860"}, "ROI - Return On Investment": {"2020-09-30": "-0.62280", "2020-06-30": "-0.59450", "2020-03-31": "0.04320", "2019-12-31": "17.78450", "2019-09-30": "0.65320", "2019-06-30": "0.90500", "2019-03-31": "2.52040", "2018-12-31": "2.85310", "2018-09-30": "3.29900", "2018-06-30": "4.42960", "2018-03-31": "2.50990", "2017-12-31": "-5.67100", "2017-09-30": "2.35750", "2017-06-30": "1.21140", "2017-03-31": "2.30860", "2016-12-31": "1.02030", "2016-09-30": "1.95660", "2016-06-30": "-1.81690", "2016-03-31": "1.70020", "2015-12-31": "-1.18390", "2015-09-30": "-1.62220", "2015-06-30": "0.87560", "2015-03-31": "-0.00970", "2014-12-31": "-2.90350", "2014-09-30": "0.39270", "2014-06-30": "0.03710", "2014-03-31": "1.23390", "2013-12-31": "1.00220", "2013-09-30": "-0.04630", "2013-06-30": "1.26830", "2013-03-31": "-3.29210", "2012-12-31": "0.54850", "2012-09-30": "-5.99280", "2012-06-30": "-29.86400", "2012-03-31": "0.72200", "2011-12-31": "0.68550", "2011-09-30": "0.89990", "2011-06-30": "0.92770", "2011-03-31": "0.28680", "2010-12-31": "1.45410", "2010-09-30": "1.17490", "2010-06-30": "0.60960", "2010-03-31": "-9.65840", "2009-12-31": "-5.90690", "2009-09-30": "-0.49290", "2009-06-30": "0.81720", "2009-03-31": "-0.06660", "2008-12-31": "-11.95960", "2008-09-30": "-0.32950", "2008-06-30": "0.43270", "2008-03-31": "1.41840", "2007-12-31": "-1.98870", "2007-09-30": "-1.16140", "2007-06-30": "0.47810", "2007-03-31": "0.49090", "2006-12-31": "1.14500", "2006-09-30": "0.31790", "2006-06-30": "-17.92410", "2006-03-31": "5.10220", "2005-12-31": "5.43440", "2005-09-30": "-4.24890", "2005-06-30": "3.57450", "2005-03-31": "6.50320"}, "Book Value Per Share": {"2020-09-30": "10.86980", "2020-06-30": "10.92650", "2020-03-31": "9.86490", "2019-12-31": "9.94820", "2019-09-30": "6.95880", "2019-06-30": "6.77310", "2019-03-31": "6.63970", "2018-12-31": "6.30230", "2018-09-30": "5.99040", "2018-06-30": "5.60630", "2018-03-31": "5.09560", "2017-12-31": "5.10520", "2017-09-30": "5.52760", "2017-06-30": "5.27920", "2017-03-31": "5.15160", "2016-12-31": "4.94310", "2016-09-30": "4.76110", "2016-06-30": "4.57790", "2016-03-31": "4.76680", "2015-12-31": "4.69310", "2015-09-30": "4.76630", "2015-06-30": "4.90260", "2015-03-31": "4.85140", "2014-12-31": "4.86420", "2014-09-30": "5.05350", "2014-06-30": "4.94350", "2014-03-31": "4.94080", "2013-12-31": "4.94520", "2013-09-30": "4.90200", "2013-06-30": "4.93000", "2013-03-31": "4.81560", "2012-12-31": "5.06740", "2012-09-30": "4.97350", "2012-06-30": "5.45560", "2012-03-31": "7.94570", "2011-12-31": "7.83480", "2011-09-30": "7.67550", "2011-06-30": "7.54840", "2011-03-31": "7.43940", "2010-12-31": "7.42780", "2010-09-30": "7.26200", "2010-06-30": "7.18110", "2010-03-31": "7.11000", "2009-12-31": "8.14230", "2009-09-30": "8.80450", "2009-06-30": "8.89960", "2009-03-31": "8.81350", "2008-12-31": "8.77310", "2008-09-30": "10.45190", "2008-06-30": "10.43190", "2008-03-31": "10.29140", "2007-12-31": "10.12380", "2007-09-30": "10.49540", "2007-06-30": "10.62420", "2007-03-31": "10.48960", "2006-12-31": "10.37380", "2006-09-30": "10.19190", "2006-06-30": "10.11990", "2006-03-31": "5.68370", "2005-12-31": "5.21970", "2005-09-30": "4.76030", "2005-06-30": "5.14150", "2005-03-31": "5.26920"}, "Operating Cash Flow Per Share": {"2020-09-30": 0.4474, "2020-06-30": 0.1906, "2020-03-31": "-0.05450", "2019-12-31": 0.4915, "2019-09-30": 0.3543, "2019-06-30": 0.2073, "2019-03-31": "0.24850", "2018-12-31": 0.0139, "2018-09-30": 0.3574, "2018-06-30": -0.2883, "2018-03-31": "0.13820", "2017-12-31": 0.4917, "2017-09-30": 0.3237, "2017-06-30": 0.2135, "2017-03-31": "-0.00500", "2016-12-31": 0.4916, "2016-09-30": -0.0289, "2016-06-30": 0.3109, "2016-03-31": "0.08470", "2015-12-31": 0.3136, "2015-09-30": 0.3022, "2015-06-30": 0.0471, "2015-03-31": "-0.14770", "2014-12-31": 0.343, "2014-09-30": 0.2561, "2014-06-30": 0.2123, "2014-03-31": "0.14680", "2013-12-31": 0.2046, "2013-09-30": 0.1931, "2013-06-30": 0.2916, "2013-03-31": "0.13830", "2012-12-31": 0.27, "2012-09-30": 0.205, "2012-06-30": 0.2891, "2012-03-31": "0.14580", "2011-12-31": 0.2312, "2011-09-30": 0.2416, "2011-06-30": 0.2539, "2011-03-31": "-0.06310", "2010-12-31": 0.2952, "2010-09-30": -0.0824, "2010-06-30": 0.1888, "2010-03-31": "-0.18750", "2009-12-31": -0.2174, "2009-09-30": 0.3222, "2009-06-30": 0.2756, "2009-03-31": "0.17340", "2008-12-31": 0.0373, "2008-09-30": 0.4261, "2008-06-30": 0.1708, "2008-03-31": "0.17730", "2007-12-31": 0.208, "2007-09-30": 0.3189, "2007-06-30": 0.1407, "2007-03-31": "-0.03940", "2006-12-31": 0.453, "2006-09-30": 0.2426, "2006-06-30": 0.0737, "2006-03-31": "0.67920", "2005-12-31": 0.5988, "2005-09-30": -0.3303, "2005-06-30": 0.2909, "2005-03-31": "0.51870"}, "Free Cash Flow Per Share": {"2020-09-30": 0.4163, "2020-06-30": 0.1429, "2020-03-31": "-0.12310", "2019-12-31": 0.3608, "2019-09-30": 0.271, "2019-06-30": 0.1427, "2019-03-31": "0.20520", "2018-12-31": -0.052, "2018-09-30": 0.3036, "2018-06-30": -0.3411, "2018-03-31": "0.09520", "2017-12-31": 0.4348, "2017-09-30": 0.281, "2017-06-30": 0.1647, "2017-03-31": "-0.08560", "2016-12-31": 0.37, "2016-09-30": -0.079, "2016-06-30": 0.2525, "2016-03-31": "0.06280", "2015-12-31": 0.2499, "2015-09-30": 0.2493, "2015-06-30": 0.014, "2015-03-31": "-0.18220", "2014-12-31": 0.2811, "2014-09-30": 0.2147, "2014-06-30": 0.1639, "2014-03-31": "0.10300", "2013-12-31": 0.1421, "2013-09-30": 0.1501, "2013-06-30": 0.254, "2013-03-31": "0.13830", "2012-12-31": 0.2385, "2012-09-30": 0.1701, "2012-06-30": 0.2516, "2012-03-31": "0.10040", "2011-12-31": 0.1866, "2011-09-30": 0.1956, "2011-06-30": 0.1999, "2011-03-31": "-0.10810", "2010-12-31": 0.2559, "2010-09-30": -0.1331, "2010-06-30": 0.1491, "2010-03-31": "-0.23370", "2009-12-31": -0.2719, "2009-09-30": 0.2616, "2009-06-30": 0.2269, "2009-03-31": "0.13360", "2008-12-31": -0.1377, "2008-09-30": 0.4511, "2008-06-30": 0.1185, "2008-03-31": "0.13930", "2007-12-31": 0.1485, "2007-09-30": 0.2784, "2007-06-30": 0.0808, "2007-03-31": "-0.10350", "2006-12-31": 0.3427, "2006-09-30": 0.1965, "2006-06-30": 0.0295, "2006-03-31": "0.62620", "2005-12-31": 0.5192, "2005-09-30": -0.4114, "2005-06-30": 0.1835, "2005-03-31": "0.40230"}}, "revenue": {"Boston Scientific Annual Revenue (Millions of US $)": {"2020": "$9,913", "2019": "$10,735", "2018": "$9,823", "2017": "$9,048", "2016": "$8,386", "2015": "$7,477", "2014": "$7,380", "2013": "$7,143", "2012": "$7,249", "2011": "$7,622", "2010": "$7,806", "2009": "$8,188", "2008": "$8,050", "2007": "$8,357", "2006": "$7,821", "2005": "$6,283"}, "Boston Scientific Quarterly Revenue (Millions of US $)": {"2020-12-31": "$2,708", "2020-09-30": "$2,659", "2020-06-30": "$2,003", "2020-03-31": "$2,543", "2019-12-31": "$2,904", "2019-09-30": "$2,707", "2019-06-30": "$2,631", "2019-03-31": "$2,493", "2018-12-31": "$2,561", "2018-09-30": "$2,393", "2018-06-30": "$2,490", "2018-03-31": "$2,379", "2017-12-31": "$2,409", "2017-09-30": "$2,222", "2017-06-30": "$2,257", "2017-03-31": "$2,160", "2016-12-31": "$2,191", "2016-09-30": "$2,105", "2016-06-30": "$2,126", "2016-03-31": "$1,964", "2015-12-31": "$1,978", "2015-09-30": "$1,888", "2015-06-30": "$1,843", "2015-03-31": "$1,768", "2014-12-31": "$1,887", "2014-09-30": "$1,846", "2014-06-30": "$1,873", "2014-03-31": "$1,774", "2013-12-31": "$1,838", "2013-09-30": "$1,735", "2013-06-30": "$1,809", "2013-03-31": "$1,761", "2012-12-31": "$1,820", "2012-09-30": "$1,735", "2012-06-30": "$1,828", "2012-03-31": "$1,866", "2011-12-31": "$1,848", "2011-09-30": "$1,874", "2011-06-30": "$1,975", "2011-03-31": "$1,925", "2010-12-31": "$2,002", "2010-09-30": "$1,916", "2010-06-30": "$1,928", "2010-03-31": "$1,960", "2009-12-31": "$2,079", "2009-09-30": "$2,025", "2009-06-30": "$2,074", "2009-03-31": "$2,010", "2008-12-31": "$2,002", "2008-09-30": "$1,978", "2008-06-30": "$2,024", "2008-03-31": "$2,046", "2007-12-31": "$2,152", "2007-09-30": "$2,048", "2007-06-30": "$2,071", "2007-03-31": "$2,086", "2006-12-31": "$2,065", "2006-09-30": "$2,026", "2006-06-30": "$2,110", "2006-03-31": "$1,620", "2005-12-31": "$1,540", "2005-09-30": "$1,511", "2005-06-30": "$1,617", "2005-03-31": "$1,615"}}, "gross-profit": {"Boston Scientific Annual Gross Profit (Millions of US $)": {"2020": "$6,448", "2019": "$7,619", "2018": "$7,010", "2017": "$6,455", "2016": "$5,962", "2015": "$5,304", "2014": "$5,170", "2013": "$4,969", "2012": "$4,900", "2011": "$4,963", "2010": "$5,207", "2009": "$5,612", "2008": "$5,581", "2007": "$6,015", "2006": "$5,614", "2005": "$4,897"}, "Boston Scientific Quarterly Gross Profit (Millions of US $)": {"2020-12-31": "$1,708", "2020-09-30": "$1,790", "2020-06-30": "$1,212", "2020-03-31": "$1,737", "2019-12-31": "$2,053", "2019-09-30": "$1,930", "2019-06-30": "$1,873", "2019-03-31": "$1,763", "2018-12-31": "$1,831", "2018-09-30": "$1,721", "2018-06-30": "$1,751", "2018-03-31": "$1,707", "2017-12-31": "$1,735", "2017-09-30": "$1,585", "2017-06-30": "$1,625", "2017-03-31": "$1,510", "2016-12-31": "$1,573", "2016-09-30": "$1,511", "2016-06-30": "$1,487", "2016-03-31": "$1,391", "2015-12-31": "$1,404", "2015-09-30": "$1,349", "2015-06-30": "$1,303", "2015-03-31": "$1,248", "2014-12-31": "$1,327", "2014-09-30": "$1,296", "2014-06-30": "$1,310", "2014-03-31": "$1,237", "2013-12-31": "$1,282", "2013-09-30": "$1,225", "2013-06-30": "$1,279", "2013-03-31": "$1,183", "2012-12-31": "$1,238", "2012-09-30": "$1,177", "2012-06-30": "$1,250", "2012-03-31": "$1,235", "2011-12-31": "$1,188", "2011-09-30": "$1,194", "2011-06-30": "$1,287", "2011-03-31": "$1,294", "2010-12-31": "$1,343", "2010-09-30": "$1,293", "2010-06-30": "$1,274", "2010-03-31": "$1,297", "2009-12-31": "$1,369", "2009-09-30": "$1,396", "2009-06-30": "$1,444", "2009-03-31": "$1,403", "2008-12-31": "$1,372", "2008-09-30": "$1,323", "2008-06-30": "$1,420", "2008-03-31": "$1,466", "2007-12-31": "$1,516", "2007-09-30": "$1,473", "2007-06-30": "$1,508", "2007-03-31": "$1,518", "2006-12-31": "$1,539", "2006-09-30": "$1,396", "2006-06-30": "$1,433", "2006-03-31": "$1,246", "2005-12-31": "$1,198", "2005-09-30": "$1,168", "2005-06-30": "$1,260", "2005-03-31": "$1,271"}}, "operating-income": {"Boston Scientific Annual Operating Income (Millions of US $)": {"2020": "$-137", "2019": "$1,517", "2018": "$1,506", "2017": "$1,285", "2016": "$447", "2015": "$-283", "2014": "$-301", "2013": "$120", "2012": "$-3,868", "2011": "$904", "2010": "$-656", "2009": "$-894", "2008": "$-1,505", "2007": "$-14", "2006": "$-2,949", "2005": "$968"}, "Boston Scientific Quarterly Operating Income (Millions of US $)": {"2020-12-31": "$-8", "2020-09-30": "$-206", "2020-06-30": "$-70", "2020-03-31": "$146", "2019-12-31": "$209", "2019-09-30": "$383", "2019-06-30": "$384", "2019-03-31": "$541", "2018-12-31": "$318", "2018-09-30": "$389", "2018-06-30": "$391", "2018-03-31": "$408", "2017-12-31": "$319", "2017-09-30": "$377", "2017-06-30": "$225", "2017-03-31": "$364", "2016-12-31": "$140", "2016-09-30": "$348", "2016-06-30": "$-334", "2016-03-31": "$293", "2015-12-31": "$-227", "2015-09-30": "$-299", "2015-06-30": "$219", "2015-03-31": "$24", "2014-12-31": "$-493", "2014-09-30": "$64", "2014-06-30": "$-69", "2014-03-31": "$197", "2013-12-31": "$127", "2013-09-30": "$103", "2013-06-30": "$220", "2013-03-31": "$-330", "2012-12-31": "$117", "2012-09-30": "$-594", "2012-06-30": "$-3,587", "2012-03-31": "$196", "2011-12-31": "$171", "2011-09-30": "$174", "2011-06-30": "$237", "2011-03-31": "$322", "2010-12-31": "$348", "2010-09-30": "$251", "2010-06-30": "$231", "2010-03-31": "$-1,486", "2009-12-31": "$-1,231", "2009-09-30": "$51", "2009-06-30": "$275", "2009-03-31": "$11", "2008-12-31": "$-2,416", "2008-09-30": "$28", "2008-06-30": "$303", "2008-03-31": "$580", "2007-12-31": "$-429", "2007-09-30": "$-147", "2007-06-30": "$280", "2007-03-31": "$282", "2006-12-31": "$284", "2006-09-30": "$195", "2006-06-30": "$-3,925", "2006-03-31": "$497", "2005-12-31": "$465", "2005-09-30": "$-336", "2005-06-30": "$326", "2005-03-31": "$513"}}, "ebitda": {"Boston Scientific Annual EBITDA (Millions of US $)": {"2019": "$2,633", "2018": "$2,435", "2017": "$2,133", "2016": "$1,273", "2015": "$505", "2014": "$619", "2013": "$1,285", "2012": "$1,307", "2011": "$2,339", "2010": "$2,042", "2009": "$-48", "2008": "$2,149", "2007": "$925", "2006": "$-2,168", "2005": "$1,282"}, "Boston Scientific Quarterly EBITDA (Millions of US $)": {"2020-09-30": "$-206", "2020-06-30": "$-70", "2020-03-31": "$146", "2019-12-31": "$209", "2019-09-30": "$383", "2019-06-30": "$384", "2019-03-31": "$541", "2018-12-31": "$318", "2018-09-30": "$389", "2018-06-30": "$391", "2018-03-31": "$408", "2017-12-31": "$319", "2017-09-30": "$377", "2017-06-30": "$225", "2017-03-31": "$364", "2016-12-31": "$140", "2016-09-30": "$348", "2016-06-30": "$-334", "2016-03-31": "$293", "2015-12-31": "$-227", "2015-09-30": "$-299", "2015-06-30": "$219", "2015-03-31": "$24", "2014-12-31": "$-493", "2014-09-30": "$64", "2014-06-30": "$-69", "2014-03-31": "$197", "2013-12-31": "$127", "2013-09-30": "$103", "2013-06-30": "$220", "2013-03-31": "$-330", "2012-12-31": "$117", "2012-09-30": "$-594", "2012-06-30": "$-3,587", "2012-03-31": "$196", "2011-12-31": "$171", "2011-09-30": "$174", "2011-06-30": "$237", "2011-03-31": "$322", "2010-12-31": "$348", "2010-09-30": "$251", "2010-06-30": "$231", "2010-03-31": "$-1,486", "2009-12-31": "$-1,231", "2009-09-30": "$51", "2009-06-30": "$275", "2009-03-31": "$11", "2008-12-31": "$-2,416", "2008-09-30": "$28", "2008-06-30": "$303", "2008-03-31": "$580", "2007-12-31": "$-429", "2007-09-30": "$-147", "2007-06-30": "$280", "2007-03-31": "$282", "2006-12-31": "$284", "2006-09-30": "$195", "2006-06-30": "$-3,925", "2006-03-31": "$497", "2005-12-31": "$465", "2005-09-30": "$-336", "2005-06-30": "$326", "2005-03-31": "$513"}}, "net-income": {"Boston Scientific Annual Net Income (Millions of US $)": {"2020": "$-173", "2019": "$4,700", "2018": "$1,671", "2017": "$104", "2016": "$347", "2015": "$-239", "2014": "$-119", "2013": "$-121", "2012": "$-4,068", "2011": "$441", "2010": "$-1,065", "2009": "$-1,025", "2008": "$-2,036", "2007": "$-495", "2006": "$-3,577", "2005": "$628"}, "Boston Scientific Quarterly Net Income (Millions of US $)": {"2020-12-31": "$138", "2020-09-30": "$-169", "2020-06-30": "$-153", "2020-03-31": "$11", "2019-12-31": "$3,996", "2019-09-30": "$126", "2019-06-30": "$154", "2019-03-31": "$424", "2018-12-31": "$386", "2018-09-30": "$432", "2018-06-30": "$555", "2018-03-31": "$298", "2017-12-31": "$-615", "2017-09-30": "$283", "2017-06-30": "$146", "2017-03-31": "$290", "2016-12-31": "$124", "2016-09-30": "$228", "2016-06-30": "$-207", "2016-03-31": "$202", "2015-12-31": "$-142", "2015-09-30": "$-198", "2015-06-30": "$102", "2015-03-31": "$-1", "2014-12-31": "$-299", "2014-09-30": "$43", "2014-06-30": "$4", "2014-03-31": "$133", "2013-12-31": "$108", "2013-09-30": "$-5", "2013-06-30": "$130", "2013-03-31": "$-354", "2012-12-31": "$61", "2012-09-30": "$-664", "2012-06-30": "$-3,578", "2012-03-31": "$113", "2011-12-31": "$107", "2011-09-30": "$142", "2011-06-30": "$146", "2011-03-31": "$46", "2010-12-31": "$236", "2010-09-30": "$190", "2010-06-30": "$98", "2010-03-31": "$-1,589", "2009-12-31": "$-1,076", "2009-09-30": "$-94", "2009-06-30": "$158", "2009-03-31": "$-13", "2008-12-31": "$-2,382", "2008-09-30": "$-74", "2008-06-30": "$98", "2008-03-31": "$322", "2007-12-31": "$-458", "2007-09-30": "$-272", "2007-06-30": "$115", "2007-03-31": "$120", "2006-12-31": "$277", "2006-09-30": "$76", "2006-06-30": "$-4,262", "2006-03-31": "$332", "2005-12-31": "$334", "2005-09-30": "$-269", "2005-06-30": "$205", "2005-03-31": "$358"}}, "eps-earnings-per-share-diluted": {"Boston Scientific Annual EPS": {"2020": "$-0.12", "2019": "$3.33", "2018": "$1.19", "2017": "$0.08", "2016": "$0.25", "2015": "$-0.18", "2014": "$-0.09", "2013": "$-0.09", "2012": "$-2.89", "2011": "$0.29", "2010": "$-0.70", "2009": "$-0.68", "2008": "$-1.36", "2007": "$-0.33", "2006": "$-2.81", "2005": "$0.75"}, "Boston Scientific Quarterly EPS": {"2020-12-31": "$0.10", "2020-09-30": "$-0.12", "2020-06-30": "$-0.11", "2020-03-31": "$0.01", "2019-12-31": "$2.83", "2019-09-30": "$0.09", "2019-06-30": "$0.11", "2019-03-31": "$0.30", "2018-12-31": "$0.27", "2018-09-30": "$0.31", "2018-06-30": "$0.40", "2018-03-31": "$0.21", "2017-12-31": "$-0.44", "2017-09-30": "$0.20", "2017-06-30": "$0.11", "2017-03-31": "$0.21", "2016-12-31": "$0.08", "2016-09-30": "$0.17", "2016-06-30": "$-0.15", "2016-03-31": "$0.15", "2015-12-31": "$-0.11", "2015-09-30": "$-0.15", "2015-06-30": "$0.08", "2015-03-31": "$0.00", "2014-12-31": "$-0.22", "2014-09-30": "$0.03", "2014-06-30": "$0.00", "2014-03-31": "$0.10", "2013-12-31": "$0.07", "2013-09-30": "$0.00", "2013-06-30": "$0.10", "2013-03-31": "$-0.26", "2012-12-31": "$0.02", "2012-09-30": "$-0.48", "2012-06-30": "$-2.51", "2012-03-31": "$0.08", "2011-12-31": "$0.07", "2011-09-30": "$0.09", "2011-06-30": "$0.10", "2011-03-31": "$0.03", "2010-12-31": "$0.17", "2010-09-30": "$0.12", "2010-06-30": "$0.06", "2010-03-31": "$-1.05", "2009-12-31": "$-0.71", "2009-09-30": "$-0.06", "2009-06-30": "$0.10", "2009-03-31": "$-0.01", "2008-12-31": "$-1.60", "2008-09-30": "$-0.04", "2008-06-30": "$0.07", "2008-03-31": "$0.21", "2007-12-31": "$-0.31", "2007-09-30": "$-0.18", "2007-06-30": "$0.08", "2007-03-31": "$0.08", "2006-12-31": "$-0.05", "2006-09-30": "$0.05", "2006-06-30": "$-3.21", "2006-03-31": "$0.40", "2005-12-31": "$0.42", "2005-09-30": "$-0.33", "2005-06-30": "$0.24", "2005-03-31": "$0.42"}}, "shares-outstanding": {"Boston Scientific Annual Shares Outstanding (Millions of Shares)": {"2020": "1,417", "2019": "1,411", "2018": "1,401", "2017": "1,393", "2016": "1,377", "2015": "1,341", "2014": "1,324", "2013": "1,341", "2012": "1,407", "2011": "1,519", "2010": "1,518", "2009": "1,508", "2008": "1,499", "2007": "1,487", "2006": "1,274", "2005": "838"}, "Boston Scientific Quarterly Shares Outstanding (Millions of Shares)": {"2020-12-31": "1,441", "2020-09-30": "1,431", "2020-06-30": "1,411", "2020-03-31": "1,414", "2019-12-31": "1,411", "2019-09-30": "1,412", "2019-06-30": "1,409", "2019-03-31": "1,408", "2018-12-31": "1,401", "2018-09-30": "1,404", "2018-06-30": "1,399", "2018-03-31": "1,397", "2017-12-31": "1,393", "2017-09-30": "1,394", "2017-06-30": "1,391", "2017-03-31": "1,390", "2016-12-31": "1,377", "2016-09-30": "1,380", "2016-06-30": "1,357", "2016-03-31": "1,370", "2015-12-31": "1,341", "2015-09-30": "1,344", "2015-06-30": "1,362", "2015-03-31": "1,334", "2014-12-31": "1,324", "2014-09-30": "1,348", "2014-06-30": "1,345", "2014-03-31": "1,349", "2013-12-31": "1,341", "2013-09-30": "1,340", "2013-06-30": "1,359", "2013-03-31": "1,352", "2012-12-31": "1,407", "2012-09-30": "1,393", "2012-06-30": "1,423", "2012-03-31": "1,454", "2011-12-31": "1,519", "2011-09-30": "1,524", "2011-06-30": "1,536", "2011-03-31": "1,536", "2010-12-31": "1,518", "2010-09-30": "1,529", "2010-06-30": "1,525", "2010-03-31": "1,515", "2009-12-31": "1,508", "2009-09-30": "1,509", "2009-06-30": "1,515", "2009-03-31": "1,505", "2008-12-31": "1,499", "2008-09-30": "1,501", "2008-06-30": "1,505", "2008-03-31": "1,500", "2007-12-31": "1,487", "2007-09-30": "1,490", "2007-06-30": "1,500", "2007-03-31": "1,498", "2006-12-31": "1,274", "2006-09-30": "1,487", "2006-06-30": "1,327", "2006-03-31": "830", "2005-12-31": "838", "2005-09-30": "820", "2005-06-30": "840", "2005-03-31": "850"}}, "total-assets": {"Boston Scientific Annual Total Assets (Millions of US $)": {"2019": "$30,565", "2018": "$20,999", "2017": "$19,042", "2016": "$18,096", "2015": "$18,133", "2014": "$17,024", "2013": "$16,571", "2012": "$17,154", "2011": "$21,290", "2010": "$22,128", "2009": "$25,177", "2008": "$27,139", "2007": "$31,197", "2006": "$30,882", "2005": "$8,196"}, "Boston Scientific Quarterly Total Assets (Millions of US $)": {"2020-09-30": "$30,845", "2020-06-30": "$30,823", "2020-03-31": "$30,113", "2019-12-31": "$30,565", "2019-09-30": "$26,756", "2019-06-30": "$24,309", "2019-03-31": "$23,802", "2018-12-31": "$20,999", "2018-09-30": "$20,379", "2018-06-30": "$19,615", "2018-03-31": "$19,202", "2017-12-31": "$19,042", "2017-09-30": "$18,636", "2017-06-30": "$18,382", "2017-03-31": "$17,943", "2016-12-31": "$18,096", "2016-09-30": "$17,697", "2016-06-30": "$17,838", "2016-03-31": "$17,718", "2015-12-31": "$18,133", "2015-09-30": "$18,215", "2015-06-30": "$17,123", "2015-03-31": "$16,472", "2014-12-31": "$17,024", "2014-09-30": "$16,718", "2014-06-30": "$16,477", "2014-03-31": "$16,335", "2013-12-31": "$16,571", "2013-09-30": "$16,917", "2013-06-30": "$16,996", "2013-03-31": "$16,763", "2012-12-31": "$17,154", "2012-09-30": "$16,898", "2012-06-30": "$17,818", "2012-03-31": "$21,185", "2011-12-31": "$21,290", "2011-09-30": "$21,502", "2011-06-30": "$21,559", "2011-03-31": "$22,070", "2010-12-31": "$22,128", "2010-09-30": "$22,486", "2010-06-30": "$23,019", "2010-03-31": "$22,853", "2009-12-31": "$25,177", "2009-09-30": "$26,229", "2009-06-30": "$26,193", "2009-03-31": "$26,105", "2008-12-31": "$27,139", "2008-09-30": "$29,826", "2008-06-30": "$29,901", "2008-03-31": "$30,346", "2007-12-31": "$31,197", "2007-09-30": "$31,334", "2007-06-30": "$31,265", "2007-03-31": "$31,069", "2006-12-31": "$30,882", "2006-09-30": "$30,752", "2006-06-30": "$30,611", "2006-03-31": "$9,109", "2005-12-31": "$8,196", "2005-09-30": "$8,076", "2005-06-30": "$8,083", "2005-03-31": "$7,819"}}, "cash-on-hand": {"Boston Scientific Annual Cash on Hand (Millions of US $)": {"2019": "$217", "2018": "$146", "2017": "$188", "2016": "$196", "2015": "$319", "2014": "$587", "2013": "$217", "2012": "$207", "2011": "$267", "2010": "$213", "2009": "$864", "2008": "$1,641", "2007": "$1,452", "2006": "$1,668", "2005": "$848"}, "Boston Scientific Quarterly Cash on Hand (Millions of US $)": {"2020-09-30": "$2,022", "2020-06-30": "$1,724", "2020-03-31": "$370", "2019-12-31": "$217", "2019-09-30": "$277", "2019-06-30": "$123", "2019-03-31": "$139", "2018-12-31": "$146", "2018-09-30": "$168", "2018-06-30": "$208", "2018-03-31": "$287", "2017-12-31": "$188", "2017-09-30": "$210", "2017-06-30": "$195", "2017-03-31": "$156", "2016-12-31": "$196", "2016-09-30": "$237", "2016-06-30": "$438", "2016-03-31": "$338", "2015-12-31": "$319", "2015-09-30": "$350", "2015-06-30": "$903", "2015-03-31": "$242", "2014-12-31": "$587", "2014-09-30": "$246", "2014-06-30": "$357", "2014-03-31": "$191", "2013-12-31": "$217", "2013-09-30": "$571", "2013-06-30": "$530", "2013-03-31": "$268", "2012-12-31": "$207", "2012-09-30": "$352", "2012-06-30": "$371", "2012-03-31": "$284", "2011-12-31": "$267", "2011-09-30": "$276", "2011-06-30": "$154", "2011-03-31": "$595", "2010-12-31": "$213", "2010-09-30": "$624", "2010-06-30": "$811", "2010-03-31": "$519", "2009-12-31": "$864", "2009-09-30": "$1,381", "2009-06-30": "$1,194", "2009-03-31": "$897", "2008-12-31": "$1,641", "2008-09-30": "$1,734", "2008-06-30": "$1,616", "2008-03-31": "$1,739", "2007-12-31": "$1,452", "2007-09-30": "$1,237", "2007-06-30": "$1,514", "2007-03-31": "$1,340", "2006-12-31": "$1,668", "2006-09-30": "$1,541", "2006-06-30": "$1,157", "2006-03-31": "$1,083", "2005-12-31": "$848", "2005-09-30": "$917", "2005-06-30": "$883", "2005-03-31": "$956"}}, "long-term-debt": {"Boston Scientific Annual Long Term Debt (Millions of US $)": {"2019": "$8,592", "2018": "$4,803", "2017": "$3,815", "2016": "$5,420", "2015": "$5,674", "2014": "$3,841", "2013": "$4,237", "2012": "$4,252", "2011": "$4,257", "2010": "$4,934", "2009": "$5,915", "2008": "$6,743", "2007": "$7,933", "2006": "$8,895", "2005": "$1,864"}, "Boston Scientific Quarterly Long Term Debt (Millions of US $)": {"2020-09-30": "$9,325", "2020-06-30": "$9,278", "2020-03-31": "$9,331", "2019-12-31": "$8,592", "2019-09-30": "$9,590", "2019-06-30": "$7,591", "2019-03-31": "$7,590", "2018-12-31": "$4,803", "2018-09-30": "$4,806", "2018-06-30": "$4,808", "2018-03-31": "$4,803", "2017-12-31": "$3,815", "2017-09-30": "$4,416", "2017-06-30": "$4,817", "2017-03-31": "$5,509", "2016-12-31": "$5,420", "2016-09-30": "$5,171", "2016-06-30": "$5,173", "2016-03-31": "$5,424", "2015-12-31": "$5,674", "2015-09-30": "$5,796", "2015-06-30": "$5,069", "2015-03-31": "$3,845", "2014-12-31": "$3,841", "2014-09-30": "$4,249", "2014-06-30": "$4,252", "2014-03-31": "$4,245", "2013-12-31": "$4,237", "2013-09-30": "$4,246", "2013-06-30": "$3,647", "2013-03-31": "$4,250", "2012-12-31": "$4,252", "2012-09-30": "$4,252", "2012-06-30": "$4,253", "2012-03-31": "$4,255", "2011-12-31": "$4,257", "2011-09-30": "$4,259", "2011-06-30": "$4,197", "2011-03-31": "$4,670", "2010-12-31": "$4,934", "2010-09-30": "$5,133", "2010-06-30": "$5,183", "2010-03-31": "$5,671", "2009-12-31": "$5,915", "2009-09-30": "$5,774", "2009-06-30": "$5,920", "2009-03-31": "$6,242", "2008-12-31": "$6,743", "2008-09-30": "$6,767", "2008-06-30": "$7,014", "2008-03-31": "$7,311", "2007-12-31": "$7,933", "2007-09-30": "$7,903", "2007-06-30": "$8,250", "2007-03-31": "$8,898", "2006-12-31": "$8,895", "2006-09-30": "$8,893", "2006-06-30": "$8,892", "2006-03-31": "$1,836", "2005-12-31": "$1,864", "2005-09-30": "$2,430", "2005-06-30": "$1,518", "2005-03-31": "$1,115"}}, "total-liabilities": {"Boston Scientific Annual Total Liabilities (Millions of US $)": {"2019": "$16,688", "2018": "$12,273", "2017": "$12,030", "2016": "$11,363", "2015": "$11,813", "2014": "$10,567", "2013": "$10,032", "2012": "$10,284", "2011": "$9,937", "2010": "$10,832", "2009": "$12,876", "2008": "$13,965", "2007": "$16,100", "2006": "$15,584", "2005": "$3,914"}, "Boston Scientific Quarterly Total Liabilities (Millions of US $)": {"2020-09-30": "$15,281", "2020-06-30": "$15,207", "2020-03-31": "$16,309", "2019-12-31": "$16,688", "2019-09-30": "$17,057", "2019-06-30": "$14,884", "2019-03-31": "$14,569", "2018-12-31": "$12,273", "2018-09-30": "$12,090", "2018-06-30": "$11,871", "2018-03-31": "$12,172", "2017-12-31": "$12,030", "2017-09-30": "$11,048", "2017-06-30": "$11,147", "2017-03-31": "$10,890", "2016-12-31": "$11,363", "2016-09-30": "$11,215", "2016-06-30": "$11,618", "2016-03-31": "$11,261", "2015-12-31": "$11,813", "2015-09-30": "$11,805", "2015-06-30": "$10,543", "2015-03-31": "$9,971", "2014-12-31": "$10,567", "2014-09-30": "$10,017", "2014-06-30": "$9,933", "2014-03-31": "$9,801", "2013-12-31": "$10,032", "2013-09-30": "$10,354", "2013-06-30": "$10,393", "2013-03-31": "$10,260", "2012-12-31": "$10,284", "2012-09-30": "$10,070", "2012-06-30": "$10,090", "2012-03-31": "$9,789", "2011-12-31": "$9,937", "2011-09-30": "$9,981", "2011-06-30": "$10,019", "2011-03-31": "$10,701", "2010-12-31": "$10,832", "2010-09-30": "$11,448", "2010-06-30": "$12,126", "2010-03-31": "$12,072", "2009-12-31": "$12,876", "2009-09-30": "$12,932", "2009-06-30": "$12,779", "2009-03-31": "$12,829", "2008-12-31": "$13,965", "2008-09-30": "$14,136", "2008-06-30": "$14,266", "2008-03-31": "$14,955", "2007-12-31": "$16,100", "2007-09-30": "$15,817", "2007-06-30": "$15,463", "2007-03-31": "$15,520", "2006-12-31": "$15,584", "2006-09-30": "$15,736", "2006-06-30": "$15,725", "2006-03-31": "$4,438", "2005-12-31": "$3,914", "2005-09-30": "$4,175", "2005-06-30": "$3,866", "2005-03-31": "$3,429"}}, "total-share-holder-equity": {"Boston Scientific Annual Share Holder Equity (Millions of US $)": {"2019": "$13,877", "2018": "$8,726", "2017": "$7,012", "2016": "$6,733", "2015": "$6,320", "2014": "$6,457", "2013": "$6,539", "2012": "$6,870", "2011": "$11,353", "2010": "$11,296", "2009": "$12,301", "2008": "$13,174", "2007": "$15,097", "2006": "$15,298", "2005": "$4,282"}, "Boston Scientific Quarterly Share Holder Equity (Millions of US $)": {"2020-09-30": "$15,564", "2020-06-30": "$15,616", "2020-03-31": "$13,804", "2019-12-31": "$13,877", "2019-09-30": "$9,699", "2019-06-30": "$9,425", "2019-03-31": "$9,233", "2018-12-31": "$8,726", "2018-09-30": "$8,289", "2018-06-30": "$7,744", "2018-03-31": "$7,030", "2017-12-31": "$7,012", "2017-09-30": "$7,588", "2017-06-30": "$7,235", "2017-03-31": "$7,053", "2016-12-31": "$6,733", "2016-09-30": "$6,482", "2016-06-30": "$6,220", "2016-03-31": "$6,457", "2015-12-31": "$6,320", "2015-09-30": "$6,410", "2015-06-30": "$6,580", "2015-03-31": "$6,501", "2014-12-31": "$6,457", "2014-09-30": "$6,701", "2014-06-30": "$6,544", "2014-03-31": "$6,534", "2013-12-31": "$6,539", "2013-09-30": "$6,563", "2013-06-30": "$6,603", "2013-03-31": "$6,503", "2012-12-31": "$6,870", "2012-09-30": "$6,828", "2012-06-30": "$7,728", "2012-03-31": "$11,396", "2011-12-31": "$11,353", "2011-09-30": "$11,521", "2011-06-30": "$11,540", "2011-03-31": "$11,369", "2010-12-31": "$11,296", "2010-09-30": "$11,038", "2010-06-30": "$10,893", "2010-03-31": "$10,781", "2009-12-31": "$12,301", "2009-09-30": "$13,297", "2009-06-30": "$13,414", "2009-03-31": "$13,276", "2008-12-31": "$13,174", "2008-09-30": "$15,690", "2008-06-30": "$15,635", "2008-03-31": "$15,391", "2007-12-31": "$15,097", "2007-09-30": "$15,517", "2007-06-30": "$15,802", "2007-03-31": "$15,549", "2006-12-31": "$15,298", "2006-09-30": "$15,016", "2006-06-30": "$14,886", "2006-03-31": "$4,671", "2005-12-31": "$4,282", "2005-09-30": "$3,901", "2005-06-30": "$4,217", "2005-03-31": "$4,390"}}, "profit-margins": {"current": "-1.46%"}, "gross margin": {"2020-12-31": "65.04%", "2020-09-30": "67.19%", "2020-06-30": "68.25%", "2020-03-31": "70.40%", "2019-12-31": "70.97%", "2019-09-30": "71.18%", "2019-06-30": "71.32%", "2019-03-31": "71.11%", "2018-12-31": "71.36%", "2018-09-30": "71.49%", "2018-06-30": "71.35%", "2018-03-31": "71.78%", "2017-12-31": "71.34%", "2017-09-30": "71.27%", "2017-06-30": "71.38%", "2017-03-31": "70.86%", "2016-12-31": "71.09%", "2016-09-30": "70.88%", "2016-06-30": "70.78%", "2016-03-31": "70.99%", "2015-12-31": "70.94%", "2015-09-30": "70.77%", "2015-06-30": "70.45%", "2015-03-31": "70.26%", "2014-12-31": "70.05%", "2014-09-30": "69.91%", "2014-06-30": "70.00%", "2014-03-31": "70.19%", "2013-12-31": "69.56%", "2013-09-30": "69.12%", "2013-06-30": "68.45%", "2013-03-31": "67.86%", "2012-12-31": "67.60%", "2012-09-30": "66.65%", "2012-06-30": "65.63%", "2012-03-31": "64.84%", "2011-12-31": "65.11%", "2011-09-30": "65.82%", "2011-06-30": "66.73%", "2011-03-31": "66.97%", "2010-12-31": "66.71%", "2010-09-30": "66.38%", "2010-06-30": "66.77%", "2010-03-31": "67.66%", "2009-12-31": "68.54%", "2009-09-30": "69.23%", "2009-06-30": "68.73%", "2009-03-31": "68.85%", "2008-12-31": "69.33%", "2008-09-30": "69.82%", "2008-06-30": "71.04%", "2008-03-31": "71.70%", "2007-12-31": "71.98%", "2007-09-30": "73.01%", "2007-06-30": "72.27%", "2007-03-31": "71.03%", "2006-12-31": "71.78%", "2006-09-30": "72.27%", "2006-06-30": "74.40%", "2006-03-31": "77.48%", "2005-12-31": "77.94%"}, "operating margin": {"2020-12-31": "-1.39%", "2020-09-30": "0.78%", "2020-06-30": "6.58%", "2020-03-31": "10.40%", "2019-12-31": "14.13%", "2019-09-30": "15.65%", "2019-06-30": "16.19%", "2019-03-31": "16.49%", "2018-12-31": "15.33%", "2018-09-30": "15.58%", "2018-06-30": "15.74%", "2018-03-31": "14.34%", "2017-12-31": "14.20%", "2017-09-30": "12.53%", "2017-06-30": "12.36%", "2017-03-31": "6.04%", "2016-12-31": "5.33%", "2016-09-30": "0.98%", "2016-06-30": "-7.13%", "2016-03-31": "-0.18%", "2015-12-31": "-3.78%", "2015-09-30": "-7.43%", "2015-06-30": "-2.53%", "2015-03-31": "-6.43%", "2014-12-31": "-4.08%", "2014-09-30": "4.35%", "2014-06-30": "4.96%", "2014-03-31": "9.04%", "2013-12-31": "1.68%", "2013-09-30": "1.54%", "2013-06-30": "-8.24%", "2013-03-31": "-61.51%", "2012-12-31": "-53.36%", "2012-09-30": "-52.41%", "2012-06-30": "-41.07%", "2012-03-31": "10.29%", "2011-12-31": "11.86%", "2011-09-30": "13.90%", "2011-06-30": "14.81%", "2011-03-31": "14.82%", "2010-12-31": "-8.40%", "2010-09-30": "-28.35%", "2010-06-30": "-30.47%", "2010-03-31": "-29.38%", "2009-12-31": "-10.92%", "2009-09-30": "-25.63%", "2009-06-30": "-26.07%", "2009-03-31": "-25.88%", "2008-12-31": "-18.70%", "2008-09-30": "5.88%", "2008-06-30": "3.71%", "2008-03-31": "3.41%", "2007-12-31": "-0.17%", "2007-09-30": "8.45%", "2007-06-30": "12.62%", "2007-03-31": "-38.18%", "2006-12-31": "-37.71%", "2006-09-30": "-37.94%", "2006-06-30": "-48.65%", "2006-03-31": "15.14%", "2005-12-31": "15.41%"}, "ebitda margin": {"2020-09-30": "0.78%", "2020-06-30": "6.58%", "2020-03-31": "10.40%", "2019-12-31": "14.13%", "2019-09-30": "15.65%", "2019-06-30": "16.19%", "2019-03-31": "16.49%", "2018-12-31": "15.33%", "2018-09-30": "15.58%", "2018-06-30": "15.74%", "2018-03-31": "14.34%", "2017-12-31": "14.20%", "2017-09-30": "12.53%", "2017-06-30": "12.36%", "2017-03-31": "6.04%", "2016-12-31": "5.33%", "2016-09-30": "0.98%", "2016-06-30": "-7.13%", "2016-03-31": "-0.18%", "2015-12-31": "-3.78%", "2015-09-30": "-7.43%", "2015-06-30": "-2.53%", "2015-03-31": "-6.43%", "2014-12-31": "-4.08%", "2014-09-30": "4.35%", "2014-06-30": "4.96%", "2014-03-31": "9.04%", "2013-12-31": "1.68%", "2013-09-30": "1.54%", "2013-06-30": "-8.24%", "2013-03-31": "-61.51%", "2012-12-31": "-53.36%", "2012-09-30": "-52.41%", "2012-06-30": "-41.07%", "2012-03-31": "10.29%", "2011-12-31": "11.86%", "2011-09-30": "13.90%", "2011-06-30": "14.81%", "2011-03-31": "14.82%", "2010-12-31": "-8.40%", "2010-09-30": "-28.35%", "2010-06-30": "-30.47%", "2010-03-31": "-29.38%", "2009-12-31": "-10.92%", "2009-09-30": "-25.63%", "2009-06-30": "-26.07%", "2009-03-31": "-25.88%", "2008-12-31": "-18.70%", "2008-09-30": "5.88%", "2008-06-30": "3.71%", "2008-03-31": "3.41%", "2007-12-31": "-0.17%", "2007-09-30": "8.45%", "2007-06-30": "12.62%", "2007-03-31": "-38.18%", "2006-12-31": "-37.71%", "2006-09-30": "-37.94%", "2006-06-30": "-48.65%", "2006-03-31": "15.14%", "2005-12-31": "15.41%"}, "pre tax profit margin": {"2020-12-31": "-1.39%", "2020-09-30": "-3.88%", "2020-06-30": "-0.73%", "2020-03-31": "2.34%", "2019-12-31": "6.40%", "2019-09-30": "9.52%", "2019-06-30": "13.44%", "2019-03-31": "15.66%", "2018-12-31": "14.48%", "2018-09-30": "14.00%", "2018-06-30": "12.71%", "2018-03-31": "10.26%", "2017-12-31": "10.31%", "2017-09-30": "8.99%", "2017-06-30": "8.52%", "2017-03-31": "2.96%", "2016-12-31": "2.11%", "2016-09-30": "-3.05%", "2016-06-30": "-10.97%", "2016-03-31": "-4.84%", "2015-12-31": "-8.69%", "2015-09-30": "-11.74%", "2015-06-30": "-6.77%", "2015-03-31": "-9.57%", "2014-12-31": "-6.90%", "2014-09-30": "1.42%", "2014-06-30": "0.84%", "2014-03-31": "4.43%", "2013-12-31": "-3.12%", "2013-09-30": "-3.24%", "2013-06-30": "-11.99%", "2013-03-31": "-64.73%", "2012-12-31": "-56.66%", "2012-09-30": "-55.76%", "2012-06-30": "-44.28%", "2012-03-31": "6.51%", "2011-12-31": "8.42%", "2011-09-30": "9.93%", "2011-06-30": "10.54%", "2011-03-31": "10.10%", "2010-12-31": "-13.62%", "2010-09-30": "-33.49%", "2010-06-30": "-35.62%", "2010-03-31": "-34.23%", "2009-12-31": "-15.97%", "2009-09-30": "-30.65%", "2009-06-30": "-31.13%", "2009-03-31": "-32.32%", "2008-12-31": "-25.23%", "2008-09-30": "-1.23%", "2008-06-30": "-3.53%", "2008-03-31": "-3.20%", "2007-12-31": "-6.81%", "2007-09-30": "2.36%", "2007-06-30": "6.12%", "2007-03-31": "-45.94%", "2006-12-31": "-45.20%", "2006-09-30": "-44.76%", "2006-06-30": "-54.11%", "2006-03-31": "13.17%", "2005-12-31": "14.18%"}, "net profit margin": {"2020-12-31": "-1.75%", "2020-09-30": "36.45%", "2020-06-30": "39.18%", "2020-03-31": "39.75%", "2019-12-31": "43.78%", "2019-09-30": "10.49%", "2019-06-30": "13.85%", "2019-03-31": "18.08%", "2018-12-31": "17.01%", "2018-09-30": "6.93%", "2018-06-30": "5.48%", "2018-03-31": "1.21%", "2017-12-31": "1.15%", "2017-09-30": "9.55%", "2017-06-30": "9.04%", "2017-03-31": "5.07%", "2016-12-31": "4.14%", "2016-09-30": "0.99%", "2016-06-30": "-4.34%", "2016-03-31": "-0.47%", "2015-12-31": "-3.20%", "2015-09-30": "-5.36%", "2015-06-30": "-2.11%", "2015-03-31": "-3.43%", "2014-12-31": "-1.61%", "2014-09-30": "3.93%", "2014-06-30": "3.32%", "2014-03-31": "5.11%", "2013-12-31": "-1.69%", "2013-09-30": "-2.36%", "2013-06-30": "-11.61%", "2013-03-31": "-63.48%", "2012-12-31": "-56.12%", "2012-09-30": "-55.27%", "2012-06-30": "-43.37%", "2012-03-31": "6.72%", "2011-12-31": "5.79%", "2011-09-30": "7.33%", "2011-06-30": "7.90%", "2011-03-31": "7.33%", "2010-12-31": "-13.64%", "2010-09-30": "-30.15%", "2010-06-30": "-33.30%", "2010-03-31": "-31.96%", "2009-12-31": "-12.52%", "2009-09-30": "-28.74%", "2009-06-30": "-28.66%", "2009-03-31": "-29.59%", "2008-12-31": "-25.29%", "2008-09-30": "-1.37%", "2008-06-30": "-3.75%", "2008-03-31": "-3.52%", "2007-12-31": "-5.92%", "2007-09-30": "2.90%", "2007-06-30": "7.13%", "2007-03-31": "-45.72%", "2006-12-31": "-45.74%", "2006-09-30": "-48.25%", "2006-06-30": "-57.00%", "2006-03-31": "9.57%", "2005-12-31": "10.00%"}, "pe ratio": {"current": "40.58", "2021-02-05": "0.00", "2020-12-31": "0.00", "2020-09-30": "14.64", "2020-06-30": "12.45", "2020-03-31": "10.73", "2019-12-31": "13.58", "2019-09-30": "52.84", "2019-06-30": "43.41", "2019-03-31": "29.98", "2018-12-31": "29.70", "2018-09-30": "81.91", "2018-06-30": "90.83", "2018-03-31": "390.29", "2017-12-31": "354.14", "2017-09-30": "47.82", "2017-06-30": "47.79", "2017-03-31": "77.72", "2016-12-31": "83.19", "2016-09-30": "396.67", "2016-06-30": "0.00", "2016-03-31": "0.00", "2015-12-31": "0.00", "2015-09-30": "0.00", "2015-06-30": "104.12", "2015-03-31": "197.22", "2014-12-31": "69.74", "2014-09-30": "56.24", "2014-06-30": "70.94", "2014-03-31": "48.29", "2013-12-31": "0.00", "2013-09-30": "0.00", "2013-06-30": "0.00", "2013-03-31": "0.00", "2012-12-31": "0.00", "2012-09-30": "0.00", "2012-06-30": "0.00", "2012-03-31": "17.59", "2011-12-31": "19.78", "2011-09-30": "16.89", "2011-06-30": "18.18", "2011-03-31": "21.15", "2010-12-31": "0.00", "2010-09-30": "0.00", "2010-06-30": "0.00", "2010-03-31": "0.00", "2009-12-31": "0.00", "2009-09-30": "0.00", "2009-06-30": "0.00", "2009-03-31": "0.00", "2008-12-31": "0.00", "2008-09-30": "0.00", "2008-06-30": "0.00", "2008-03-31": "0.00", "2007-12-31": "0.00", "2007-09-30": "82.06", "2007-06-30": "38.35", "2007-03-31": "0.00", "2006-12-31": "0.00"}, "price sales": {"2021-02-05": "5.60", "2020-12-31": "5.17", "2020-09-30": "5.35", "2020-06-30": "4.88", "2020-03-31": "4.27", "2019-12-31": "5.94", "2019-09-30": "5.51", "2019-06-30": "5.99", "2019-03-31": "5.42", "2018-12-31": "5.04", "2018-09-30": "5.57", "2018-06-30": "4.80", "2018-03-31": "4.11", "2017-12-31": "3.81", "2017-09-30": "4.59", "2017-06-30": "4.41", "2017-03-31": "3.99", "2016-12-31": "3.54", "2016-09-30": "3.97", "2016-06-30": "3.97", "2016-03-31": "3.32", "2015-12-31": "3.32", "2015-09-30": "2.98", "2015-06-30": "3.23", "2015-03-31": "3.22", "2014-12-31": "2.41", "2014-09-30": "2.17", "2014-06-30": "2.38", "2014-03-31": "2.55", "2013-12-31": "2.27", "2013-09-30": "2.25", "2013-06-30": "1.79", "2013-03-31": "1.52", "2012-12-31": "1.12", "2012-09-30": "1.14", "2012-06-30": "1.13", "2012-03-31": "1.19", "2011-12-31": "1.07", "2011-09-30": "1.16", "2011-06-30": "1.35", "2011-03-31": "1.41", "2010-12-31": "1.48", "2010-09-30": "1.18", "2010-06-30": "1.10", "2010-03-31": "1.34", "2009-12-31": "1.66", "2009-09-30": "1.97", "2009-06-30": "1.89", "2009-03-31": "1.49", "2008-12-31": "1.44", "2008-09-30": "2.24", "2008-06-30": "2.22", "2008-03-31": "2.31", "2007-12-31": "2.08", "2007-09-30": "2.42", "2007-06-30": "2.66", "2007-03-31": "2.44", "2006-12-31": "2.63"}, "price book": {"current": "3.58", "2021-02-05": "3.58", "2020-09-30": "3.52", "2020-06-30": "3.21", "2020-03-31": "3.31", "2019-12-31": "4.55", "2019-09-30": "5.85", "2019-06-30": "6.35", "2019-03-31": "5.78", "2018-12-31": "5.61", "2018-09-30": "6.43", "2018-06-30": "5.83", "2018-03-31": "5.36", "2017-12-31": "4.86", "2017-09-30": "5.28", "2017-06-30": "5.25", "2017-03-31": "4.83", "2016-12-31": "4.38", "2016-09-30": "5.00", "2016-06-30": "5.10", "2016-03-31": "3.95", "2015-12-31": "3.93", "2015-09-30": "3.44", "2015-06-30": "3.61", "2015-03-31": "3.66", "2014-12-31": "2.72", "2014-09-30": "2.34", "2014-06-30": "2.58", "2014-03-31": "2.74", "2013-12-31": "2.43", "2013-09-30": "2.39", "2013-06-30": "1.88", "2013-03-31": "1.62", "2012-12-31": "1.13", "2012-09-30": "1.15", "2012-06-30": "1.04", "2012-03-31": "0.75", "2011-12-31": "0.68", "2011-09-30": "0.77", "2011-06-30": "0.92", "2011-03-31": "0.97", "2010-12-31": "1.02", "2010-09-30": "0.84", "2010-06-30": "0.81", "2010-03-31": "1.02", "2009-12-31": "1.11", "2009-09-30": "1.20", "2009-06-30": "1.14", "2009-03-31": "0.90", "2008-12-31": "0.88", "2008-09-30": "1.17", "2008-06-30": "1.18", "2008-03-31": "1.25", "2007-12-31": "1.15", "2007-09-30": "1.33", "2007-06-30": "1.44", "2007-03-31": "1.39", "2006-12-31": "1.66", "2006-09-30": "1.45", "2006-06-30": "1.66", "2006-03-31": "4.06"}, "price fcf": {"2021-02-05": "", "2020-09-30": "$0.80", "2020-06-30": "$0.65", "2020-03-31": "$0.65", "2019-12-31": "$0.98", "2019-09-30": "$0.57", "2019-06-30": "$0.60", "2019-03-31": "$0.12", "2018-12-31": "$0.01", "2018-09-30": "$0.49", "2018-06-30": "$0.47", "2018-03-31": "$0.98", "2017-12-31": "$0.79", "2017-09-30": "$0.73", "2017-06-30": "$0.37", "2017-03-31": "$0.46", "2016-12-31": "$0.61", "2016-09-30": "$0.49", "2016-06-30": "$0.81", "2016-03-31": "$0.58", "2015-12-31": "$0.33", "2015-09-30": "$0.36", "2015-06-30": "$0.33", "2015-03-31": "$0.48", "2014-12-31": "$0.76", "2014-09-30": "$0.62", "2014-06-30": "$0.56", "2014-03-31": "$0.65", "2013-12-31": "$0.68", "2013-09-30": "$0.78", "2013-06-30": "$0.80", "2013-03-31": "$0.80", "2012-12-31": "$0.76", "2012-09-30": "$0.71", "2012-06-30": "$0.73", "2012-03-31": "$0.68", "2011-12-31": "$0.47", "2011-09-30": "$0.54", "2011-06-30": "$0.21", "2011-03-31": "$0.16", "2010-12-31": "$0.04", "2010-09-30": "$-0.49", "2010-06-30": "$-0.09", "2010-03-31": "$-0.02", "2009-12-31": "$0.35", "2009-09-30": "$0.48", "2009-06-30": "$0.67", "2009-03-31": "$0.57", "2008-12-31": "$0.57", "2008-09-30": "$0.86", "2008-06-30": "$0.68", "2008-03-31": "$0.65", "2007-12-31": "$0.40", "2007-09-30": "$0.60", "2007-06-30": "$0.52", "2007-03-31": "$0.47", "2006-12-31": "$1.19"}, "net worth": {"value": "$55.79B"}, "current ratio": {"2020-12-31": "0.00", "2020-09-30": "1.87", "2020-06-30": "1.87", "2020-03-31": "1.21", "2019-12-31": "0.97", "2019-09-30": "1.14", "2019-06-30": "1.31", "2019-03-31": "1.39", "2018-12-31": "0.76", "2018-09-30": "0.78", "2018-06-30": "0.83", "2018-03-31": "0.82", "2017-12-31": "0.68", "2017-09-30": "0.72", "2017-06-30": "0.75", "2017-03-31": "0.87", "2016-12-31": "0.90", "2016-09-30": "1.06", "2016-06-30": "1.05", "2016-03-31": "1.21", "2015-12-31": "1.43", "2015-09-30": "1.55", "2015-06-30": "1.95", "2015-03-31": "1.30", "2014-12-31": "1.27", "2014-09-30": "1.75", "2014-06-30": "1.81", "2014-03-31": "1.71", "2013-12-31": "1.65", "2013-09-30": "1.85", "2013-06-30": "1.41", "2013-03-31": "1.90", "2012-12-31": "1.71", "2012-09-30": "1.75", "2012-06-30": "1.73", "2012-03-31": "1.85", "2011-12-31": "1.72", "2011-09-30": "1.70", "2011-06-30": "1.66", "2011-03-31": "1.75", "2010-12-31": "1.39", "2010-09-30": "1.20", "2010-06-30": "1.07", "2010-03-31": "1.29", "2009-12-31": "1.52", "2009-09-30": "1.56", "2009-06-30": "1.74", "2009-03-31": "1.88", "2008-12-31": "1.69", "2008-09-30": "1.49", "2008-06-30": "1.70", "2008-03-31": "1.55", "2007-12-31": "1.83", "2007-09-30": "1.39", "2007-06-30": "1.66", "2007-03-31": "1.93", "2006-12-31": "2.29", "2006-09-30": "1.94", "2006-06-30": "2.03", "2006-03-31": "1.41", "2005-12-31": "1.78", "2005-09-30": "2.42", "2005-06-30": "1.55", "2005-03-31": "1.55"}, "quick ratio": {"2020-12-31": "0.00", "2020-09-30": "1.42", "2020-06-30": "1.38", "2020-03-31": "0.80", "2019-12-31": "0.64", "2019-09-30": "0.77", "2019-06-30": "1.04", "2019-03-31": "1.12", "2018-12-31": "0.54", "2018-09-30": "0.56", "2018-06-30": "0.60", "2018-03-31": "0.60", "2017-12-31": "0.49", "2017-09-30": "0.50", "2017-06-30": "0.51", "2017-03-31": "0.59", "2016-12-31": "0.64", "2016-09-30": "0.72", "2016-06-30": "0.74", "2016-03-31": "0.82", "2015-12-31": "1.01", "2015-09-30": "1.06", "2015-06-30": "1.45", "2015-03-31": "0.91", "2014-12-31": "0.94", "2014-09-30": "1.20", "2014-06-30": "1.28", "2014-03-31": "1.17", "2013-12-31": "1.16", "2013-09-30": "1.38", "2013-06-30": "1.07", "2013-03-31": "1.38", "2012-12-31": "1.21", "2012-09-30": "1.25", "2012-06-30": "1.23", "2012-03-31": "1.32", "2011-12-31": "1.20", "2011-09-30": "1.19", "2011-06-30": "1.17", "2011-03-31": "1.31", "2010-12-31": "1.04", "2010-09-30": "0.89", "2010-06-30": "0.83", "2010-03-31": "0.98", "2009-12-31": "1.23", "2009-09-30": "1.27", "2009-06-30": "1.43", "2009-03-31": "1.53", "2008-12-31": "1.42", "2008-09-30": "1.25", "2008-06-30": "1.44", "2008-03-31": "1.31", "2007-12-31": "1.61", "2007-09-30": "1.15", "2007-06-30": "1.38", "2007-03-31": "1.60", "2006-12-31": "2.03", "2006-09-30": "1.63", "2006-06-30": "1.66", "2006-03-31": "1.21", "2005-12-31": "1.50", "2005-09-30": "2.04", "2005-06-30": "1.31", "2005-03-31": "1.33"}, "debt equity ratio": {"current": "0.60", "2020-12-31": "0.00", "2020-09-30": "0.98", "2020-06-30": "0.97", "2020-03-31": "1.18", "2019-12-31": "1.20", "2019-09-30": "1.76", "2019-06-30": "1.58", "2019-03-31": "1.58", "2018-12-31": "1.41", "2018-09-30": "1.46", "2018-06-30": "1.53", "2018-03-31": "1.73", "2017-12-31": "1.72", "2017-09-30": "1.46", "2017-06-30": "1.54", "2017-03-31": "1.54", "2016-12-31": "1.69", "2016-09-30": "1.73", "2016-06-30": "1.87", "2016-03-31": "1.74", "2015-12-31": "1.87", "2015-09-30": "1.84", "2015-06-30": "1.60", "2015-03-31": "1.53", "2014-12-31": "1.64", "2014-09-30": "1.50", "2014-06-30": "1.52", "2014-03-31": "1.50", "2013-12-31": "1.53", "2013-09-30": "1.58", "2013-06-30": "1.57", "2013-03-31": "1.58", "2012-12-31": "1.50", "2012-09-30": "1.48", "2012-06-30": "1.31", "2012-03-31": "0.86", "2011-12-31": "0.88", "2011-09-30": "0.87", "2011-06-30": "0.87", "2011-03-31": "0.94", "2010-12-31": "0.96", "2010-09-30": "1.04", "2010-06-30": "1.11", "2010-03-31": "1.12", "2009-12-31": "1.05", "2009-09-30": "0.97", "2009-06-30": "0.95", "2009-03-31": "0.97", "2008-12-31": "1.06", "2008-09-30": "0.90", "2008-06-30": "0.91", "2008-03-31": "0.97", "2007-12-31": "1.07", "2007-09-30": "1.02", "2007-06-30": "0.98", "2007-03-31": "1.00", "2006-12-31": "1.02", "2006-09-30": "1.05", "2006-06-30": "1.06", "2006-03-31": "0.95", "2005-12-31": "0.91", "2005-09-30": "1.07", "2005-06-30": "0.92", "2005-03-31": "0.78"}, "return on equity": {"2020-12-31": "-1.54%", "2020-09-30": "25.04%", "2020-06-30": "30.04%", "2020-03-31": "36.64%", "2019-12-31": "44.51%", "2019-09-30": "11.76%", "2019-06-30": "15.65%", "2019-03-31": "21.15%", "2018-12-31": "21.03%", "2018-09-30": "8.91%", "2018-06-30": "7.09%", "2018-03-31": "1.55%", "2017-12-31": "1.44%", "2017-09-30": "11.79%", "2017-06-30": "11.46%", "2017-03-31": "6.57%", "2016-12-31": "5.36%", "2016-09-30": "1.27%", "2016-06-30": "-5.43%", "2016-03-31": "-0.56%", "2015-12-31": "-3.70%", "2015-09-30": "-6.10%", "2015-06-30": "-2.36%", "2015-03-31": "-3.86%", "2014-12-31": "-1.81%", "2014-09-30": "4.38%", "2014-06-30": "3.67%", "2014-03-31": "5.58%", "2013-12-31": "-1.85%", "2013-09-30": "-2.53%", "2013-06-30": "-12.34%", "2013-03-31": "-64.95%", "2012-12-31": "-49.58%", "2012-09-30": "-43.13%", "2012-06-30": "-30.63%", "2012-03-31": "4.44%", "2011-12-31": "3.85%", "2011-09-30": "4.99%", "2011-06-30": "5.46%", "2011-03-31": "5.11%", "2010-12-31": "-9.68%", "2010-09-30": "-21.12%", "2010-06-30": "-22.52%", "2010-03-31": "-20.89%", "2009-12-31": "-7.84%", "2009-09-30": "-17.54%", "2009-06-30": "-16.64%", "2009-03-31": "-16.42%", "2008-12-31": "-13.60%", "2008-09-30": "-0.72%", "2008-06-30": "-2.01%", "2008-03-31": "-1.90%", "2007-12-31": "-3.20%", "2007-09-30": "1.54%", "2007-06-30": "3.81%", "2007-03-31": "-24.95%", "2006-12-31": "-28.69%", "2006-09-30": "-36.24%", "2006-06-30": "-55.73%", "2006-03-31": "14.11%", "2005-12-31": "14.96%"}, "return on assets": {"2020-12-31": "-0.75%", "2020-09-30": "12.05%", "2020-06-30": "13.46%", "2020-03-31": "15.35%", "2019-12-31": "17.83%", "2019-09-30": "4.55%", "2019-06-30": "6.24%", "2019-03-31": "8.48%", "2018-12-31": "8.33%", "2018-09-30": "3.43%", "2018-06-30": "2.72%", "2018-03-31": "0.60%", "2017-12-31": "0.56%", "2017-09-30": "4.62%", "2017-06-30": "4.37%", "2017-03-31": "2.43%", "2016-12-31": "1.95%", "2016-09-30": "0.45%", "2016-06-30": "-1.92%", "2016-03-31": "-0.20%", "2015-12-31": "-1.37%", "2015-09-30": "-2.30%", "2015-06-30": "-0.92%", "2015-03-31": "-1.52%", "2014-12-31": "-0.72%", "2014-09-30": "1.74%", "2014-06-30": "1.45%", "2014-03-31": "2.19%", "2013-12-31": "-0.72%", "2013-09-30": "-0.99%", "2013-06-30": "-4.88%", "2013-03-31": "-26.43%", "2012-12-31": "-22.27%", "2012-09-30": "-20.84%", "2012-06-30": "-15.73%", "2012-03-31": "2.38%", "2011-12-31": "2.04%", "2011-09-30": "2.61%", "2011-06-30": "2.80%", "2011-03-31": "2.54%", "2010-12-31": "-4.71%", "2010-09-30": "-10.17%", "2010-06-30": "-10.94%", "2010-03-31": "-10.36%", "2009-12-31": "-3.95%", "2009-09-30": "-8.82%", "2009-06-30": "-8.46%", "2009-03-31": "-8.40%", "2008-12-31": "-6.95%", "2008-09-30": "-0.37%", "2008-06-30": "-1.01%", "2008-03-31": "-0.94%", "2007-12-31": "-1.59%", "2007-09-30": "0.77%", "2007-06-30": "1.90%", "2007-03-31": "-12.29%", "2006-12-31": "-14.12%", "2006-09-30": "-17.90%", "2006-06-30": "-27.61%", "2006-03-31": "7.20%", "2005-12-31": "7.81%"}, "return on investments": {"2020-12-31": "-0.76%", "2020-09-30": "0.33%", "2020-06-30": "2.98%", "2020-03-31": "5.48%", "2019-12-31": "8.03%", "2019-09-30": "9.76%", "2019-06-30": "10.80%", "2019-03-31": "11.71%", "2018-12-31": "11.81%", "2018-09-30": "12.48%", "2018-06-30": "12.67%", "2018-03-31": "11.38%", "2017-12-31": "10.83%", "2017-09-30": "9.07%", "2017-06-30": "8.90%", "2017-03-31": "4.34%", "2016-12-31": "3.80%", "2016-09-30": "0.68%", "2016-06-30": "-4.78%", "2016-03-31": "-0.12%", "2015-12-31": "-2.45%", "2015-09-30": "-4.93%", "2015-06-30": "-1.72%", "2015-03-31": "-4.47%", "2014-12-31": "-2.81%", "2014-09-30": "2.95%", "2014-06-30": "3.32%", "2014-03-31": "6.07%", "2013-12-31": "1.13%", "2013-09-30": "1.02%", "2013-06-30": "-5.43%", "2013-03-31": "-39.11%", "2012-12-31": "-31.05%", "2012-09-30": "-28.08%", "2012-06-30": "-20.64%", "2012-03-31": "4.96%", "2011-12-31": "5.72%", "2011-09-30": "6.78%", "2011-06-30": "7.22%", "2011-03-31": "7.14%", "2010-12-31": "-4.04%", "2010-09-30": "-13.36%", "2010-06-30": "-13.95%", "2010-03-31": "-13.09%", "2009-12-31": "-4.70%", "2009-09-30": "-10.68%", "2009-06-30": "-10.35%", "2009-03-31": "-9.81%", "2008-12-31": "-6.86%", "2008-09-30": "2.12%", "2008-06-30": "1.34%", "2008-03-31": "1.22%", "2007-12-31": "-0.06%", "2007-09-30": "2.91%", "2007-06-30": "4.31%", "2007-03-31": "-13.14%", "2006-12-31": "-15.05%", "2006-09-30": "-18.35%", "2006-06-30": "-30.86%", "2006-03-31": "15.41%", "2005-12-31": "16.33%"}, "return on tangible equity": {"2020-09-30": "-135.39%", "2020-06-30": "-88.90%", "2020-03-31": "-78.75%", "2019-12-31": "-80.06%", "2019-09-30": "-17.54%", "2019-06-30": "-25.31%", "2019-03-31": "-32.70%", "2018-12-31": "-30.04%", "2018-09-30": "-11.90%", "2018-06-30": "-9.47%", "2018-03-31": "-2.02%", "2017-12-31": "-1.91%", "2017-09-30": "-15.45%", "2017-06-30": "-13.94%", "2017-03-31": "-7.49%", "2016-12-31": "-5.80%", "2016-09-30": "-1.32%", "2016-06-30": "5.54%", "2016-03-31": "0.61%", "2015-12-31": "4.28%", "2015-09-30": "7.54%", "2015-06-30": "3.15%", "2015-03-31": "5.13%", "2014-12-31": "2.40%", "2014-09-30": "-5.80%", "2014-06-30": "-4.84%", "2014-03-31": "-7.33%", "2013-12-31": "2.39%", "2013-09-30": "3.27%", "2013-06-30": "16.02%", "2013-03-31": "87.79%", "2012-12-31": "80.61%", "2012-09-30": "81.77%", "2012-06-30": "66.19%", "2012-03-31": "-10.51%", "2011-12-31": "-8.92%", "2011-09-30": "-11.33%", "2011-06-30": "-11.68%", "2011-03-31": "-10.19%", "2010-12-31": "18.13%", "2010-09-30": "38.70%", "2010-06-30": "43.07%", "2010-03-31": "42.29%", "2009-12-31": "16.70%", "2009-09-30": "37.69%", "2009-06-30": "36.12%", "2009-03-31": "35.48%", "2008-12-31": "29.11%", "2008-09-30": "1.52%", "2008-06-30": "3.95%", "2008-03-31": "3.63%", "2007-12-31": "5.97%", "2007-09-30": "-2.98%", "2007-06-30": "-7.34%", "2007-03-31": "46.09%", "2006-12-31": "60.78%", "2006-09-30": "88.49%", "2006-06-30": "220.35%", "2006-03-31": "96.51%", "2005-12-31": "97.29%"}, "dividend yield history": {"last payout": "$0.00", "last yield": "0.00%"}}