{"ticker": "BDN", "price": {"title": "Brandywine Realty Trust Historical Annual Stock Price Data", "value": 11.48, "historical": {"2021": {"Average Stock Price": "11.4448", "Year Open": "11.9100", "Year High": "11.9100", "Year Low": "11.0000", "Year Close": "11.4800", "Annual % Change": "-3.61%"}, "2020": {"Average Stock Price": "11.4688", "Year Open": "15.5400", "Year High": "16.2400", "Year Low": "7.8500", "Year Close": "11.9100", "Annual % Change": "-24.38%"}, "2019": {"Average Stock Price": "15.0204", "Year Open": "12.5100", "Year High": "16.1400", "Year Low": "12.5100", "Year Close": "15.7500", "Annual % Change": "22.38%"}, "2018": {"Average Stock Price": "15.8233", "Year Open": "18.1500", "Year High": "18.1500", "Year Low": "12.3600", "Year Close": "12.8700", "Annual % Change": "-29.25%"}, "2017": {"Average Stock Price": "17.0436", "Year Open": "16.5500", "Year High": "18.5800", "Year Low": "15.7400", "Year Close": "18.1900", "Annual % Change": "10.18%"}, "2016": {"Average Stock Price": "14.9392", "Year Open": "13.5200", "Year High": "16.8700", "Year Low": "11.2900", "Year Close": "16.5100", "Annual % Change": "20.86%"}, "2015": {"Average Stock Price": "14.1821", "Year Open": "15.8800", "Year High": "17.0000", "Year Low": "11.7200", "Year Close": "13.6600", "Annual % Change": "-14.52%"}, "2014": {"Average Stock Price": "15.0107", "Year Open": "13.7700", "Year High": "16.2900", "Year Low": "13.7700", "Year Close": "15.9800", "Annual % Change": "13.41%"}, "2013": {"Average Stock Price": "13.7691", "Year Open": "12.1800", "Year High": "15.9400", "Year Low": "12.1800", "Year Close": "14.0900", "Annual % Change": "15.59%"}, "2012": {"Average Stock Price": "11.5804", "Year Open": "9.4700", "Year High": "12.8800", "Year Low": "9.4000", "Year Close": "12.1900", "Annual % Change": "28.32%"}, "2011": {"Average Stock Price": "10.6239", "Year Open": "11.9900", "Year High": "12.7600", "Year Low": "7.0900", "Year Close": "9.5000", "Annual % Change": "-18.45%"}, "2010": {"Average Stock Price": "11.6047", "Year Open": "11.2400", "Year High": "13.3600", "Year Low": "10.0000", "Year Close": "11.6500", "Annual % Change": "2.19%"}, "2009": {"Average Stock Price": "7.8110", "Year Open": "7.1700", "Year High": "11.8500", "Year Low": "2.5200", "Year Close": "11.4000", "Annual % Change": "47.86%"}, "2008": {"Average Stock Price": "14.7558", "Year Open": "17.3800", "Year High": "19.8600", "Year Low": "3.7300", "Year Close": "7.7100", "Annual % Change": "-57.00%"}, "2007": {"Average Stock Price": "28.4248", "Year Open": "32.6500", "Year High": "36.1400", "Year Low": "17.7800", "Year Close": "17.9300", "Annual % Change": "-46.08%"}, "2006": {"Average Stock Price": "31.4358", "Year Open": "28.9400", "Year High": "35.3700", "Year Low": "27.6500", "Year Close": "33.2500", "Annual % Change": "19.13%"}, "2005": {"Average Stock Price": "29.1500", "Year Open": "29.3600", "Year High": "32.7100", "Year Low": "26.3000", "Year Close": "27.9100", "Annual % Change": "-5.04%"}, "2004": {"Average Stock Price": "27.9649", "Year Open": "26.6800", "Year High": "30.8100", "Year Low": "24.3000", "Year Close": "29.3900", "Annual % Change": "9.79%"}, "2003": {"Average Stock Price": "23.7027", "Year Open": "21.4700", "Year High": "27.7400", "Year Low": "19.2900", "Year Close": "26.7700", "Annual % Change": "22.74%"}, "2002": {"Average Stock Price": "22.3217", "Year Open": "20.8500", "Year High": "26.0000", "Year Low": "19.0800", "Year Close": "21.8100", "Annual % Change": "3.51%"}, "2001": {"Average Stock Price": "20.3998", "Year Open": "20.6900", "Year High": "22.7800", "Year Low": "18.4800", "Year Close": "21.0700", "Annual % Change": "1.84%"}, "2000": {"Average Stock Price": "18.6053", "Year Open": "16.0000", "Year High": "21.9400", "Year Low": "15.3800", "Year Close": "20.6900", "Annual % Change": "26.31%"}, "1999": {"Average Stock Price": "17.6425", "Year Open": "18.1300", "Year High": "20.4400", "Year Low": "15.1300", "Year Close": "16.3800", "Annual % Change": "-8.39%"}, "1998": {"Average Stock Price": "21.0765", "Year Open": "25.2500", "Year High": "26.3800", "Year Low": "16.2500", "Year Close": "17.8800", "Annual % Change": "-28.85%"}, "1997": {"Average Stock Price": "21.5878", "Year Open": "19.3800", "Year High": "25.1300", "Year Low": "18.3800", "Year Close": "25.1300", "Annual % Change": "28.87%"}, "1996": {"Average Stock Price": "16.4015", "Year Open": "10.6811", "Year High": "22.1122", "Year Low": "10.5011", "Year Close": "19.5000", "Annual % Change": "82.57%"}, "1995": {"Average Stock Price": "11.3270", "Year Open": "14.2514", "Year High": "14.2514", "Year Low": "10.1110", "Year Close": "10.6811", "Annual % Change": "-17.40%"}, "1994": {"Average Stock Price": "11.3672", "Year Open": "5.2505", "Year High": "18.0018", "Year Low": "5.0705", "Year Close": "12.9313", "Annual % Change": "130.48%"}, "1993": {"Average Stock Price": "3.4877", "Year Open": "1.1101", "Year High": "6.7507", "Year Low": "1.1101", "Year Close": "5.6106", "Annual % Change": "405.41%"}, "1992": {"Average Stock Price": "2.5273", "Year Open": "1.5002", "Year High": "4.5005", "Year Low": "0.9301", "Year Close": "1.1101", "Annual % Change": "-26.00%"}, "1991": {"Average Stock Price": "1.9181", "Year Open": "1.8602", "Year High": "2.6103", "Year Low": "1.1101", "Year Close": "1.5002", "Annual % Change": "-10.71%"}, "1990": {"Average Stock Price": "3.0391", "Year Open": "4.5005", "Year High": "4.5005", "Year Low": "1.5002", "Year Close": "1.6802", "Annual % Change": "-59.12%"}, "1989": {"Average Stock Price": "6.2248", "Year Open": "7.5008", "Year High": "8.2508", "Year Low": "3.7504", "Year Close": "4.1104", "Annual % Change": "-47.71%"}, "1988": {"Average Stock Price": "9.1923", "Year Open": "9.7510", "Year High": "14.2514", "Year Low": "6.0006", "Year Close": "7.8608", "Annual % Change": "-16.03%"}, "1987": {"Average Stock Price": "22.0804", "Year Open": "31.1131", "Year High": "33.3633", "Year Low": "9.0009", "Year Close": "9.3609", "Annual % Change": "-69.17%"}}}, "market cap": {"value": "$1.96B"}, "income statement": {"Revenue": {"2020-12-31": "534.85200", "2019-12-31": "580.41700", "2018-12-31": "544.34500", "2017-12-31": "520.49300", "2016-12-31": "525.46300", "2015-12-31": "602.63100", "2014-12-31": "596.98200", "2013-12-31": "562.21000", "2012-12-31": "535.67900", "2011-12-31": "538.56800", "2010-12-31": "540.43200", "2009-12-31": "567.92000", "2008-12-31": "580.93200", "2007-12-31": "604.81100", "2006-12-31": "568.88300", "2005-12-31": "364.43500"}, "Cost Of Goods Sold": {"2020-12-31": "205.45600", "2019-12-31": "225.84600", "2018-12-31": "218.09900", "2017-12-31": "206.07500", "2016-12-31": "209.44800", "2015-12-31": "238.08700", "2014-12-31": "235.96500", "2013-12-31": "221.76900", "2012-12-31": "210.84800", "2011-12-31": "216.79100", "2010-12-31": "221.08700", "2009-12-31": "227.16000", "2008-12-31": "224.59900", "2007-12-31": "230.53700", "2006-12-31": "217.44500", "2005-12-31": "141.71800"}, "Gross Profit": {"2020-12-31": "329.39600", "2019-12-31": "354.57100", "2018-12-31": "326.24600", "2017-12-31": "314.41800", "2016-12-31": "316.01500", "2015-12-31": "364.54400", "2014-12-31": "361.01700", "2013-12-31": "340.44100", "2012-12-31": "324.83100", "2011-12-31": "321.77700", "2010-12-31": "319.34500", "2009-12-31": "340.76000", "2008-12-31": "356.33300", "2007-12-31": "374.27400", "2006-12-31": "351.43800", "2005-12-31": "222.71700"}, "Research And Development Expenses": {"2020-12-31": "", "2019-12-31": "", "2018-12-31": "", "2017-12-31": "", "2016-12-31": "", "2015-12-31": "", "2014-12-31": "", "2013-12-31": "", "2012-12-31": "", "2011-12-31": "", "2010-12-31": "", "2009-12-31": "", "2008-12-31": "", "2007-12-31": "", "2006-12-31": "", "2005-12-31": ""}, "SG&A Expenses": {"2020-12-31": "30.28800", "2019-12-31": "32.15600", "2018-12-31": "27.80200", "2017-12-31": "28.53800", "2016-12-31": "26.59600", "2015-12-31": "29.40600", "2014-12-31": "26.77900", "2013-12-31": "27.62800", "2012-12-31": "25.41300", "2011-12-31": "24.60200", "2010-12-31": "23.30600", "2009-12-31": "20.82100", "2008-12-31": "23.00200", "2007-12-31": "27.93200", "2006-12-31": "30.34000", "2005-12-31": "17.98200"}, "Other Operating Income Or Expenses": {"2020-12-31": "289.66200", "2019-12-31": "2.37600", "2018-12-31": "-65.73500", "2017-12-31": "29.91300", "2016-12-31": "-40.51700", "2015-12-31": "-82.20800", "2014-12-31": "-1.76500", "2013-12-31": "", "2012-12-31": "", "2011-12-31": "", "2010-12-31": "", "2009-12-31": "", "2008-12-31": "-10.84100", "2007-12-31": "", "2006-12-31": "", "2005-12-31": ""}, "Operating Expenses": {"2020-12-31": "134.36500", "2019-12-31": "465.63100", "2018-12-31": "487.63600", "2017-12-31": "385.02300", "2016-12-31": "466.23700", "2015-12-31": "568.73000", "2014-12-31": "473.07800", "2013-12-31": "446.41800", "2012-12-31": "424.64300", "2011-12-31": "444.32600", "2010-12-31": "447.73800", "2009-12-31": "451.55300", "2008-12-31": "457.88900", "2007-12-31": "478.02200", "2006-12-31": "458.20500", "2005-12-31": "265.87500"}, "Operating Income": {"2020-12-31": "400.48700", "2019-12-31": "114.78600", "2018-12-31": "56.70900", "2017-12-31": "135.47000", "2016-12-31": "59.22600", "2015-12-31": "33.90090", "2014-12-31": "123.90400", "2013-12-31": "115.79200", "2012-12-31": "111.03600", "2011-12-31": "94.24200", "2010-12-31": "92.69400", "2009-12-31": "116.36700", "2008-12-31": "123.04300", "2007-12-31": "126.78900", "2006-12-31": "110.67800", "2005-12-31": "98.56000"}, "Total Non-Operating Income/Expense": {"2020-12-31": "-93.38500", "2019-12-31": "-80.24500", "2018-12-31": "79.18600", "2017-12-31": "-14.92100", "2016-12-31": "-18.72500", "2015-12-31": "-64.64100", "2014-12-31": "-117.88000", "2013-12-31": "-76.81000", "2012-12-31": "-148.34500", "2011-12-31": "-118.79800", "2010-12-31": "-130.01900", "2009-12-31": "-112.77900", "2008-12-31": "-123.70500", "2007-12-31": "-117.45600", "2006-12-31": "-141.22300", "2005-12-31": "-64.73900"}, "Pre-Tax Income": {"2020-12-31": "307.10200", "2019-12-31": "34.54100", "2018-12-31": "135.89500", "2017-12-31": "120.54900", "2016-12-31": "40.50100", "2015-12-31": "-30.74000", "2014-12-31": "6.02400", "2013-12-31": "38.98200", "2012-12-31": "-37.30900", "2011-12-31": "-24.55600", "2010-12-31": "-37.32500", "2009-12-31": "3.58800", "2008-12-31": "-0.66200", "2007-12-31": "9.33300", "2006-12-31": "-30.54500", "2005-12-31": "33.82100"}, "Income Taxes": {"2020-12-31": "-0.22400", "2019-12-31": "0.01200", "2018-12-31": "0.42300", "2017-12-31": "-0.62800", "2016-12-31": "", "2015-12-31": "0.00000", "2014-12-31": "", "2013-12-31": "", "2012-12-31": "", "2011-12-31": "", "2010-12-31": "", "2009-12-31": "", "2008-12-31": "", "2007-12-31": "", "2006-12-31": "", "2005-12-31": ""}, "Income After Taxes": {"2020-12-31": "307.32600", "2019-12-31": "34.52900", "2018-12-31": "135.47200", "2017-12-31": "121.17700", "2016-12-31": "40.50100", "2015-12-31": "-30.74000", "2014-12-31": "6.02400", "2013-12-31": "38.98200", "2012-12-31": "-37.30900", "2011-12-31": "-24.55600", "2010-12-31": "-37.32500", "2009-12-31": "3.58800", "2008-12-31": "-0.66200", "2007-12-31": "9.33300", "2006-12-31": "-30.54500", "2005-12-31": "33.82100"}, "Other Income": {"2020-12-31": "", "2019-12-31": "", "2018-12-31": "", "2017-12-31": "", "2016-12-31": "", "2015-12-31": "", "2014-12-31": "", "2013-12-31": "", "2012-12-31": "", "2011-12-31": "", "2010-12-31": "", "2009-12-31": "", "2008-12-31": "", "2007-12-31": "", "2006-12-31": "", "2005-12-31": ""}, "Income From Continuous Operations": {"2020-12-31": "307.32600", "2019-12-31": "34.52900", "2018-12-31": "135.47200", "2017-12-31": "121.17700", "2016-12-31": "40.50100", "2015-12-31": "-30.74000", "2014-12-31": "6.02400", "2013-12-31": "38.98200", "2012-12-31": "-37.30900", "2011-12-31": "-24.55600", "2010-12-31": "-37.32500", "2009-12-31": "3.58800", "2008-12-31": "-0.66200", "2007-12-31": "9.33300", "2006-12-31": "-28.64700", "2005-12-31": "32.77800"}, "Income From Discontinued Operations": {"2020-12-31": "", "2019-12-31": "", "2018-12-31": "", "2017-12-31": "", "2016-12-31": "", "2015-12-31": "", "2014-12-31": "0.91800", "2013-12-31": "4.20700", "2012-12-31": "43.83800", "2011-12-31": "19.84100", "2010-12-31": "19.71900", "2009-12-31": "4.50100", "2008-12-31": "39.18700", "2007-12-31": "46.00200", "2006-12-31": "38.46100", "2005-12-31": "9.98900"}, "Net Income": {"2020-12-31": "305.11700", "2019-12-31": "33.87100", "2018-12-31": "134.14900", "2017-12-31": "114.63300", "2016-12-31": "32.95000", "2015-12-31": "-37.63000", "2014-12-31": "-0.27400", "2013-12-31": "35.51400", "2012-12-31": "-8.23800", "2011-12-31": "-12.99600", "2010-12-31": "-25.57800", "2009-12-31": "-0.24500", "2008-12-31": "28.46200", "2007-12-31": "44.12400", "2006-12-31": "1.82200", "2005-12-31": "34.77500"}, "EBITDA": {"2020-12-31": "400.48700", "2019-12-31": "325.76700", "2018-12-31": "238.28100", "2017-12-31": "321.60890", "2016-12-31": "250.85000", "2015-12-31": "253.83690", "2014-12-31": "334.85000", "2013-12-31": "321.50700", "2012-12-31": "317.18400", "2011-12-31": "319.80800", "2010-12-31": "311.21300", "2009-12-31": "334.72800", "2008-12-31": "347.21200", "2007-12-31": "375.17900", "2006-12-31": "374.72700", "2005-12-31": "215.53200"}, "EBIT": {"2020-12-31": "400.48700", "2019-12-31": "114.78600", "2018-12-31": "56.70900", "2017-12-31": "135.47000", "2016-12-31": "59.22600", "2015-12-31": "33.90090", "2014-12-31": "123.90400", "2013-12-31": "115.79200", "2012-12-31": "111.03600", "2011-12-31": "94.24200", "2010-12-31": "92.69400", "2009-12-31": "116.36700", "2008-12-31": "123.04300", "2007-12-31": "126.78900", "2006-12-31": "110.67800", "2005-12-31": "98.56000"}, "Basic Shares Outstanding": {"2020-12-31": "171.92600", "2019-12-31": "176.13300", "2018-12-31": "178.52000", "2017-12-31": "175.48400", "2016-12-31": "175.01820", "2015-12-31": "178.16200", "2014-12-31": "166.20270", "2013-12-31": "153.14050", "2012-12-31": "143.25700", "2011-12-31": "135.44400", "2010-12-31": "131.74300", "2009-12-31": "111.89800", "2008-12-31": "87.57400", "2007-12-31": "87.27200", "2006-12-31": "89.55200", "2005-12-31": "55.84600"}, "Shares Outstanding": {"2020-12-31": "172.31700", "2019-12-31": "176.68700", "2018-12-31": "179.64100", "2017-12-31": "176.80800", "2016-12-31": "176.01080", "2015-12-31": "178.16200", "2014-12-31": "166.20270", "2013-12-31": "154.41430", "2012-12-31": "143.25700", "2011-12-31": "135.44400", "2010-12-31": "131.74300", "2009-12-31": "113.25100", "2008-12-31": "87.58300", "2007-12-31": "87.32100", "2006-12-31": "90.07100", "2005-12-31": "56.10500"}, "Basic EPS": {"2020-12-31": "1.77000", "2019-12-31": "0.19000", "2018-12-31": "0.75000", "2017-12-31": "0.65000", "2016-12-31": "0.19000", "2015-12-31": "-0.21000", "2014-12-31": "-0.00160", "2013-12-31": "0.23000", "2012-12-31": "-0.06000", "2011-12-31": "-0.10000", "2010-12-31": "-0.19000", "2009-12-31": "-0.00220", "2008-12-31": "0.32000", "2007-12-31": "0.50000", "2006-12-31": "0.02000", "2005-12-31": "0.62000"}, "EPS - Earnings Per Share": {"2020-12-31": "1.77000", "2019-12-31": "0.19000", "2018-12-31": "0.75000", "2017-12-31": "0.65000", "2016-12-31": "0.19000", "2015-12-31": "-0.21000", "2014-12-31": "0.00000", "2013-12-31": "0.23000", "2012-12-31": "-0.06000", "2011-12-31": "-0.10000", "2010-12-31": "-0.19000", "2009-12-31": "-0.00220", "2008-12-31": "0.32000", "2007-12-31": "0.50000", "2006-12-31": "0.02000", "2005-12-31": "0.62000"}}, "income statement, quarterly": {"Revenue": {"2020-12-31": "126.82100", "2020-09-30": "126.10600", "2020-06-30": "136.83700", "2020-03-31": "145.08800", "2019-12-31": "147.03900", "2019-09-30": "145.33100", "2019-06-30": "144.15100", "2019-03-31": "143.89600", "2018-12-31": "139.20300", "2018-09-30": "134.99800", "2018-06-30": "133.78600", "2018-03-31": "136.35800", "2017-12-31": "133.34400", "2017-09-30": "128.43800", "2017-06-30": "127.79100", "2017-03-31": "130.92000", "2016-12-31": "132.08600", "2016-09-30": "129.69400", "2016-06-30": "127.18100", "2016-03-31": "136.50200", "2015-12-31": "153.99190", "2015-09-30": "152.58500", "2015-06-30": "145.64800", "2015-03-31": "150.40600", "2014-12-31": "147.81000", "2014-09-30": "146.55800", "2014-06-30": "150.50000", "2014-03-31": "152.11400", "2013-12-31": "138.65800", "2013-09-30": "143.35400", "2013-06-30": "140.64400", "2013-03-31": "139.55400", "2012-12-31": "134.81700", "2012-09-30": "134.52000", "2012-06-30": "131.80300", "2012-03-31": "134.53900", "2011-12-31": "115.62000", "2011-09-30": "139.40100", "2011-06-30": "139.24900", "2011-03-31": "144.29800", "2010-12-31": "122.00900", "2010-09-30": "141.49200", "2010-06-30": "135.49700", "2010-03-31": "141.43400", "2009-12-31": "133.18100", "2009-09-30": "145.93400", "2009-06-30": "142.07400", "2009-03-31": "146.73100", "2008-12-31": "133.58400", "2008-09-30": "144.33800", "2008-06-30": "150.76600", "2008-03-31": "152.24400", "2007-12-31": "124.65400", "2007-09-30": "163.14000", "2007-06-30": "152.22000", "2007-03-31": "164.79700", "2006-12-31": "112.09400", "2006-09-30": "162.44200", "2006-06-30": "150.42900", "2006-03-31": "143.91800", "2005-12-31": "74.61500", "2005-09-30": "95.02700", "2005-06-30": "95.46700", "2005-03-31": "99.32600"}, "Cost Of Goods Sold": {"2020-12-31": "47.06500", "2020-09-30": "48.99900", "2020-06-30": "52.48200", "2020-03-31": "56.91000", "2019-12-31": "55.15000", "2019-09-30": "56.07400", "2019-06-30": "57.22200", "2019-03-31": "57.40000", "2018-12-31": "56.13200", "2018-09-30": "52.89700", "2018-06-30": "52.56600", "2018-03-31": "56.50400", "2017-12-31": "53.67500", "2017-09-30": "50.70100", "2017-06-30": "50.61800", "2017-03-31": "51.08100", "2016-12-31": "53.13500", "2016-09-30": "51.31700", "2016-06-30": "50.22100", "2016-03-31": "54.77500", "2015-12-31": "62.42200", "2015-09-30": "58.61800", "2015-06-30": "56.34900", "2015-03-31": "60.69800", "2014-12-31": "59.05300", "2014-09-30": "57.23100", "2014-06-30": "57.70700", "2014-03-31": "61.97400", "2013-12-31": "55.60400", "2013-09-30": "56.12300", "2013-06-30": "54.97300", "2013-03-31": "55.06900", "2012-12-31": "53.25200", "2012-09-30": "53.56700", "2012-06-30": "51.13500", "2012-03-31": "52.89400", "2011-12-31": "46.54300", "2011-09-30": "55.37100", "2011-06-30": "54.40700", "2011-03-31": "60.47000", "2010-12-31": "52.03100", "2010-09-30": "57.47500", "2010-06-30": "52.89400", "2010-03-31": "58.68700", "2009-12-31": "55.57300", "2009-09-30": "56.17900", "2009-06-30": "55.03900", "2009-03-31": "60.36900", "2008-12-31": "52.54100", "2008-09-30": "55.45500", "2008-06-30": "57.87200", "2008-03-31": "58.73100", "2007-12-31": "46.94000", "2007-09-30": "61.15000", "2007-06-30": "58.99000", "2007-03-31": "63.45700", "2006-12-31": "44.25200", "2006-09-30": "62.12000", "2006-06-30": "55.89200", "2006-03-31": "55.18100", "2005-12-31": "28.48100", "2005-09-30": "36.40800", "2005-06-30": "37.29300", "2005-03-31": "39.53600"}, "Gross Profit": {"2020-12-31": "79.75600", "2020-09-30": "77.10700", "2020-06-30": "84.35500", "2020-03-31": "88.17800", "2019-12-31": "91.88900", "2019-09-30": "89.25700", "2019-06-30": "86.92900", "2019-03-31": "86.49600", "2018-12-31": "83.07100", "2018-09-30": "82.10100", "2018-06-30": "81.22000", "2018-03-31": "79.85400", "2017-12-31": "79.66900", "2017-09-30": "77.73700", "2017-06-30": "77.17300", "2017-03-31": "79.83900", "2016-12-31": "78.95100", "2016-09-30": "78.37700", "2016-06-30": "76.96000", "2016-03-31": "81.72700", "2015-12-31": "91.57000", "2015-09-30": "93.96700", "2015-06-30": "89.29900", "2015-03-31": "89.70800", "2014-12-31": "88.75700", "2014-09-30": "89.32700", "2014-06-30": "92.79300", "2014-03-31": "90.14000", "2013-12-31": "83.05400", "2013-09-30": "87.23100", "2013-06-30": "85.67100", "2013-03-31": "84.48500", "2012-12-31": "81.56500", "2012-09-30": "80.95300", "2012-06-30": "80.66800", "2012-03-31": "81.64500", "2011-12-31": "69.07700", "2011-09-30": "84.03000", "2011-06-30": "84.84200", "2011-03-31": "83.82800", "2010-12-31": "69.97800", "2010-09-30": "84.01700", "2010-06-30": "82.60300", "2010-03-31": "82.74700", "2009-12-31": "77.60800", "2009-09-30": "89.75500", "2009-06-30": "87.03500", "2009-03-31": "86.36200", "2008-12-31": "81.04300", "2008-09-30": "88.88300", "2008-06-30": "92.89400", "2008-03-31": "93.51300", "2007-12-31": "77.71400", "2007-09-30": "101.99000", "2007-06-30": "93.23000", "2007-03-31": "101.34000", "2006-12-31": "67.84200", "2006-09-30": "100.32200", "2006-06-30": "94.53700", "2006-03-31": "88.73700", "2005-12-31": "46.13400", "2005-09-30": "58.61900", "2005-06-30": "58.17400", "2005-03-31": "59.79000"}, "Research And Development Expenses": {"2020-12-31": "", "2020-09-30": "", "2020-06-30": "", "2020-03-31": "", "2019-12-31": "", "2019-09-30": "", "2019-06-30": "", "2019-03-31": "", "2018-12-31": "", "2018-09-30": "", "2018-06-30": "", "2018-03-31": "", "2017-12-31": "", "2017-09-30": "", "2017-06-30": "", "2017-03-31": "", "2016-12-31": "", "2016-09-30": "", "2016-06-30": "", "2016-03-31": "", "2015-12-31": "", "2015-09-30": "", "2015-06-30": "", "2015-03-31": "", "2014-12-31": "", "2014-09-30": "", "2014-06-30": "", "2014-03-31": "", "2013-12-31": "", "2013-09-30": "", "2013-06-30": "", "2013-03-31": "", "2012-12-31": "", "2012-09-30": "", "2012-06-30": "", "2012-03-31": "", "2011-12-31": "", "2011-09-30": "", "2011-06-30": "", "2011-03-31": "", "2010-12-31": "", "2010-09-30": "", "2010-06-30": "", "2010-03-31": "", "2009-12-31": "", "2009-09-30": "", "2009-06-30": "", "2009-03-31": "", "2008-12-31": "", "2008-09-30": "", "2008-06-30": "", "2008-03-31": "", "2007-12-31": "", "2007-09-30": "", "2007-06-30": "", "2007-03-31": "", "2006-12-31": "", "2006-09-30": "", "2006-06-30": "", "2006-03-31": "", "2005-12-31": "", "2005-09-30": "", "2005-06-30": "", "2005-03-31": ""}, "SG&A Expenses": {"2020-12-31": "6.31500", "2020-09-30": "7.06900", "2020-06-30": "8.34300", "2020-03-31": "8.56100", "2019-12-31": "6.93900", "2019-09-30": "6.97400", "2019-06-30": "8.39900", "2019-03-31": "9.84400", "2018-12-31": "5.59300", "2018-09-30": "5.96300", "2018-06-30": "7.52300", "2018-03-31": "8.72300", "2017-12-31": "6.74100", "2017-09-30": "5.81300", "2017-06-30": "6.65900", "2017-03-31": "9.32500", "2016-12-31": "5.88500", "2016-09-30": "5.51500", "2016-06-30": "6.07600", "2016-03-31": "9.12000", "2015-12-31": "7.85200", "2015-09-30": "6.12700", "2015-06-30": "6.79100", "2015-03-31": "8.63600", "2014-12-31": "6.69300", "2014-09-30": "5.90000", "2014-06-30": "6.00500", "2014-03-31": "8.18100", "2013-12-31": "7.30500", "2013-09-30": "6.43600", "2013-06-30": "7.33600", "2013-03-31": "6.55100", "2012-12-31": "7.20400", "2012-09-30": "6.08000", "2012-06-30": "6.07900", "2012-03-31": "6.05000", "2011-12-31": "6.29100", "2011-09-30": "6.17700", "2011-06-30": "5.89000", "2011-03-31": "6.24400", "2010-12-31": "4.80800", "2010-09-30": "5.75300", "2010-06-30": "6.65300", "2010-03-31": "6.09200", "2009-12-31": "5.33000", "2009-09-30": "5.01800", "2009-06-30": "5.51500", "2009-03-31": "4.95800", "2008-12-31": "5.10000", "2008-09-30": "6.86300", "2008-06-30": "6.12700", "2008-03-31": "4.91200", "2007-12-31": "6.25400", "2007-09-30": "7.40200", "2007-06-30": "7.00700", "2007-03-31": "7.26900", "2006-12-31": "7.63600", "2006-09-30": "6.49000", "2006-06-30": "7.72400", "2006-03-31": "8.49000", "2005-12-31": "4.36600", "2005-09-30": "4.48600", "2005-06-30": "4.37800", "2005-03-31": "4.75200"}, "Other Operating Income Or Expenses": {"2020-12-31": "14.97400", "2020-09-30": "271.90100", "2020-06-30": "0.20100", "2020-03-31": "2.58600", "2019-12-31": "0.51900", "2019-09-30": "0.60600", "2019-06-30": "0.25000", "2019-03-31": "1.00100", "2018-12-31": "-11.69400", "2018-09-30": "-56.86500", "2018-06-30": "2.80200", "2018-03-31": "0.02200", "2017-12-31": "32.97000", "2017-09-30": "", "2017-06-30": "-0.32700", "2017-03-31": "-2.73000", "2016-12-31": "-27.44800", "2016-09-30": "", "2016-06-30": "-5.67900", "2016-03-31": "-7.39000", "2015-12-31": "-79.70000", "2015-09-30": "", "2015-06-30": "-0.78200", "2015-03-31": "-1.72600", "2014-12-31": "", "2014-09-30": "", "2014-06-30": "", "2014-03-31": "", "2013-12-31": "", "2013-09-30": "", "2013-06-30": "", "2013-03-31": "", "2012-12-31": "", "2012-09-30": "", "2012-06-30": "", "2012-03-31": "", "2011-12-31": "", "2011-09-30": "", "2011-06-30": "", "2011-03-31": "", "2010-12-31": "", "2010-09-30": "", "2010-06-30": "", "2010-03-31": "", "2009-12-31": "", "2009-09-30": "", "2009-06-30": "", "2009-03-31": "", "2008-12-31": "", "2008-09-30": "", "2008-06-30": "", "2008-03-31": "", "2007-12-31": "", "2007-09-30": "", "2007-06-30": "", "2007-03-31": "", "2006-12-31": "", "2006-09-30": "", "2006-06-30": "", "2006-03-31": "", "2005-12-31": "", "2005-09-30": "", "2005-06-30": "", "2005-03-31": ""}, "Operating Expenses": {"2020-12-31": "81.37500", "2020-09-30": "-172.30000", "2020-06-30": "110.36700", "2020-03-31": "114.92300", "2019-12-31": "112.83700", "2019-09-30": "118.06900", "2019-06-30": "117.03800", "2019-03-31": "117.68700", "2018-12-31": "118.02900", "2018-09-30": "159.86600", "2018-06-30": "101.24500", "2018-03-31": "108.49600", "2017-12-31": "75.18500", "2017-09-30": "98.94300", "2017-06-30": "101.86700", "2017-03-31": "109.02800", "2016-12-31": "133.40800", "2016-09-30": "103.78800", "2016-06-30": "108.88300", "2016-03-31": "120.15800", "2015-12-31": "208.64810", "2015-09-30": "123.05900", "2015-06-30": "114.85200", "2015-03-31": "122.17100", "2014-12-31": "118.30700", "2014-09-30": "115.74700", "2014-06-30": "116.29900", "2014-03-31": "122.72500", "2013-12-31": "110.63000", "2013-09-30": "113.14200", "2013-06-30": "111.55000", "2013-03-31": "111.09600", "2012-12-31": "106.31090", "2012-09-30": "106.60200", "2012-06-30": "104.69000", "2012-03-31": "107.04000", "2011-12-31": "97.81900", "2011-09-30": "113.49100", "2011-06-30": "116.00700", "2011-03-31": "117.00900", "2010-12-31": "105.14900", "2010-09-30": "114.87200", "2010-06-30": "110.83600", "2010-03-31": "116.88100", "2009-12-31": "109.40900", "2009-09-30": "112.34000", "2009-06-30": "113.26200", "2009-03-31": "116.54200", "2008-12-31": "115.11400", "2008-09-30": "112.33700", "2008-06-30": "115.49100", "2008-03-31": "114.94700", "2007-12-31": "100.42300", "2007-09-30": "125.42800", "2007-06-30": "119.53900", "2007-03-31": "132.63200", "2006-12-31": "86.65900", "2006-09-30": "128.90200", "2006-06-30": "127.76100", "2006-03-31": "114.88300", "2005-12-31": "54.53700", "2005-09-30": "69.12400", "2005-06-30": "69.49100", "2005-03-31": "72.72300"}, "Operating Income": {"2020-12-31": "45.44600", "2020-09-30": "298.40600", "2020-06-30": "26.47000", "2020-03-31": "30.16500", "2019-12-31": "34.20200", "2019-09-30": "27.26200", "2019-06-30": "27.11300", "2019-03-31": "26.20900", "2018-12-31": "21.17400", "2018-09-30": "-24.86800", "2018-06-30": "32.54100", "2018-03-31": "27.86200", "2017-12-31": "58.15900", "2017-09-30": "29.49500", "2017-06-30": "25.92400", "2017-03-31": "21.89200", "2016-12-31": "-1.32200", "2016-09-30": "25.90600", "2016-06-30": "18.29800", "2016-03-31": "16.34400", "2015-12-31": "-54.65610", "2015-09-30": "29.52600", "2015-06-30": "30.79600", "2015-03-31": "28.23500", "2014-12-31": "29.50300", "2014-09-30": "30.81100", "2014-06-30": "34.20100", "2014-03-31": "29.38900", "2013-12-31": "28.02800", "2013-09-30": "30.21200", "2013-06-30": "29.09400", "2013-03-31": "28.45800", "2012-12-31": "28.50610", "2012-09-30": "27.91800", "2012-06-30": "27.11300", "2012-03-31": "27.49900", "2011-12-31": "17.80100", "2011-09-30": "25.91000", "2011-06-30": "23.24200", "2011-03-31": "27.28900", "2010-12-31": "16.86000", "2010-09-30": "26.62000", "2010-06-30": "24.66100", "2010-03-31": "24.55300", "2009-12-31": "23.77200", "2009-09-30": "33.59400", "2009-06-30": "28.81200", "2009-03-31": "30.18900", "2008-12-31": "18.47000", "2008-09-30": "32.00100", "2008-06-30": "35.27500", "2008-03-31": "37.29700", "2007-12-31": "24.23100", "2007-09-30": "37.71200", "2007-06-30": "32.68100", "2007-03-31": "32.16500", "2006-12-31": "25.43500", "2006-09-30": "33.54000", "2006-06-30": "22.66800", "2006-03-31": "29.03500", "2005-12-31": "20.07800", "2005-09-30": "25.90300", "2005-06-30": "25.97600", "2005-03-31": "26.60300"}, "Total Non-Operating Income/Expense": {"2020-12-31": "-26.36000", "2020-09-30": "-22.27100", "2020-06-30": "-22.68000", "2020-03-31": "-22.07400", "2019-12-31": "-17.36200", "2019-09-30": "-20.44200", "2019-06-30": "-20.84400", "2019-03-31": "-21.59700", "2018-12-31": "100.50400", "2018-09-30": "-18.65400", "2018-06-30": "-19.64500", "2018-03-31": "16.98100", "2017-12-31": "15.40700", "2017-09-30": "-11.24200", "2017-06-30": "-18.56500", "2017-03-31": "-0.52100", "2016-12-31": "-11.04800", "2016-09-30": "-18.02200", "2016-06-30": "-19.62100", "2016-03-31": "29.96600", "2015-12-31": "-8.04400", "2015-09-30": "-9.21800", "2015-06-30": "-27.73800", "2015-03-31": "-19.64100", "2014-12-31": "-31.37200", "2014-09-30": "-21.92600", "2014-06-30": "-32.95600", "2014-03-31": "-31.62600", "2013-12-31": "-7.25800", "2013-09-30": "-19.06500", "2013-06-30": "-19.78400", "2013-03-31": "-30.70300", "2012-12-31": "-57.54600", "2012-09-30": "-22.41800", "2012-06-30": "-33.02300", "2012-03-31": "-35.35800", "2011-12-31": "-33.83800", "2011-09-30": "-21.04900", "2011-06-30": "-35.05500", "2011-03-31": "-28.85600", "2010-12-31": "-34.30600", "2010-09-30": "-33.61800", "2010-06-30": "-30.52900", "2010-03-31": "-31.56600", "2009-12-31": "-33.05600", "2009-09-30": "-27.67400", "2009-06-30": "-22.95500", "2009-03-31": "-29.09400", "2008-12-31": "-17.60800", "2008-09-30": "-35.84900", "2008-06-30": "-35.55400", "2008-03-31": "-34.69400", "2007-12-31": "-4.67800", "2007-09-30": "-38.31600", "2007-06-30": "-34.38700", "2007-03-31": "-40.07500", "2006-12-31": "-27.93800", "2006-09-30": "-39.29700", "2006-06-30": "-36.74600", "2006-03-31": "-37.24200", "2005-12-31": "-19.27500", "2005-09-30": "-12.07300", "2005-06-30": "-16.53000", "2005-03-31": "-16.86100"}, "Pre-Tax Income": {"2020-12-31": "19.08600", "2020-09-30": "276.13500", "2020-06-30": "3.79000", "2020-03-31": "8.09100", "2019-12-31": "16.84000", "2019-09-30": "6.82000", "2019-06-30": "6.26900", "2019-03-31": "4.61200", "2018-12-31": "121.67800", "2018-09-30": "-43.52200", "2018-06-30": "12.89600", "2018-03-31": "44.84300", "2017-12-31": "73.56600", "2017-09-30": "18.25300", "2017-06-30": "7.35900", "2017-03-31": "21.37100", "2016-12-31": "-12.37000", "2016-09-30": "7.88400", "2016-06-30": "-1.32300", "2016-03-31": "46.31000", "2015-12-31": "-62.70000", "2015-09-30": "20.30800", "2015-06-30": "3.05800", "2015-03-31": "8.59400", "2014-12-31": "-1.86900", "2014-09-30": "8.88500", "2014-06-30": "1.24500", "2014-03-31": "-2.23700", "2013-12-31": "20.77000", "2013-09-30": "11.14700", "2013-06-30": "9.31000", "2013-03-31": "-2.24500", "2012-12-31": "-29.04000", "2012-09-30": "5.50000", "2012-06-30": "-5.91000", "2012-03-31": "-7.85900", "2011-12-31": "-16.03700", "2011-09-30": "4.86100", "2011-06-30": "-11.81300", "2011-03-31": "-1.56700", "2010-12-31": "-17.44600", "2010-09-30": "-6.99800", "2010-06-30": "-5.86800", "2010-03-31": "-7.01300", "2009-12-31": "-9.28400", "2009-09-30": "5.92000", "2009-06-30": "5.85700", "2009-03-31": "1.09500", "2008-12-31": "0.86200", "2008-09-30": "-3.84800", "2008-06-30": "-0.27900", "2008-03-31": "2.60300", "2007-12-31": "19.55300", "2007-09-30": "-0.60400", "2007-06-30": "-1.70600", "2007-03-31": "-7.91000", "2006-12-31": "-2.50300", "2006-09-30": "-5.75700", "2006-06-30": "-14.07800", "2006-03-31": "-8.20700", "2005-12-31": "0.80300", "2005-09-30": "13.83000", "2005-06-30": "9.44600", "2005-03-31": "9.74200"}, "Income Taxes": {"2020-12-31": "", "2020-09-30": "0.00200", "2020-06-30": "-0.23000", "2020-03-31": "0.00400", "2019-12-31": "-0.03400", "2019-09-30": "", "2019-06-30": "0.01700", "2019-03-31": "0.02900", "2018-12-31": "0.26500", "2018-09-30": "", "2018-06-30": "0.02000", "2018-03-31": "0.13800", "2017-12-31": "0.40400", "2017-09-30": "-0.79300", "2017-06-30": "-0.33900", "2017-03-31": "0.10000", "2016-12-31": "", "2016-09-30": "", "2016-06-30": "", "2016-03-31": "", "2015-12-31": "", "2015-09-30": "", "2015-06-30": "", "2015-03-31": "", "2014-12-31": "", "2014-09-30": "", "2014-06-30": "", "2014-03-31": "", "2013-12-31": "", "2013-09-30": "", "2013-06-30": "", "2013-03-31": "", "2012-12-31": "", "2012-09-30": "", "2012-06-30": "", "2012-03-31": "", "2011-12-31": "", "2011-09-30": "", "2011-06-30": "", "2011-03-31": "", "2010-12-31": "", "2010-09-30": "", "2010-06-30": "", "2010-03-31": "", "2009-12-31": "", "2009-09-30": "", "2009-06-30": "", "2009-03-31": "", "2008-12-31": "", "2008-09-30": "", "2008-06-30": "", "2008-03-31": "", "2007-12-31": "", "2007-09-30": "", "2007-06-30": "", "2007-03-31": "", "2006-12-31": "", "2006-09-30": "", "2006-06-30": "", "2006-03-31": "", "2005-12-31": "", "2005-09-30": "", "2005-06-30": "", "2005-03-31": ""}, "Income After Taxes": {"2020-12-31": "19.08600", "2020-09-30": "276.13300", "2020-06-30": "4.02000", "2020-03-31": "8.08700", "2019-12-31": "16.87400", "2019-09-30": "6.82000", "2019-06-30": "6.25200", "2019-03-31": "4.58300", "2018-12-31": "121.41300", "2018-09-30": "-43.52200", "2018-06-30": "12.87600", "2018-03-31": "44.70500", "2017-12-31": "73.16200", "2017-09-30": "19.04600", "2017-06-30": "7.69800", "2017-03-31": "21.27100", "2016-12-31": "-12.37000", "2016-09-30": "7.88400", "2016-06-30": "-1.32300", "2016-03-31": "46.31000", "2015-12-31": "-62.70000", "2015-09-30": "20.30800", "2015-06-30": "3.05800", "2015-03-31": "8.59400", "2014-12-31": "-1.86900", "2014-09-30": "8.88500", "2014-06-30": "1.24500", "2014-03-31": "-2.23700", "2013-12-31": "20.77000", "2013-09-30": "11.14700", "2013-06-30": "9.31000", "2013-03-31": "-2.24500", "2012-12-31": "-29.04000", "2012-09-30": "5.50000", "2012-06-30": "-5.91000", "2012-03-31": "-7.85900", "2011-12-31": "-16.03700", "2011-09-30": "4.86100", "2011-06-30": "-11.81300", "2011-03-31": "-1.56700", "2010-12-31": "-17.44600", "2010-09-30": "-6.99800", "2010-06-30": "-5.86800", "2010-03-31": "-7.01300", "2009-12-31": "-9.28400", "2009-09-30": "5.92000", "2009-06-30": "5.85700", "2009-03-31": "1.09500", "2008-12-31": "0.86200", "2008-09-30": "-3.84800", "2008-06-30": "-0.27900", "2008-03-31": "2.60300", "2007-12-31": "19.55300", "2007-09-30": "-0.60400", "2007-06-30": "-1.70600", "2007-03-31": "-7.91000", "2006-12-31": "-2.50300", "2006-09-30": "-5.75700", "2006-06-30": "-14.07800", "2006-03-31": "-8.20700", "2005-12-31": "0.80300", "2005-09-30": "13.83000", "2005-06-30": "9.44600", "2005-03-31": "9.74200"}, "Other Income": {"2020-12-31": "", "2020-09-30": "", "2020-06-30": "", "2020-03-31": "", "2019-12-31": "", "2019-09-30": "", "2019-06-30": "", "2019-03-31": "", "2018-12-31": "", "2018-09-30": "", "2018-06-30": "", "2018-03-31": "", "2017-12-31": "", "2017-09-30": "", "2017-06-30": "", "2017-03-31": "", "2016-12-31": "", "2016-09-30": "", "2016-06-30": "", "2016-03-31": "", "2015-12-31": "", "2015-09-30": "", "2015-06-30": "", "2015-03-31": "", "2014-12-31": "", "2014-09-30": "", "2014-06-30": "", "2014-03-31": "", "2013-12-31": "", "2013-09-30": "", "2013-06-30": "", "2013-03-31": "", "2012-12-31": "", "2012-09-30": "", "2012-06-30": "", "2012-03-31": "", "2011-12-31": "", "2011-09-30": "", "2011-06-30": "", "2011-03-31": "", "2010-12-31": "", "2010-09-30": "", "2010-06-30": "", "2010-03-31": "", "2009-12-31": "", "2009-09-30": "", "2009-06-30": "", "2009-03-31": "", "2008-12-31": "", "2008-09-30": "", "2008-06-30": "", "2008-03-31": "", "2007-12-31": "", "2007-09-30": "", "2007-06-30": "", "2007-03-31": "", "2006-12-31": "", "2006-09-30": "", "2006-06-30": "", "2006-03-31": "", "2005-12-31": "", "2005-09-30": "", "2005-06-30": "", "2005-03-31": ""}, "Income From Continuous Operations": {"2020-12-31": "19.08600", "2020-09-30": "276.13300", "2020-06-30": "4.02000", "2020-03-31": "8.08700", "2019-12-31": "16.87400", "2019-09-30": "6.82000", "2019-06-30": "6.25200", "2019-03-31": "4.58300", "2018-12-31": "121.41300", "2018-09-30": "-43.52200", "2018-06-30": "12.87600", "2018-03-31": "44.70500", "2017-12-31": "73.16200", "2017-09-30": "19.04600", "2017-06-30": "7.69800", "2017-03-31": "21.27100", "2016-12-31": "-12.37000", "2016-09-30": "7.88400", "2016-06-30": "-1.32300", "2016-03-31": "46.31000", "2015-12-31": "-62.70000", "2015-09-30": "20.30800", "2015-06-30": "3.05800", "2015-03-31": "8.59400", "2014-12-31": "-1.86900", "2014-09-30": "8.88500", "2014-06-30": "1.24500", "2014-03-31": "-2.23700", "2013-12-31": "20.77000", "2013-09-30": "11.14700", "2013-06-30": "9.31000", "2013-03-31": "-2.24500", "2012-12-31": "-29.04000", "2012-09-30": "5.50000", "2012-06-30": "-5.91000", "2012-03-31": "-7.85900", "2011-12-31": "-16.03700", "2011-09-30": "4.86100", "2011-06-30": "-11.81300", "2011-03-31": "-1.56700", "2010-12-31": "-17.44600", "2010-09-30": "-6.99800", "2010-06-30": "-5.86800", "2010-03-31": "-7.01300", "2009-12-31": "-9.28400", "2009-09-30": "5.92000", "2009-06-30": "5.85700", "2009-03-31": "1.09500", "2008-12-31": "0.86200", "2008-09-30": "-3.84800", "2008-06-30": "-0.27900", "2008-03-31": "2.60300", "2007-12-31": "18.95400", "2007-09-30": "-0.48300", "2007-06-30": "-1.54000", "2007-03-31": "-7.59800", "2006-12-31": "-2.65100", "2006-09-30": "-5.13400", "2006-06-30": "-13.38800", "2006-03-31": "-7.47400", "2005-12-31": "0.91000", "2005-09-30": "13.38800", "2005-06-30": "9.06500", "2005-03-31": "9.41500"}, "Income From Discontinued Operations": {"2020-12-31": "", "2020-09-30": "", "2020-06-30": "", "2020-03-31": "", "2019-12-31": "", "2019-09-30": "", "2019-06-30": "", "2019-03-31": "", "2018-12-31": "", "2018-09-30": "", "2018-06-30": "", "2018-03-31": "", "2017-12-31": "", "2017-09-30": "", "2017-06-30": "", "2017-03-31": "", "2016-12-31": "", "2016-09-30": "", "2016-06-30": "", "2016-03-31": "", "2015-12-31": "", "2015-09-30": "", "2015-06-30": "", "2015-03-31": "", "2014-12-31": "0.00000", "2014-09-30": "-0.00300", "2014-06-30": "0.92900", "2014-03-31": "-0.00800", "2013-12-31": "0.23200", "2013-09-30": "-0.05900", "2013-06-30": "-2.13000", "2013-03-31": "6.16400", "2012-12-31": "2.65700", "2012-09-30": "11.58900", "2012-06-30": "12.71200", "2012-03-31": "16.88000", "2011-12-31": "11.43500", "2011-09-30": "1.75000", "2011-06-30": "5.57900", "2011-03-31": "1.07700", "2010-12-31": "12.45500", "2010-09-30": "0.38200", "2010-06-30": "0.26800", "2010-03-31": "6.61400", "2009-12-31": "5.15700", "2009-09-30": "1.38900", "2009-06-30": "-0.07700", "2009-03-31": "-1.96800", "2008-12-31": "14.10700", "2008-09-30": "5.59400", "2008-06-30": "8.49200", "2008-03-31": "10.99400", "2007-12-31": "13.40100", "2007-09-30": "2.90200", "2007-06-30": "2.72900", "2007-03-31": "26.97000", "2006-12-31": "26.09900", "2006-09-30": "5.69800", "2006-06-30": "1.83200", "2006-03-31": "4.83200", "2005-12-31": "7.71800", "2005-09-30": "2.40600", "2005-06-30": "-0.13500", "2005-03-31": ""}, "Net Income": {"2020-12-31": "18.89500", "2020-09-30": "274.42800", "2020-06-30": "3.90300", "2020-03-31": "7.89100", "2019-12-31": "16.67600", "2019-09-30": "6.67900", "2019-06-30": "6.11200", "2019-03-31": "4.40400", "2018-12-31": "120.53300", "2018-09-30": "-43.26000", "2018-06-30": "12.66100", "2018-03-31": "44.21500", "2017-12-31": "72.46000", "2017-09-30": "18.80300", "2017-06-30": "4.09200", "2017-03-31": "19.27800", "2016-12-31": "-14.05800", "2016-09-30": "6.02200", "2016-06-30": "-3.10500", "2016-03-31": "44.09100", "2015-12-31": "-63.94100", "2015-09-30": "18.34600", "2015-06-30": "1.25500", "2015-03-31": "6.71000", "2014-12-31": "-3.58500", "2014-09-30": "6.96700", "2014-06-30": "0.38500", "2014-03-31": "-4.04100", "2013-12-31": "18.97500", "2013-09-30": "9.17300", "2013-06-30": "5.30800", "2013-03-31": "2.05800", "2012-12-31": "-30.83200", "2012-09-30": "13.94900", "2012-06-30": "1.53700", "2012-03-31": "7.10800", "2011-12-31": "-6.35900", "2011-09-30": "4.13000", "2011-06-30": "-8.18800", "2011-03-31": "-2.57900", "2010-12-31": "-6.97400", "2010-09-30": "-8.56300", "2010-06-30": "-7.56700", "2010-03-31": "-2.47400", "2009-12-31": "-6.05100", "2009-09-30": "5.07700", "2009-06-30": "3.54200", "2009-03-31": "-2.81300", "2008-12-31": "12.39700", "2008-09-30": "-0.52700", "2008-06-30": "5.68700", "2008-03-31": "10.90500", "2007-12-31": "27.13800", "2007-09-30": "0.42100", "2007-06-30": "-0.80900", "2007-03-31": "17.37400", "2006-12-31": "21.45000", "2006-09-30": "-1.43400", "2006-06-30": "-13.55400", "2006-03-31": "-4.64000", "2005-12-31": "6.63000", "2005-09-30": "13.79600", "2005-06-30": "6.93200", "2005-03-31": "7.41700"}, "EBITDA": {"2020-12-31": "", "2020-09-30": "343.42900", "2020-06-30": "77.54200", "2020-03-31": "83.41100", "2019-12-31": "84.98300", "2019-09-30": "81.02700", "2019-06-30": "79.61900", "2019-03-31": "80.13800", "2018-12-31": "65.88600", "2018-09-30": "19.80300", "2018-06-30": "78.16400", "2018-03-31": "74.42800", "2017-12-31": "106.79690", "2017-09-30": "72.93100", "2017-06-30": "71.31500", "2017-03-31": "70.56600", "2016-12-31": "45.87300", "2016-09-30": "73.03000", "2016-06-30": "65.51000", "2016-03-31": "66.43700", "2015-12-31": "3.21590", "2015-09-30": "86.56500", "2015-06-30": "82.32300", "2015-03-31": "81.73300", "2014-12-31": "80.76300", "2014-09-30": "83.22400", "2014-06-30": "86.78600", "2014-03-31": "84.07700", "2013-12-31": "77.92500", "2013-09-30": "81.98700", "2013-06-30": "80.98000", "2013-03-31": "80.61500", "2012-12-31": "80.13510", "2012-09-30": "77.98500", "2012-06-30": "78.37100", "2012-03-31": "80.69300", "2011-12-31": "74.29100", "2011-09-30": "82.25600", "2011-06-30": "82.54400", "2011-03-31": "80.71700", "2010-12-31": "75.92700", "2010-09-30": "82.26800", "2010-06-30": "74.77100", "2010-03-31": "78.24700", "2009-12-31": "77.51000", "2009-09-30": "88.96700", "2009-06-30": "83.79400", "2009-03-31": "84.45700", "2008-12-31": "72.78300", "2008-09-30": "85.39900", "2008-06-30": "95.34600", "2008-03-31": "93.68400", "2007-12-31": "88.57400", "2007-09-30": "98.35200", "2007-06-30": "90.63400", "2007-03-31": "97.61900", "2006-12-31": "88.39800", "2006-09-30": "101.87900", "2006-06-30": "96.04700", "2006-03-31": "88.40300", "2005-12-31": "49.67600", "2005-09-30": "55.08600", "2005-06-30": "54.90200", "2005-03-31": "55.86800"}, "EBIT": {"2020-12-31": "45.44600", "2020-09-30": "298.40600", "2020-06-30": "26.47000", "2020-03-31": "30.16500", "2019-12-31": "34.20200", "2019-09-30": "27.26200", "2019-06-30": "27.11300", "2019-03-31": "26.20900", "2018-12-31": "21.17400", "2018-09-30": "-24.86800", "2018-06-30": "32.54100", "2018-03-31": "27.86200", "2017-12-31": "58.15900", "2017-09-30": "29.49500", "2017-06-30": "25.92400", "2017-03-31": "21.89200", "2016-12-31": "-1.32200", "2016-09-30": "25.90600", "2016-06-30": "18.29800", "2016-03-31": "16.34400", "2015-12-31": "-54.65610", "2015-09-30": "29.52600", "2015-06-30": "30.79600", "2015-03-31": "28.23500", "2014-12-31": "29.50300", "2014-09-30": "30.81100", "2014-06-30": "34.20100", "2014-03-31": "29.38900", "2013-12-31": "28.02800", "2013-09-30": "30.21200", "2013-06-30": "29.09400", "2013-03-31": "28.45800", "2012-12-31": "28.50610", "2012-09-30": "27.91800", "2012-06-30": "27.11300", "2012-03-31": "27.49900", "2011-12-31": "17.80100", "2011-09-30": "25.91000", "2011-06-30": "23.24200", "2011-03-31": "27.28900", "2010-12-31": "16.86000", "2010-09-30": "26.62000", "2010-06-30": "24.66100", "2010-03-31": "24.55300", "2009-12-31": "23.77200", "2009-09-30": "33.59400", "2009-06-30": "28.81200", "2009-03-31": "30.18900", "2008-12-31": "18.47000", "2008-09-30": "32.00100", "2008-06-30": "35.27500", "2008-03-31": "37.29700", "2007-12-31": "24.23100", "2007-09-30": "37.71200", "2007-06-30": "32.68100", "2007-03-31": "32.16500", "2006-12-31": "25.43500", "2006-09-30": "33.54000", "2006-06-30": "22.66800", "2006-03-31": "29.03500", "2005-12-31": "20.07800", "2005-09-30": "25.90300", "2005-06-30": "25.97600", "2005-03-31": "26.60300"}, "Basic Shares Outstanding": {"2020-12-31": "170.57300", "2020-09-30": "170.57300", "2020-06-30": "170.51800", "2020-03-31": "176.07000", "2019-12-31": "176.13300", "2019-09-30": "176.19500", "2019-06-30": "176.14300", "2019-03-31": "175.85700", "2018-12-31": "178.52000", "2018-09-30": "178.60300", "2018-06-30": "178.54800", "2018-03-31": "178.39600", "2017-12-31": "175.48400", "2017-09-30": "175.43400", "2017-06-30": "175.33300", "2017-03-31": "175.17700", "2016-12-31": "175.01820", "2016-09-30": "175.12700", "2016-06-30": "175.01300", "2016-03-31": "174.78900", "2015-12-31": "178.16200", "2015-09-30": "178.18800", "2015-06-30": "179.86000", "2015-03-31": "179.56300", "2014-12-31": "166.20270", "2014-09-30": "171.60700", "2014-06-30": "157.03700", "2014-03-31": "156.79400", "2013-12-31": "153.14050", "2013-09-30": "156.70300", "2013-06-30": "155.34700", "2013-03-31": "143.60600", "2012-12-31": "143.25700", "2012-09-30": "143.42400", "2012-06-30": "143.30100", "2012-03-31": "142.82100", "2011-12-31": "135.44400", "2011-09-30": "135.56200", "2011-06-30": "135.34300", "2011-03-31": "134.57700", "2010-12-31": "131.74300", "2010-09-30": "132.20800", "2010-06-30": "131.51100", "2010-03-31": "128.76800", "2009-12-31": "111.89800", "2009-09-30": "128.58200", "2009-06-30": "101.58400", "2009-03-31": "88.21000", "2008-12-31": "87.57400", "2008-09-30": "87.69600", "2008-06-30": "87.28100", "2008-03-31": "87.07400", "2007-12-31": "87.27200", "2007-09-30": "86.89700", "2007-06-30": "87.08100", "2007-03-31": "88.28700", "2006-12-31": "89.55200", "2006-09-30": "90.04200", "2006-06-30": "90.54000", "2006-03-31": "89.30000", "2005-12-31": "55.84600", "2005-09-30": "56.07200", "2005-06-30": "55.68100", "2005-03-31": "55.44200"}, "Shares Outstanding": {"2020-12-31": "171.07200", "2020-09-30": "171.02600", "2020-06-30": "170.77000", "2020-03-31": "176.65300", "2019-12-31": "176.68700", "2019-09-30": "176.75100", "2019-06-30": "176.69100", "2019-03-31": "176.46400", "2018-12-31": "179.64100", "2018-09-30": "178.60300", "2018-06-30": "179.69200", "2018-03-31": "179.78800", "2017-12-31": "176.80800", "2017-09-30": "176.83500", "2017-06-30": "176.75700", "2017-03-31": "176.20200", "2016-12-31": "176.01080", "2016-09-30": "176.36500", "2016-06-30": "175.01300", "2016-03-31": "175.47100", "2015-12-31": "178.16200", "2015-09-30": "178.77700", "2015-06-30": "180.53900", "2015-03-31": "180.65500", "2014-12-31": "166.20270", "2014-09-30": "173.19400", "2014-06-30": "157.03700", "2014-03-31": "156.79400", "2013-12-31": "154.41430", "2013-09-30": "157.99200", "2013-06-30": "156.69100", "2013-03-31": "143.60600", "2012-12-31": "143.25700", "2012-09-30": "144.12800", "2012-06-30": "143.30100", "2012-03-31": "142.82100", "2011-12-31": "135.44400", "2011-09-30": "136.84100", "2011-06-30": "135.34300", "2011-03-31": "134.57700", "2010-12-31": "131.74300", "2010-09-30": "132.20800", "2010-06-30": "131.51100", "2010-03-31": "128.76800", "2009-12-31": "113.25100", "2009-09-30": "129.92600", "2009-06-30": "102.74200", "2009-03-31": "88.21000", "2008-12-31": "87.58300", "2008-09-30": "87.69600", "2008-06-30": "87.51200", "2008-03-31": "87.08800", "2007-12-31": "87.32100", "2007-09-30": "87.11500", "2007-06-30": "87.08100", "2007-03-31": "89.23600", "2006-12-31": "90.07100", "2006-09-30": "90.04200", "2006-06-30": "90.54000", "2006-03-31": "89.74300", "2005-12-31": "56.10500", "2005-09-30": "56.37200", "2005-06-30": "55.84400", "2005-03-31": "55.68300"}, "Basic EPS": {"2020-12-31": "0.11000", "2020-09-30": "1.61000", "2020-06-30": "0.02000", "2020-03-31": "0.04000", "2019-12-31": "0.09000", "2019-09-30": "0.04000", "2019-06-30": "0.03000", "2019-03-31": "0.03000", "2018-12-31": "0.67000", "2018-09-30": "-0.24000", "2018-06-30": "0.07000", "2018-03-31": "0.25000", "2017-12-31": "0.41000", "2017-09-30": "0.11000", "2017-06-30": "0.02000", "2017-03-31": "0.11000", "2016-12-31": "-0.07000", "2016-09-30": "0.03000", "2016-06-30": "-0.02000", "2016-03-31": "0.25000", "2015-12-31": "-0.36000", "2015-09-30": "0.10000", "2015-06-30": "0.01000", "2015-03-31": "0.04000", "2014-12-31": "-0.01410", "2014-09-30": "0.04000", "2014-06-30": "0.00250", "2014-03-31": "-0.03000", "2013-12-31": "0.13000", "2013-09-30": "0.06000", "2013-06-30": "0.03000", "2013-03-31": "0.01000", "2012-12-31": "-0.22000", "2012-09-30": "0.10000", "2012-06-30": "0.01000", "2012-03-31": "0.05000", "2011-12-31": "-0.05000", "2011-09-30": "0.03000", "2011-06-30": "-0.06000", "2011-03-31": "-0.02000", "2010-12-31": "-0.05000", "2010-09-30": "-0.06000", "2010-06-30": "-0.06000", "2010-03-31": "-0.02000", "2009-12-31": "-0.04220", "2009-09-30": "0.04000", "2009-06-30": "0.03000", "2009-03-31": "-0.03000", "2008-12-31": "0.14000", "2008-09-30": "-0.01000", "2008-06-30": "0.06000", "2008-03-31": "0.13000", "2007-12-31": "0.31000", "2007-09-30": "0.00000", "2007-06-30": "-0.01000", "2007-03-31": "0.20000", "2006-12-31": "0.25000", "2006-09-30": "-0.02000", "2006-06-30": "-0.15000", "2006-03-31": "-0.06000", "2005-12-31": "0.13000", "2005-09-30": "0.24000", "2005-06-30": "0.12000", "2005-03-31": "0.13000"}, "EPS - Earnings Per Share": {"2020-12-31": "0.11000", "2020-09-30": "1.60000", "2020-06-30": "0.02000", "2020-03-31": "0.04000", "2019-12-31": "0.10000", "2019-09-30": "0.04000", "2019-06-30": "0.03000", "2019-03-31": "0.02000", "2018-12-31": "0.67000", "2018-09-30": "-0.24000", "2018-06-30": "0.07000", "2018-03-31": "0.25000", "2017-12-31": "0.41000", "2017-09-30": "0.11000", "2017-06-30": "0.02000", "2017-03-31": "0.11000", "2016-12-31": "-0.07000", "2016-09-30": "0.03000", "2016-06-30": "-0.02000", "2016-03-31": "0.25000", "2015-12-31": "-0.36000", "2015-09-30": "0.10000", "2015-06-30": "0.01000", "2015-03-31": "0.04000", "2014-12-31": "-0.01250", "2014-09-30": "0.04000", "2014-06-30": "0.00250", "2014-03-31": "-0.03000", "2013-12-31": "0.13000", "2013-09-30": "0.06000", "2013-06-30": "0.03000", "2013-03-31": "0.01000", "2012-12-31": "-0.22000", "2012-09-30": "0.10000", "2012-06-30": "0.01000", "2012-03-31": "0.05000", "2011-12-31": "-0.05000", "2011-09-30": "0.03000", "2011-06-30": "-0.06000", "2011-03-31": "-0.02000", "2010-12-31": "-0.05000", "2010-09-30": "-0.06000", "2010-06-30": "-0.06000", "2010-03-31": "-0.02000", "2009-12-31": "-0.04220", "2009-09-30": "0.04000", "2009-06-30": "0.03000", "2009-03-31": "-0.03000", "2008-12-31": "0.14000", "2008-09-30": "-0.01000", "2008-06-30": "0.06000", "2008-03-31": "0.13000", "2007-12-31": "0.32000", "2007-09-30": "0.00000", "2007-06-30": "-0.01000", "2007-03-31": "0.19000", "2006-12-31": "0.25000", "2006-09-30": "-0.02000", "2006-06-30": "-0.15000", "2006-03-31": "-0.06000", "2005-12-31": "0.13000", "2005-09-30": "0.24000", "2005-06-30": "0.12000", "2005-03-31": "0.13000"}}, "balance sheet": {"Cash On Hand": {"2020-12-31": "46.34400", "2019-12-31": "90.49900", "2018-12-31": "22.84200", "2017-12-31": "202.17900", "2016-12-31": "193.91900", "2015-12-31": "56.69400", "2014-12-31": "257.50200", "2013-12-31": "263.20700", "2012-12-31": "1.54900", "2011-12-31": "0.41000", "2010-12-31": "16.56500", "2009-12-31": "1.56700", "2008-12-31": "35.30900", "2007-12-31": "5.60000", "2006-12-31": "25.37900", "2005-12-31": "25.67200"}, "Receivables": {"2020-12-31": "168.90800", "2019-12-31": "190.50700", "2018-12-31": "181.63700", "2017-12-31": "187.69800", "2016-12-31": "162.07000", "2015-12-31": "162.21800", "2014-12-31": "152.80800", "2013-12-31": "143.68400", "2012-12-31": "135.29800", "2011-12-31": "122.81900", "2010-12-31": "111.55000", "2009-12-31": "98.10700", "2008-12-31": "102.77500", "2007-12-31": "100.15500", "2006-12-31": "91.54600", "2005-12-31": "59.90800"}, "Inventory": {"2020-12-31": "", "2019-12-31": "", "2018-12-31": "", "2017-12-31": "", "2016-12-31": "", "2015-12-31": "", "2014-12-31": "", "2013-12-31": "", "2012-12-31": "", "2011-12-31": "", "2010-12-31": "", "2009-12-31": "", "2008-12-31": "", "2007-12-31": "", "2006-12-31": "", "2005-12-31": ""}, "Pre-Paid Expenses": {"2020-12-31": "", "2019-12-31": "", "2018-12-31": "", "2017-12-31": "", "2016-12-31": "", "2015-12-31": "", "2014-12-31": "", "2013-12-31": "", "2012-12-31": "", "2011-12-31": "", "2010-12-31": "", "2009-12-31": "", "2008-12-31": "", "2007-12-31": "", "2006-12-31": "", "2005-12-31": ""}, "Other Current Assets": {"2020-12-31": "", "2019-12-31": "", "2018-12-31": "", "2017-12-31": "", "2016-12-31": "", "2015-12-31": "", "2014-12-31": "", "2013-12-31": "", "2012-12-31": "", "2011-12-31": "", "2010-12-31": "", "2009-12-31": "", "2008-12-31": "", "2007-12-31": "", "2006-12-31": "", "2005-12-31": ""}, "Total Current Assets": {"2020-12-31": "215.25200", "2019-12-31": "281.00600", "2018-12-31": "204.47900", "2017-12-31": "389.87700", "2016-12-31": "355.98900", "2015-12-31": "218.91200", "2014-12-31": "498.31000", "2013-12-31": "413.91700", "2012-12-31": "144.07300", "2011-12-31": "141.41500", "2010-12-31": "146.32000", "2009-12-31": "158.68200", "2008-12-31": "186.13200", "2007-12-31": "116.68400", "2006-12-31": "116.92500", "2005-12-31": "85.58000"}, "Property, Plant, And Equipment": {"2020-12-31": "2598.52500", "2019-12-31": "3054.79700", "2018-12-31": "3066.31200", "2017-12-31": "2937.25700", "2016-12-31": "2733.81900", "2015-12-31": "2825.96500", "2014-12-31": "3535.86300", "2013-12-31": "3685.48100", "2012-12-31": "3771.50400", "2011-12-31": "3927.37000", "2010-12-31": "4058.03300", "2009-12-31": "3795.66200", "2008-12-31": "3968.63200", "2007-12-31": "4254.65500", "2006-12-31": "4411.60700", "2005-12-31": "2169.72800"}, "Long-Term Investments": {"2020-12-31": "", "2019-12-31": "", "2018-12-31": "", "2017-12-31": "", "2016-12-31": "", "2015-12-31": "", "2014-12-31": "", "2013-12-31": "", "2012-12-31": "", "2011-12-31": "", "2010-12-31": "", "2009-12-31": "", "2008-12-31": "", "2007-12-31": "", "2006-12-31": "", "2005-12-31": ""}, "Goodwill And Intangible Assets": {"2020-12-31": "48.57000", "2019-12-31": "84.85100", "2018-12-31": "131.34800", "2017-12-31": "64.97200", "2016-12-31": "72.47800", "2015-12-31": "111.62300", "2014-12-31": "99.40300", "2013-12-31": "132.32900", "2012-12-31": "70.62000", "2011-12-31": "70.51500", "2010-12-31": "97.46200", "2009-12-31": "105.16300", "2008-12-31": "145.75700", "2007-12-31": "218.14900", "2006-12-31": "281.25100", "2005-12-31": "78.09700"}, "Other Long-Term Assets": {"2020-12-31": "952.90300", "2019-12-31": "559.75500", "2018-12-31": "583.76200", "2017-12-31": "506.64700", "2016-12-31": "845.58500", "2015-12-31": "1296.59200", "2014-12-31": "600.37300", "2013-12-31": "410.41400", "2012-12-31": "398.26900", "2011-12-31": "303.05600", "2010-12-31": "282.44600", "2009-12-31": "498.14600", "2008-12-31": "352.77100", "2007-12-31": "537.48800", "2006-12-31": "625.52700", "2005-12-31": "434.73800"}, "Total Long-Term Assets": {"2020-12-31": "3684.85400", "2019-12-31": "3794.96300", "2018-12-31": "3872.49700", "2017-12-31": "3605.57100", "2016-12-31": "3743.22400", "2015-12-31": "4335.59900", "2014-12-31": "4336.90000", "2013-12-31": "4351.17800", "2012-12-31": "4362.63600", "2011-12-31": "4416.30300", "2010-12-31": "4544.05800", "2009-12-31": "4505.06800", "2008-12-31": "4556.48700", "2007-12-31": "5097.41500", "2006-12-31": "5392.09300", "2005-12-31": "2720.16500"}, "Total Assets": {"2020-12-31": "3900.10600", "2019-12-31": "4075.96900", "2018-12-31": "4076.97600", "2017-12-31": "3995.44800", "2016-12-31": "4099.21300", "2015-12-31": "4554.51100", "2014-12-31": "4835.21000", "2013-12-31": "4765.09500", "2012-12-31": "4506.70900", "2011-12-31": "4557.71800", "2010-12-31": "4690.37800", "2009-12-31": "4663.75000", "2008-12-31": "4742.61900", "2007-12-31": "5214.09900", "2006-12-31": "5509.01800", "2005-12-31": "2805.74500"}, "Total Current Liabilities": {"2020-12-31": "121.98200", "2019-12-31": "113.34700", "2018-12-31": "125.69600", "2017-12-31": "107.07400", "2016-12-31": "103.40400", "2015-12-31": "99.85600", "2014-12-31": "96.04600", "2013-12-31": "83.69300", "2012-12-31": "71.57900", "2011-12-31": "69.92900", "2010-12-31": "72.23500", "2009-12-31": "88.59900", "2008-12-31": "79.47500", "2007-12-31": "76.91900", "2006-12-31": "108.40000", "2005-12-31": "52.63500"}, "Long Term Debt": {"2020-12-31": "1830.59500", "2019-12-31": "2144.41800", "2018-12-31": "2028.04600", "2017-12-31": "1930.82800", "2016-12-31": "2013.11200", "2015-12-31": "2384.71700", "2014-12-31": "2427.34500", "2013-12-31": "2595.38100", "2012-12-31": "2465.33000", "2011-12-31": "2393.99500", "2010-12-31": "2430.44600", "2009-12-31": "2454.57700", "2008-12-31": "2741.49500", "2007-12-31": "3100.96900", "2006-12-31": "3173.05600", "2005-12-31": "1521.38400"}, "Other Non-Current Liabilities": {"2020-12-31": "120.12300", "2019-12-31": "107.34700", "2018-12-31": "112.20600", "2017-12-31": "110.94600", "2016-12-31": "99.26000", "2015-12-31": "117.84700", "2014-12-31": "152.49300", "2013-12-31": "164.58600", "2012-12-31": "196.28400", "2011-12-31": "204.09800", "2010-12-31": "209.92300", "2009-12-31": "198.83400", "2008-12-31": "199.15100", "2007-12-31": "205.04400", "2006-12-31": "205.64500", "2005-12-31": "89.00300"}, "Total Long Term Liabilities": {"2020-12-31": "1950.71800", "2019-12-31": "2251.76500", "2018-12-31": "2140.25200", "2017-12-31": "2041.77400", "2016-12-31": "2112.37200", "2015-12-31": "2502.56400", "2014-12-31": "2579.83800", "2013-12-31": "2759.96700", "2012-12-31": "2661.61400", "2011-12-31": "2598.09300", "2010-12-31": "2640.36900", "2009-12-31": "2653.41100", "2008-12-31": "2940.64600", "2007-12-31": "3390.00300", "2006-12-31": "3502.69200", "2005-12-31": "1648.24600"}, "Total Liabilities": {"2020-12-31": "2095.45800", "2019-12-31": "2387.66600", "2018-12-31": "2265.94800", "2017-12-31": "2148.84800", "2016-12-31": "2215.77600", "2015-12-31": "2602.42000", "2014-12-31": "2675.88400", "2013-12-31": "2843.66000", "2012-12-31": "2733.19300", "2011-12-31": "2668.02200", "2010-12-31": "2712.60400", "2009-12-31": "2742.01000", "2008-12-31": "3020.12100", "2007-12-31": "3466.92200", "2006-12-31": "3611.09200", "2005-12-31": "1700.88100"}, "Common Stock Net": {"2020-12-31": "1.70700", "2019-12-31": "1.76600", "2018-12-31": "1.77000", "2017-12-31": "1.78400", "2016-12-31": "1.75200", "2015-12-31": "1.74700", "2014-12-31": "1.79300", "2013-12-31": "1.56600", "2012-12-31": "1.43400", "2011-12-31": "1.42400", "2010-12-31": "1.34300", "2009-12-31": "1.28600", "2008-12-31": "0.88200", "2007-12-31": "0.87000", "2006-12-31": "0.88300", "2005-12-31": "0.56200"}, "Retained Earnings (Accumulated Deficit)": {"2020-12-31": "-1338.15500", "2019-12-31": "-1513.67700", "2018-12-31": "-1408.28400", "2017-12-31": "-1393.56700", "2016-12-31": "-1392.57300", "2015-12-31": "-1315.29200", "2014-12-31": "-1171.09200", "2013-12-31": "-1069.98700", "2012-12-31": "-1013.47200", "2011-12-31": "-914.99400", "2010-12-31": "-818.08200", "2009-12-31": "-711.97500", "2008-12-31": "-651.69000", "2007-12-31": "-522.74400", "2006-12-31": "-416.11700", "2005-12-31": "-262.48500"}, "Comprehensive Income": {"2020-12-31": "-7.56100", "2019-12-31": "-2.37000", "2018-12-31": "5.02900", "2017-12-31": "2.39900", "2016-12-31": "-1.74500", "2015-12-31": "-5.19200", "2014-12-31": "-4.60700", "2013-12-31": "-2.99500", "2012-12-31": "-15.91800", "2011-12-31": "-6.07900", "2010-12-31": "-1.94500", "2009-12-31": "-9.13800", "2008-12-31": "-17.00500", "2007-12-31": "-1.88500", "2006-12-31": "1.57600", "2005-12-31": "-3.16900"}, "Other Share Holders Equity": {"2020-12-31": "", "2019-12-31": "", "2018-12-31": "", "2017-12-31": "", "2016-12-31": "", "2015-12-31": "", "2014-12-31": "", "2013-12-31": "", "2012-12-31": "", "2011-12-31": "", "2010-12-31": "", "2009-12-31": "", "2008-12-31": "", "2007-12-31": "", "2006-12-31": "", "2005-12-31": ""}, "Share Holder Equity": {"2020-12-31": "1804.64800", "2019-12-31": "1688.30300", "2018-12-31": "1811.02800", "2017-12-31": "1846.60000", "2016-12-31": "1883.43700", "2015-12-31": "1952.09100", "2014-12-31": "2159.32600", "2013-12-31": "1921.43500", "2012-12-31": "1773.51600", "2011-12-31": "1889.69600", "2010-12-31": "1977.77400", "2009-12-31": "1921.74000", "2008-12-31": "1722.49800", "2007-12-31": "1747.17700", "2006-12-31": "1897.92600", "2005-12-31": "1104.86400"}, "Total Liabilities And Share Holders Equity": {"2020-12-31": "3900.10600", "2019-12-31": "4075.96900", "2018-12-31": "4076.97600", "2017-12-31": "3995.44800", "2016-12-31": "4099.21300", "2015-12-31": "4554.51100", "2014-12-31": "4835.21000", "2013-12-31": "4765.09500", "2012-12-31": "4506.70900", "2011-12-31": "4557.71800", "2010-12-31": "4690.37800", "2009-12-31": "4663.75000", "2008-12-31": "4742.61900", "2007-12-31": "5214.09900", "2006-12-31": "5509.01800", "2005-12-31": "2805.74500"}}, "balance sheet, quarterly": {"Cash On Hand": {"2020-12-31": "46.34400", "2020-09-30": "62.25600", "2020-06-30": "44.81900", "2020-03-31": "52.70200", "2019-12-31": "90.49900", "2019-09-30": "29.92500", "2019-06-30": "31.57300", "2019-03-31": "14.44900", "2018-12-31": "22.84200", "2018-09-30": "70.36000", "2018-06-30": "108.30400", "2018-03-31": "200.81300", "2017-12-31": "202.17900", "2017-09-30": "25.28700", "2017-06-30": "37.90000", "2017-03-31": "234.65400", "2016-12-31": "193.91900", "2016-09-30": "219.05900", "2016-06-30": "265.59700", "2016-03-31": "423.51700", "2015-12-31": "56.69400", "2015-09-30": "50.63200", "2015-06-30": "123.98200", "2015-03-31": "309.08300", "2014-12-31": "257.50200", "2014-09-30": "671.94300", "2014-06-30": "234.83600", "2014-03-31": "236.29100", "2013-12-31": "263.20700", "2013-09-30": "185.51700", "2013-06-30": "215.94800", "2013-03-31": "47.87400", "2012-12-31": "1.54900", "2012-09-30": "241.61600", "2012-06-30": "190.05500", "2012-03-31": "334.40000", "2011-12-31": "0.41000", "2011-09-30": "5.70600", "2011-06-30": "0.73300", "2011-03-31": "0.24900", "2010-12-31": "16.56500", "2010-09-30": "104.04100", "2010-06-30": "0.29700", "2010-03-31": "7.59000", "2009-12-31": "1.56700", "2009-09-30": "3.29600", "2009-06-30": "3.93600", "2009-03-31": "4.08300", "2008-12-31": "35.30900", "2008-09-30": "2.67400", "2008-06-30": "4.79100", "2008-03-31": "3.85200", "2007-12-31": "5.60000", "2007-09-30": "17.66100", "2007-06-30": "28.52200", "2007-03-31": "3.88500", "2006-12-31": "25.37900", "2006-09-30": "36.69100", "2006-06-30": "48.38300", "2006-03-31": "56.64600", "2005-12-31": "25.67200", "2005-09-30": "39.51400", "2005-06-30": "27.41100", "2005-03-31": "34.26400"}, "Receivables": {"2020-12-31": "168.90800", "2020-09-30": "180.38500", "2020-06-30": "195.94700", "2020-03-31": "192.20500", "2019-12-31": "190.50700", "2019-09-30": "182.83200", "2019-06-30": "188.60100", "2019-03-31": "190.56100", "2018-12-31": "181.63700", "2018-09-30": "191.88400", "2018-06-30": "195.91000", "2018-03-31": "192.03000", "2017-12-31": "187.69800", "2017-09-30": "180.87800", "2017-06-30": "171.57100", "2017-03-31": "164.91800", "2016-12-31": "162.07000", "2016-09-30": "155.74100", "2016-06-30": "153.78500", "2016-03-31": "147.74700", "2015-12-31": "162.21800", "2015-09-30": "158.95900", "2015-06-30": "161.19900", "2015-03-31": "153.45100", "2014-12-31": "152.80800", "2014-09-30": "151.03600", "2014-06-30": "152.90200", "2014-03-31": "151.45400", "2013-12-31": "143.68400", "2013-09-30": "141.95000", "2013-06-30": "136.17500", "2013-03-31": "135.14200", "2012-12-31": "135.29800", "2012-09-30": "130.70000", "2012-06-30": "124.82500", "2012-03-31": "124.89100", "2011-12-31": "122.81900", "2011-09-30": "122.80400", "2011-06-30": "117.35000", "2011-03-31": "117.82500", "2010-12-31": "111.55000", "2010-09-30": "110.69900", "2010-06-30": "107.70800", "2010-03-31": "103.04600", "2009-12-31": "98.10700", "2009-09-30": "92.99000", "2009-06-30": "94.61900", "2009-03-31": "95.14000", "2008-12-31": "102.77500", "2008-09-30": "95.80100", "2008-06-30": "98.67100", "2008-03-31": "101.68800", "2007-12-31": "100.15500", "2007-09-30": "99.17300", "2007-06-30": "94.89400", "2007-03-31": "90.77200", "2006-12-31": "91.54600", "2006-09-30": "90.68300", "2006-06-30": "80.56800", "2006-03-31": "78.91500", "2005-12-31": "59.90800", "2005-09-30": "50.93200", "2005-06-30": "47.42300", "2005-03-31": "48.24300"}, "Inventory": {"2020-12-31": "", "2020-09-30": "", "2020-06-30": "", "2020-03-31": "", "2019-12-31": "", "2019-09-30": "", "2019-06-30": "", "2019-03-31": "", "2018-12-31": "", "2018-09-30": "", "2018-06-30": "", "2018-03-31": "", "2017-12-31": "", "2017-09-30": "", "2017-06-30": "", "2017-03-31": "", "2016-12-31": "", "2016-09-30": "", "2016-06-30": "", "2016-03-31": "", "2015-12-31": "", "2015-09-30": "", "2015-06-30": "", "2015-03-31": "", "2014-12-31": "", "2014-09-30": "", "2014-06-30": "", "2014-03-31": "", "2013-12-31": "", "2013-09-30": "", "2013-06-30": "", "2013-03-31": "", "2012-12-31": "", "2012-09-30": "", "2012-06-30": "", "2012-03-31": "", "2011-12-31": "", "2011-09-30": "", "2011-06-30": "", "2011-03-31": "", "2010-12-31": "", "2010-09-30": "", "2010-06-30": "", "2010-03-31": "", "2009-12-31": "", "2009-09-30": "", "2009-06-30": "", "2009-03-31": "", "2008-12-31": "", "2008-09-30": "", "2008-06-30": "", "2008-03-31": "", "2007-12-31": "", "2007-09-30": "", "2007-06-30": "", "2007-03-31": "", "2006-12-31": "", "2006-09-30": "", "2006-06-30": "", "2006-03-31": "", "2005-12-31": "", "2005-09-30": "", "2005-06-30": "", "2005-03-31": ""}, "Pre-Paid Expenses": {"2020-12-31": "", "2020-09-30": "", "2020-06-30": "", "2020-03-31": "", "2019-12-31": "", "2019-09-30": "", "2019-06-30": "", "2019-03-31": "", "2018-12-31": "", "2018-09-30": "", "2018-06-30": "", "2018-03-31": "", "2017-12-31": "", "2017-09-30": "", "2017-06-30": "", "2017-03-31": "", "2016-12-31": "", "2016-09-30": "", "2016-06-30": "", "2016-03-31": "", "2015-12-31": "", "2015-09-30": "", "2015-06-30": "", "2015-03-31": "", "2014-12-31": "", "2014-09-30": "", "2014-06-30": "", "2014-03-31": "", "2013-12-31": "", "2013-09-30": "", "2013-06-30": "", "2013-03-31": "", "2012-12-31": "", "2012-09-30": "", "2012-06-30": "", "2012-03-31": "", "2011-12-31": "", "2011-09-30": "", "2011-06-30": "", "2011-03-31": "", "2010-12-31": "", "2010-09-30": "", "2010-06-30": "", "2010-03-31": "", "2009-12-31": "", "2009-09-30": "", "2009-06-30": "", "2009-03-31": "", "2008-12-31": "", "2008-09-30": "", "2008-06-30": "", "2008-03-31": "", "2007-12-31": "", "2007-09-30": "", "2007-06-30": "", "2007-03-31": "", "2006-12-31": "", "2006-09-30": "", "2006-06-30": "", "2006-03-31": "", "2005-12-31": "", "2005-09-30": "", "2005-06-30": "", "2005-03-31": ""}, "Other Current Assets": {"2020-12-31": "", "2020-09-30": "", "2020-06-30": "", "2020-03-31": "", "2019-12-31": "", "2019-09-30": "", "2019-06-30": "", "2019-03-31": "", "2018-12-31": "", "2018-09-30": "", "2018-06-30": "", "2018-03-31": "", "2017-12-31": "", "2017-09-30": "", "2017-06-30": "", "2017-03-31": "", "2016-12-31": "", "2016-09-30": "", "2016-06-30": "", "2016-03-31": "", "2015-12-31": "", "2015-09-30": "", "2015-06-30": "", "2015-03-31": "", "2014-12-31": "", "2014-09-30": "", "2014-06-30": "", "2014-03-31": "", "2013-12-31": "", "2013-09-30": "", "2013-06-30": "", "2013-03-31": "", "2012-12-31": "", "2012-09-30": "", "2012-06-30": "", "2012-03-31": "", "2011-12-31": "", "2011-09-30": "", "2011-06-30": "", "2011-03-31": "", "2010-12-31": "", "2010-09-30": "", "2010-06-30": "", "2010-03-31": "", "2009-12-31": "", "2009-09-30": "", "2009-06-30": "", "2009-03-31": "", "2008-12-31": "", "2008-09-30": "", "2008-06-30": "", "2008-03-31": "", "2007-12-31": "", "2007-09-30": "", "2007-06-30": "", "2007-03-31": "", "2006-12-31": "", "2006-09-30": "", "2006-06-30": "", "2006-03-31": "", "2005-12-31": "", "2005-09-30": "", "2005-06-30": "", "2005-03-31": ""}, "Total Current Assets": {"2020-12-31": "215.25200", "2020-09-30": "242.64100", "2020-06-30": "240.76600", "2020-03-31": "244.90700", "2019-12-31": "281.00600", "2019-09-30": "212.75700", "2019-06-30": "220.17400", "2019-03-31": "205.01000", "2018-12-31": "204.47900", "2018-09-30": "262.24400", "2018-06-30": "304.21400", "2018-03-31": "392.84300", "2017-12-31": "389.87700", "2017-09-30": "206.16500", "2017-06-30": "209.47100", "2017-03-31": "399.57200", "2016-12-31": "355.98900", "2016-09-30": "374.80000", "2016-06-30": "419.38200", "2016-03-31": "571.26400", "2015-12-31": "218.91200", "2015-09-30": "209.59100", "2015-06-30": "285.18100", "2015-03-31": "462.53400", "2014-12-31": "498.31000", "2014-09-30": "822.97900", "2014-06-30": "387.73800", "2014-03-31": "387.74500", "2013-12-31": "413.91700", "2013-09-30": "334.49300", "2013-06-30": "359.14900", "2013-03-31": "190.04200", "2012-12-31": "144.07300", "2012-09-30": "379.54200", "2012-06-30": "322.10600", "2012-03-31": "477.28200", "2011-12-31": "141.41500", "2011-09-30": "147.94600", "2011-06-30": "137.36800", "2011-03-31": "137.25100", "2010-12-31": "146.32000", "2010-09-30": "234.86700", "2010-06-30": "167.94400", "2010-03-31": "170.11000", "2009-12-31": "158.68200", "2009-09-30": "145.40000", "2009-06-30": "148.23100", "2009-03-31": "148.56600", "2008-12-31": "186.13200", "2008-09-30": "98.47500", "2008-06-30": "103.46200", "2008-03-31": "105.54000", "2007-12-31": "116.68400", "2007-09-30": "116.83400", "2007-06-30": "123.41600", "2007-03-31": "94.65700", "2006-12-31": "116.92500", "2006-09-30": "127.37400", "2006-06-30": "128.95100", "2006-03-31": "135.56100", "2005-12-31": "85.58000", "2005-09-30": "90.44600", "2005-06-30": "74.83400", "2005-03-31": "82.50700"}, "Property, Plant, And Equipment": {"2020-12-31": "2598.52500", "2020-09-30": "2756.24600", "2020-06-30": "2714.64700", "2020-03-31": "3032.60600", "2019-12-31": "3054.79700", "2019-09-30": "3072.06200", "2019-06-30": "3111.77300", "2019-03-31": "3146.92900", "2018-12-31": "3066.31200", "2018-09-30": "2583.37400", "2018-06-30": "2933.43500", "2018-03-31": "2944.49900", "2017-12-31": "2937.25700", "2017-09-30": "2883.62900", "2017-06-30": "2887.45000", "2017-03-31": "2838.00800", "2016-12-31": "2733.81900", "2016-09-30": "2816.50300", "2016-06-30": "2844.16900", "2016-03-31": "2811.93000", "2015-12-31": "2825.96500", "2015-09-30": "3564.41900", "2015-06-30": "3612.15800", "2015-03-31": "3420.71700", "2014-12-31": "3535.86300", "2014-09-30": "3555.32400", "2014-06-30": "3644.87600", "2014-03-31": "3681.98300", "2013-12-31": "3685.48100", "2013-09-30": "3633.50100", "2013-06-30": "3652.73400", "2013-03-31": "3655.95600", "2012-12-31": "3771.50400", "2012-09-30": "3734.94700", "2012-06-30": "3741.68000", "2012-03-31": "3833.09800", "2011-12-31": "3927.37000", "2011-09-30": "4060.14400", "2011-06-30": "4049.32800", "2011-03-31": "4050.83900", "2010-12-31": "4058.03300", "2010-09-30": "4065.99900", "2010-06-30": "3694.23500", "2010-03-31": "3720.45900", "2009-12-31": "3795.66200", "2009-09-30": "3817.50800", "2009-06-30": "3896.09000", "2009-03-31": "3923.09800", "2008-12-31": "3968.63200", "2008-09-30": "3857.83900", "2008-06-30": "3882.82300", "2008-03-31": "4226.87900", "2007-12-31": "4254.65500", "2007-09-30": "4413.18200", "2007-06-30": "4308.30900", "2007-03-31": "4251.52800", "2006-12-31": "4411.60700", "2006-09-30": "4372.83700", "2006-06-30": "4220.59100", "2006-03-31": "4258.23900", "2005-12-31": "2169.72800", "2005-09-30": "2194.94300", "2005-06-30": "2158.98300", "2005-03-31": "2145.22300"}, "Long-Term Investments": {"2020-12-31": "", "2020-09-30": "", "2020-06-30": "", "2020-03-31": "", "2019-12-31": "", "2019-09-30": "", "2019-06-30": "", "2019-03-31": "", "2018-12-31": "", "2018-09-30": "", "2018-06-30": "", "2018-03-31": "", "2017-12-31": "", "2017-09-30": "", "2017-06-30": "", "2017-03-31": "", "2016-12-31": "", "2016-09-30": "", "2016-06-30": "", "2016-03-31": "", "2015-12-31": "", "2015-09-30": "", "2015-06-30": "", "2015-03-31": "", "2014-12-31": "", "2014-09-30": "", "2014-06-30": "", "2014-03-31": "", "2013-12-31": "", "2013-09-30": "", "2013-06-30": "", "2013-03-31": "", "2012-12-31": "", "2012-09-30": "", "2012-06-30": "", "2012-03-31": "", "2011-12-31": "", "2011-09-30": "", "2011-06-30": "", "2011-03-31": "", "2010-12-31": "", "2010-09-30": "", "2010-06-30": "", "2010-03-31": "", "2009-12-31": "", "2009-09-30": "", "2009-06-30": "", "2009-03-31": "", "2008-12-31": "", "2008-09-30": "", "2008-06-30": "", "2008-03-31": "", "2007-12-31": "", "2007-09-30": "", "2007-06-30": "", "2007-03-31": "", "2006-12-31": "", "2006-09-30": "", "2006-06-30": "", "2006-03-31": "", "2005-12-31": "", "2005-09-30": "", "2005-06-30": "", "2005-03-31": ""}, "Goodwill And Intangible Assets": {"2020-12-31": "48.57000", "2020-09-30": "50.71500", "2020-06-30": "55.26200", "2020-03-31": "75.67000", "2019-12-31": "84.85100", "2019-09-30": "95.79800", "2019-06-30": "109.36500", "2019-03-31": "119.90300", "2018-12-31": "131.34800", "2018-09-30": "55.13900", "2018-06-30": "59.41800", "2018-03-31": "63.61400", "2017-12-31": "64.97200", "2017-09-30": "58.81700", "2017-06-30": "59.41000", "2017-03-31": "64.22200", "2016-12-31": "72.47800", "2016-09-30": "81.20700", "2016-06-30": "90.01400", "2016-03-31": "100.06300", "2015-12-31": "111.62300", "2015-09-30": "127.08800", "2015-06-30": "137.29000", "2015-03-31": "93.26900", "2014-12-31": "99.40300", "2014-09-30": "105.30000", "2014-06-30": "112.14000", "2014-03-31": "125.16200", "2013-12-31": "132.32900", "2013-09-30": "54.45700", "2013-06-30": "59.91900", "2013-03-31": "66.10400", "2012-12-31": "70.62000", "2012-09-30": "52.57500", "2012-06-30": "57.92700", "2012-03-31": "63.96900", "2011-12-31": "70.51500", "2011-09-30": "81.56200", "2011-06-30": "78.40100", "2011-03-31": "92.12400", "2010-12-31": "97.46200", "2010-09-30": "107.60400", "2010-06-30": "87.50700", "2010-03-31": "95.08500", "2009-12-31": "105.16300", "2009-09-30": "114.08000", "2009-06-30": "124.10600", "2009-03-31": "135.41500", "2008-12-31": "145.75700", "2008-09-30": "156.10900", "2008-06-30": "167.11500", "2008-03-31": "204.62700", "2007-12-31": "218.14900", "2007-09-30": "233.40500", "2007-06-30": "239.46900", "2007-03-31": "248.38400", "2006-12-31": "281.25100", "2006-09-30": "325.11900", "2006-06-30": "338.53700", "2006-03-31": "370.26400", "2005-12-31": "78.09700", "2005-09-30": "81.27500", "2005-06-30": "85.63400", "2005-03-31": "91.00400"}, "Other Long-Term Assets": {"2020-12-31": "952.90300", "2020-09-30": "850.85700", "2020-06-30": "924.28390", "2020-03-31": "597.82300", "2019-12-31": "559.75500", "2019-09-30": "543.61300", "2019-06-30": "508.96000", "2019-03-31": "548.79400", "2018-12-31": "583.76200", "2018-09-30": "925.86100", "2018-06-30": "598.26800", "2018-03-31": "539.68100", "2017-12-31": "506.64700", "2017-09-30": "609.82800", "2017-06-30": "622.70800", "2017-03-31": "707.63500", "2016-12-31": "845.58500", "2016-09-30": "778.35400", "2016-06-30": "733.25000", "2016-03-31": "803.83400", "2015-12-31": "1296.59200", "2015-09-30": "716.05100", "2015-06-30": "653.11400", "2015-03-31": "745.65410", "2014-12-31": "600.37300", "2014-09-30": "541.86700", "2014-06-30": "435.82700", "2014-03-31": "441.94200", "2013-12-31": "410.41400", "2013-09-30": "409.43100", "2013-06-30": "374.67000", "2013-03-31": "393.82400", "2012-12-31": "398.26900", "2012-09-30": "380.48000", "2012-06-30": "432.53700", "2012-03-31": "332.30900", "2011-12-31": "303.05600", "2011-09-30": "300.44600", "2011-06-30": "289.90000", "2011-03-31": "298.58700", "2010-12-31": "282.44600", "2010-09-30": "314.93400", "2010-06-30": "564.83400", "2010-03-31": "546.35700", "2009-12-31": "498.14600", "2009-09-30": "534.81100", "2009-06-30": "418.35300", "2009-03-31": "397.97500", "2008-12-31": "352.77100", "2008-09-30": "957.72100", "2008-06-30": "911.85300", "2008-03-31": "574.55400", "2007-12-31": "537.48800", "2007-09-30": "558.32700", "2007-06-30": "575.05600", "2007-03-31": "763.90910", "2006-12-31": "625.52700", "2006-09-30": "760.91400", "2006-06-30": "851.77800", "2006-03-31": "791.94090", "2005-12-31": "434.73800", "2005-09-30": "392.62700", "2005-06-30": "352.01100", "2005-03-31": "307.65300"}, "Total Long-Term Assets": {"2020-12-31": "3684.85400", "2020-09-30": "3748.41900", "2020-06-30": "3782.00400", "2020-03-31": "3800.43500", "2019-12-31": "3794.96300", "2019-09-30": "3807.67500", "2019-06-30": "3828.30000", "2019-03-31": "3910.91900", "2018-12-31": "3872.49700", "2018-09-30": "3661.37800", "2018-06-30": "3687.30500", "2018-03-31": "3645.09300", "2017-12-31": "3605.57100", "2017-09-30": "3649.25400", "2017-06-30": "3662.97800", "2017-03-31": "3702.29000", "2016-12-31": "3743.22400", "2016-09-30": "3768.11800", "2016-06-30": "3761.80600", "2016-03-31": "3806.80000", "2015-12-31": "4335.59900", "2015-09-30": "4532.03000", "2015-06-30": "4529.12900", "2015-03-31": "4383.12200", "2014-12-31": "4336.90000", "2014-09-30": "4325.37200", "2014-06-30": "4316.43500", "2014-03-31": "4372.30300", "2013-12-31": "4351.17800", "2013-09-30": "4223.64900", "2013-06-30": "4207.24000", "2013-03-31": "4235.26200", "2012-12-31": "4362.63600", "2012-09-30": "4287.18400", "2012-06-30": "4347.06400", "2012-03-31": "4348.06100", "2011-12-31": "4416.30300", "2011-09-30": "4555.80800", "2011-06-30": "4531.12700", "2011-03-31": "4549.46800", "2010-12-31": "4544.05800", "2010-09-30": "4589.43100", "2010-06-30": "4449.24000", "2010-03-31": "4465.01800", "2009-12-31": "4505.06800", "2009-09-30": "4575.90200", "2009-06-30": "4539.40100", "2009-03-31": "4539.42300", "2008-12-31": "4556.48700", "2008-09-30": "5054.80200", "2008-06-30": "5047.45600", "2008-03-31": "5095.26200", "2007-12-31": "5097.41500", "2007-09-30": "5289.22300", "2007-06-30": "5204.65800", "2007-03-31": "5340.82300", "2006-12-31": "5392.09300", "2006-09-30": "5524.24800", "2006-06-30": "5462.96200", "2006-03-31": "5465.31700", "2005-12-31": "2720.16500", "2005-09-30": "2703.46900", "2005-06-30": "2631.07500", "2005-03-31": "2578.57600"}, "Total Assets": {"2020-12-31": "3900.10600", "2020-09-30": "3991.06000", "2020-06-30": "4022.77000", "2020-03-31": "4045.34200", "2019-12-31": "4075.96900", "2019-09-30": "4020.43200", "2019-06-30": "4048.47400", "2019-03-31": "4115.92900", "2018-12-31": "4076.97600", "2018-09-30": "3923.62200", "2018-06-30": "3991.51900", "2018-03-31": "4037.93600", "2017-12-31": "3995.44800", "2017-09-30": "3855.41900", "2017-06-30": "3872.44900", "2017-03-31": "4101.86200", "2016-12-31": "4099.21300", "2016-09-30": "4142.91800", "2016-06-30": "4181.18800", "2016-03-31": "4378.06400", "2015-12-31": "4554.51100", "2015-09-30": "4741.62100", "2015-06-30": "4814.31000", "2015-03-31": "4845.65600", "2014-12-31": "4835.21000", "2014-09-30": "5148.35100", "2014-06-30": "4704.17300", "2014-03-31": "4760.04800", "2013-12-31": "4765.09500", "2013-09-30": "4558.14200", "2013-06-30": "4566.38900", "2013-03-31": "4425.30400", "2012-12-31": "4506.70900", "2012-09-30": "4666.72600", "2012-06-30": "4669.17000", "2012-03-31": "4825.34300", "2011-12-31": "4557.71800", "2011-09-30": "4703.75400", "2011-06-30": "4668.49500", "2011-03-31": "4686.71900", "2010-12-31": "4690.37800", "2010-09-30": "4824.29800", "2010-06-30": "4617.18400", "2010-03-31": "4635.12800", "2009-12-31": "4663.75000", "2009-09-30": "4721.30200", "2009-06-30": "4687.63200", "2009-03-31": "4687.98900", "2008-12-31": "4742.61900", "2008-09-30": "5153.27700", "2008-06-30": "5150.91800", "2008-03-31": "5200.80200", "2007-12-31": "5214.09900", "2007-09-30": "5406.05700", "2007-06-30": "5328.07300", "2007-03-31": "5435.48000", "2006-12-31": "5509.01800", "2006-09-30": "5651.62200", "2006-06-30": "5591.91300", "2006-03-31": "5600.87800", "2005-12-31": "2805.74500", "2005-09-30": "2793.91500", "2005-06-30": "2705.90900", "2005-03-31": "2661.08300"}, "Total Current Liabilities": {"2020-12-31": "121.98200", "2020-09-30": "117.24800", "2020-06-30": "113.82600", "2020-03-31": "109.75500", "2019-12-31": "113.34700", "2019-09-30": "119.79000", "2019-06-30": "98.55200", "2019-03-31": "112.37500", "2018-12-31": "125.69600", "2018-09-30": "116.99400", "2018-06-30": "106.79000", "2018-03-31": "105.17600", "2017-12-31": "107.07400", "2017-09-30": "112.41300", "2017-06-30": "99.90400", "2017-03-31": "115.07900", "2016-12-31": "103.40400", "2016-09-30": "106.54600", "2016-06-30": "91.42500", "2016-03-31": "112.20300", "2015-12-31": "99.85600", "2015-09-30": "115.63600", "2015-06-30": "98.89700", "2015-03-31": "109.86500", "2014-12-31": "96.04600", "2014-09-30": "97.02200", "2014-06-30": "83.11400", "2014-03-31": "106.96300", "2013-12-31": "83.69300", "2013-09-30": "89.08700", "2013-06-30": "70.43400", "2013-03-31": "81.62600", "2012-12-31": "71.57900", "2012-09-30": "80.55400", "2012-06-30": "57.65300", "2012-03-31": "72.83200", "2011-12-31": "69.92900", "2011-09-30": "85.94200", "2011-06-30": "63.26300", "2011-03-31": "81.76000", "2010-12-31": "72.23500", "2010-09-30": "92.09200", "2010-06-30": "79.35800", "2010-03-31": "95.62100", "2009-12-31": "88.59900", "2009-09-30": "96.87700", "2009-06-30": "85.47400", "2009-03-31": "89.09400", "2008-12-31": "79.47500", "2008-09-30": "99.36800", "2008-06-30": "67.94600", "2008-03-31": "112.88400", "2007-12-31": "76.91900", "2007-09-30": "111.48000", "2007-06-30": "79.47300", "2007-03-31": "103.65000", "2006-12-31": "108.40000", "2006-09-30": "306.57300", "2006-06-30": "278.41500", "2006-03-31": "86.35800", "2005-12-31": "52.63500", "2005-09-30": "60.29400", "2005-06-30": "43.87700", "2005-03-31": "44.01100"}, "Long Term Debt": {"2020-12-31": "1830.59500", "2020-09-30": "1919.51100", "2020-06-30": "1981.03500", "2020-03-31": "2192.60000", "2019-12-31": "2144.41800", "2019-09-30": "2078.25500", "2019-06-30": "2096.53600", "2019-03-31": "2094.79700", "2018-12-31": "2028.04600", "2018-09-30": "1937.53700", "2018-06-30": "1938.79300", "2018-03-31": "1940.03200", "2017-12-31": "1930.82800", "2017-09-30": "1889.64000", "2017-06-30": "1912.17200", "2017-03-31": "2012.67100", "2016-12-31": "2013.11200", "2016-09-30": "2013.56100", "2016-06-30": "2034.62100", "2016-03-31": "2184.94800", "2015-12-31": "2384.71700", "2015-09-30": "2439.93700", "2015-06-30": "2443.77900", "2015-03-31": "2447.53700", "2014-12-31": "2427.34500", "2014-09-30": "2713.38000", "2014-06-30": "2588.25000", "2014-03-31": "2591.80600", "2013-12-31": "2595.38100", "2013-09-30": "2377.19100", "2013-06-30": "2379.74500", "2013-03-31": "2393.93200", "2012-12-31": "2465.33000", "2012-09-30": "2506.58900", "2012-06-30": "2509.84100", "2012-03-31": "2674.45000", "2011-12-31": "2393.99500", "2011-09-30": "2492.22700", "2011-06-30": "2466.02100", "2011-03-31": "2440.72800", "2010-12-31": "2430.44600", "2010-09-30": "2524.82200", "2010-06-30": "2410.04100", "2010-03-31": "2430.84900", "2009-12-31": "2454.57700", "2009-09-30": "2509.51900", "2009-06-30": "2484.54300", "2009-03-31": "2711.33600", "2008-12-31": "2741.49500", "2008-09-30": "3137.07800", "2008-06-30": "3130.52000", "2008-03-31": "3080.76500", "2007-12-31": "3100.96900", "2007-09-30": "3268.51600", "2007-06-30": "3175.21500", "2007-03-31": "3206.07100", "2006-12-31": "3173.05600", "2006-09-30": "3006.12100", "2006-06-30": "2974.53700", "2006-03-31": "3077.16300", "2005-12-31": "1521.38400", "2005-09-30": "1481.25100", "2005-06-30": "1409.72300", "2005-03-31": "1349.81400"}, "Other Non-Current Liabilities": {"2020-12-31": "120.12300", "2020-09-30": "115.81200", "2020-06-30": "334.40500", "2020-03-31": "116.56700", "2019-12-31": "107.34700", "2019-09-30": "97.44700", "2019-06-30": "101.26800", "2019-03-31": "104.86300", "2018-12-31": "112.20600", "2018-09-30": "92.28800", "2018-06-30": "95.16100", "2018-03-31": "125.48700", "2017-12-31": "110.94600", "2017-09-30": "102.79600", "2017-06-30": "102.65000", "2017-03-31": "94.54600", "2016-12-31": "99.26000", "2016-09-30": "111.23700", "2016-06-30": "125.31600", "2016-03-31": "116.62300", "2015-12-31": "117.84700", "2015-09-30": "140.89100", "2015-06-30": "155.82800", "2015-03-31": "149.67800", "2014-12-31": "152.49300", "2014-09-30": "148.05900", "2014-06-30": "162.36700", "2014-03-31": "166.12700", "2013-12-31": "164.58600", "2013-09-30": "170.70600", "2013-06-30": "182.14100", "2013-03-31": "191.11300", "2012-12-31": "196.28400", "2012-09-30": "195.37400", "2012-06-30": "207.94700", "2012-03-31": "202.61900", "2011-12-31": "204.09800", "2011-09-30": "204.69100", "2011-06-30": "203.16700", "2011-03-31": "206.51100", "2010-12-31": "209.92300", "2010-09-30": "209.11300", "2010-06-30": "206.77800", "2010-03-31": "188.74000", "2009-12-31": "198.83400", "2009-09-30": "169.09400", "2009-06-30": "165.50400", "2009-03-31": "165.96900", "2008-12-31": "199.15100", "2008-09-30": "180.83900", "2008-06-30": "181.59000", "2008-03-31": "210.29600", "2007-12-31": "205.04400", "2007-09-30": "191.99000", "2007-06-30": "186.50100", "2007-03-31": "194.23500", "2006-12-31": "205.64500", "2006-09-30": "223.60000", "2006-06-30": "191.01900", "2006-03-31": "205.10500", "2005-12-31": "89.00300", "2005-09-30": "89.17100", "2005-06-30": "86.34500", "2005-03-31": "86.47800"}, "Total Long Term Liabilities": {"2020-12-31": "1950.71800", "2020-09-30": "2035.32300", "2020-06-30": "2315.44000", "2020-03-31": "2309.16700", "2019-12-31": "2251.76500", "2019-09-30": "2175.70200", "2019-06-30": "2197.80400", "2019-03-31": "2199.66000", "2018-12-31": "2140.25200", "2018-09-30": "2029.82500", "2018-06-30": "2033.95400", "2018-03-31": "2065.51900", "2017-12-31": "2041.77400", "2017-09-30": "1992.43600", "2017-06-30": "2014.82200", "2017-03-31": "2107.21700", "2016-12-31": "2112.37200", "2016-09-30": "2124.79800", "2016-06-30": "2159.93700", "2016-03-31": "2301.57100", "2015-12-31": "2502.56400", "2015-09-30": "2580.82800", "2015-06-30": "2599.60700", "2015-03-31": "2597.21500", "2014-12-31": "2579.83800", "2014-09-30": "2861.43900", "2014-06-30": "2750.61700", "2014-03-31": "2757.93300", "2013-12-31": "2759.96700", "2013-09-30": "2547.89700", "2013-06-30": "2561.88600", "2013-03-31": "2585.04500", "2012-12-31": "2661.61400", "2012-09-30": "2701.96300", "2012-06-30": "2717.78800", "2012-03-31": "2877.06900", "2011-12-31": "2598.09300", "2011-09-30": "2696.91800", "2011-06-30": "2669.18800", "2011-03-31": "2647.23900", "2010-12-31": "2640.36900", "2010-09-30": "2733.93500", "2010-06-30": "2616.81900", "2010-03-31": "2619.58900", "2009-12-31": "2653.41100", "2009-09-30": "2678.61300", "2009-06-30": "2650.04700", "2009-03-31": "2877.30500", "2008-12-31": "2940.64600", "2008-09-30": "3383.43800", "2008-06-30": "3379.05000", "2008-03-31": "3372.05300", "2007-12-31": "3390.00300", "2007-09-30": "3542.08900", "2007-06-30": "3447.54500", "2007-03-31": "3487.97000", "2006-12-31": "3502.69200", "2006-09-30": "3375.55300", "2006-06-30": "3303.60200", "2006-03-31": "3422.65600", "2005-12-31": "1648.24600", "2005-09-30": "1608.75500", "2005-06-30": "1537.43400", "2005-03-31": "1478.31400"}, "Total Liabilities": {"2020-12-31": "2095.45800", "2020-09-30": "2175.27800", "2020-06-30": "2451.92100", "2020-03-31": "2441.52800", "2019-12-31": "2387.66600", "2019-09-30": "2317.99500", "2019-06-30": "2318.80900", "2019-03-31": "2334.43700", "2018-12-31": "2265.94800", "2018-09-30": "2146.81900", "2018-06-30": "2140.74400", "2018-03-31": "2170.69500", "2017-12-31": "2148.84800", "2017-09-30": "2104.84900", "2017-06-30": "2114.72600", "2017-03-31": "2222.29600", "2016-12-31": "2215.77600", "2016-09-30": "2231.34400", "2016-06-30": "2251.36200", "2016-03-31": "2413.77400", "2015-12-31": "2602.42000", "2015-09-30": "2696.46400", "2015-06-30": "2698.50400", "2015-03-31": "2707.08000", "2014-12-31": "2675.88400", "2014-09-30": "2958.46100", "2014-06-30": "2833.73100", "2014-03-31": "2864.89600", "2013-12-31": "2843.66000", "2013-09-30": "2636.98400", "2013-06-30": "2632.32000", "2013-03-31": "2666.67100", "2012-12-31": "2733.19300", "2012-09-30": "2782.51700", "2012-06-30": "2775.44100", "2012-03-31": "2949.90100", "2011-12-31": "2668.02200", "2011-09-30": "2782.86000", "2011-06-30": "2732.45100", "2011-03-31": "2728.99900", "2010-12-31": "2712.60400", "2010-09-30": "2826.02700", "2010-06-30": "2696.17700", "2010-03-31": "2715.21000", "2009-12-31": "2742.01000", "2009-09-30": "2775.49000", "2009-06-30": "2735.52100", "2009-03-31": "2966.39900", "2008-12-31": "3020.12100", "2008-09-30": "3482.80600", "2008-06-30": "3446.99600", "2008-03-31": "3484.93700", "2007-12-31": "3466.92200", "2007-09-30": "3653.56900", "2007-06-30": "3527.01800", "2007-03-31": "3591.62000", "2006-12-31": "3611.09200", "2006-09-30": "3682.12600", "2006-06-30": "3582.01700", "2006-03-31": "3509.01400", "2005-12-31": "1700.88100", "2005-09-30": "1669.04900", "2005-06-30": "1581.31100", "2005-03-31": "1522.32500"}, "Common Stock Net": {"2020-12-31": "1.70700", "2020-09-30": "1.70700", "2020-06-30": "1.70700", "2020-03-31": "1.71000", "2019-12-31": "1.76600", "2019-09-30": "1.76300", "2019-06-30": "1.76300", "2019-03-31": "1.76100", "2018-12-31": "1.77000", "2018-09-30": "1.78700", "2018-06-30": "1.78700", "2018-03-31": "1.78500", "2017-12-31": "1.78400", "2017-09-30": "1.75500", "2017-06-30": "1.75400", "2017-03-31": "1.75200", "2016-12-31": "1.75200", "2016-09-30": "1.75200", "2016-06-30": "1.75100", "2016-03-31": "1.74900", "2015-12-31": "1.74700", "2015-09-30": "1.75200", "2015-06-30": "1.79900", "2015-03-31": "1.79800", "2014-12-31": "1.79300", "2014-09-30": "1.79000", "2014-06-30": "1.57100", "2014-03-31": "1.56700", "2013-12-31": "1.56600", "2013-09-30": "1.56500", "2013-06-30": "1.56500", "2013-03-31": "1.43500", "2012-12-31": "1.43400", "2012-09-30": "1.43200", "2012-06-30": "1.43100", "2012-03-31": "1.42800", "2011-12-31": "1.42400", "2011-09-30": "1.35300", "2011-06-30": "1.35300", "2011-03-31": "1.34500", "2010-12-31": "1.34300", "2010-09-30": "1.33900", "2010-06-30": "1.31900", "2010-03-31": "1.29900", "2009-12-31": "1.28600", "2009-09-30": "1.28600", "2009-06-30": "1.28600", "2009-03-31": "0.88200", "2008-12-31": "0.88200", "2008-09-30": "0.87700", "2008-06-30": "0.87700", "2008-03-31": "0.87100", "2007-12-31": "0.87000", "2007-09-30": "0.86800", "2007-06-30": "0.87200", "2007-03-31": "0.87200", "2006-12-31": "0.88300", "2006-09-30": "0.90100", "2006-06-30": "0.90000", "2006-03-31": "0.90900", "2005-12-31": "0.56200", "2005-09-30": "0.56200", "2005-06-30": "0.55800", "2005-03-31": "0.55700"}, "Retained Earnings (Accumulated Deficit)": {"2020-12-31": "-1338.15500", "2020-09-30": "-1324.64100", "2020-06-30": "-1566.69900", "2020-03-31": "-1538.15500", "2019-12-31": "-1513.67700", "2019-09-30": "-1496.82100", "2019-06-30": "-1470.02300", "2019-03-31": "-1422.28300", "2018-12-31": "-1408.28400", "2018-09-30": "-1475.86400", "2018-06-30": "-1400.71500", "2018-03-31": "-1381.49400", "2017-12-31": "-1393.56700", "2017-09-30": "-1434.61400", "2017-06-30": "-1425.34100", "2017-03-31": "-1401.31700", "2016-12-31": "-1392.57300", "2016-09-30": "-1350.50400", "2016-06-30": "-1328.35700", "2016-03-31": "-1297.40900", "2015-12-31": "-1315.29200", "2015-09-30": "-1225.14700", "2015-06-30": "-1217.21500", "2015-03-31": "-1191.49400", "2014-12-31": "-1171.09200", "2014-09-30": "-1140.59400", "2014-06-30": "-1120.72100", "2014-03-31": "-1097.55600", "2013-12-31": "-1069.98700", "2013-09-30": "-1065.46700", "2013-06-30": "-1051.14200", "2013-03-31": "-1032.95600", "2012-12-31": "-1013.47200", "2012-09-30": "-956.96500", "2012-06-30": "-949.39600", "2012-03-31": "-929.42500", "2011-12-31": "-914.99400", "2011-09-30": "-887.23190", "2011-06-30": "-871.02600", "2011-03-31": "-841.69510", "2010-12-31": "-818.08200", "2010-09-30": "-790.67800", "2010-06-30": "-761.97300", "2010-03-31": "-734.18900", "2009-12-31": "-711.97500", "2009-09-30": "-685.88400", "2009-06-30": "-678.15400", "2009-03-31": "-665.38200", "2008-12-31": "-651.69000", "2008-09-30": "-624.65200", "2008-06-30": "-586.18200", "2008-03-31": "-547.64710", "2007-12-31": "-522.74400", "2007-09-30": "-514.80800", "2007-06-30": "-476.50100", "2007-03-31": "-437.31100", "2006-12-31": "-416.11700", "2006-09-30": "-400.94600", "2006-06-30": "-359.36800", "2006-03-31": "-305.46400", "2005-12-31": "-262.48500", "2005-09-30": "-243.12600", "2005-06-30": "-232.06500", "2005-03-31": "-214.31400"}, "Comprehensive Income": {"2020-12-31": "-7.56100", "2020-09-30": "-8.74900", "2020-06-30": "-9.97000", "2020-03-31": "-10.19500", "2019-12-31": "-2.37000", "2019-09-30": "-3.55000", "2019-06-30": "-2.16000", "2019-03-31": "2.56000", "2018-12-31": "5.02900", "2018-09-30": "10.23900", "2018-06-30": "9.22100", "2018-03-31": "7.36500", "2017-12-31": "2.39900", "2017-09-30": "-0.90600", "2017-06-30": "-1.52800", "2017-03-31": "-0.45700", "2016-12-31": "-1.74500", "2016-09-30": "-15.05200", "2016-06-30": "-17.76900", "2016-03-31": "-14.27100", "2015-12-31": "-5.19200", "2015-09-30": "-8.49000", "2015-06-30": "-5.65100", "2015-03-31": "-7.19000", "2014-12-31": "-4.60700", "2014-09-30": "-2.65800", "2014-06-30": "-6.10500", "2014-03-31": "-3.90500", "2013-12-31": "-2.99500", "2013-09-30": "-5.82500", "2013-06-30": "-4.60100", "2013-03-31": "-14.04800", "2012-12-31": "-15.91800", "2012-09-30": "-20.45600", "2012-06-30": "-16.44900", "2012-03-31": "-6.00500", "2011-12-31": "-6.07900", "2011-09-30": "-2.42400", "2011-06-30": "-2.47400", "2011-03-31": "-2.52400", "2010-12-31": "-1.94500", "2010-09-30": "-2.81700", "2010-06-30": "-5.05600", "2010-03-31": "-7.37500", "2009-12-31": "-9.13800", "2009-09-30": "-10.34900", "2009-06-30": "-10.65200", "2009-03-31": "-6.53400", "2008-12-31": "-17.00500", "2008-09-30": "-2.83600", "2008-06-30": "-1.15100", "2008-03-31": "-6.48900", "2007-12-31": "-1.88500", "2007-09-30": "-2.86500", "2007-06-30": "1.32200", "2007-03-31": "2.42800", "2006-12-31": "1.57600", "2006-09-30": "1.03800", "2006-06-30": "0.98000", "2006-03-31": "0.84600", "2005-12-31": "-3.16900", "2005-09-30": "-2.81000", "2005-06-30": "-2.66600", "2005-03-31": "-2.82500"}, "Other Share Holders Equity": {"2020-12-31": "", "2020-09-30": "", "2020-06-30": "", "2020-03-31": "", "2019-12-31": "", "2019-09-30": "", "2019-06-30": "", "2019-03-31": "", "2018-12-31": "", "2018-09-30": "", "2018-06-30": "", "2018-03-31": "", "2017-12-31": "", "2017-09-30": "", "2017-06-30": "", "2017-03-31": "", "2016-12-31": "", "2016-09-30": "", "2016-06-30": "", "2016-03-31": "", "2015-12-31": "", "2015-09-30": "", "2015-06-30": "", "2015-03-31": "", "2014-12-31": "", "2014-09-30": "", "2014-06-30": "", "2014-03-31": "", "2013-12-31": "", "2013-09-30": "", "2013-06-30": "", "2013-03-31": "", "2012-12-31": "", "2012-09-30": "", "2012-06-30": "", "2012-03-31": "", "2011-12-31": "", "2011-09-30": "", "2011-06-30": "", "2011-03-31": "", "2010-12-31": "", "2010-09-30": "", "2010-06-30": "", "2010-03-31": "", "2009-12-31": "", "2009-09-30": "", "2009-06-30": "", "2009-03-31": "", "2008-12-31": "", "2008-09-30": "", "2008-06-30": "", "2008-03-31": "", "2007-12-31": "", "2007-09-30": "", "2007-06-30": "", "2007-03-31": "", "2006-12-31": "", "2006-09-30": "", "2006-06-30": "", "2006-03-31": "", "2005-12-31": "", "2005-09-30": "", "2005-06-30": "", "2005-03-31": ""}, "Share Holder Equity": {"2020-12-31": "1804.64800", "2020-09-30": "1815.78200", "2020-06-30": "1570.84900", "2020-03-31": "1603.81400", "2019-12-31": "1688.30300", "2019-09-30": "1702.43700", "2019-06-30": "1729.66500", "2019-03-31": "1781.49200", "2018-12-31": "1811.02800", "2018-09-30": "1776.80300", "2018-06-30": "1850.77500", "2018-03-31": "1867.24100", "2017-12-31": "1846.60000", "2017-09-30": "1750.57000", "2017-06-30": "1757.72300", "2017-03-31": "1879.56600", "2016-12-31": "1883.43700", "2016-09-30": "1911.57400", "2016-06-30": "1929.82600", "2016-03-31": "1964.29000", "2015-12-31": "1952.09100", "2015-09-30": "2045.15700", "2015-06-30": "2115.80600", "2015-03-31": "2138.57600", "2014-12-31": "2159.32600", "2014-09-30": "2189.89000", "2014-06-30": "1870.44200", "2014-03-31": "1895.15200", "2013-12-31": "1921.43500", "2013-09-30": "1921.15800", "2013-06-30": "1934.06900", "2013-03-31": "1758.63300", "2012-12-31": "1773.51600", "2012-09-30": "1884.20900", "2012-06-30": "1893.72900", "2012-03-31": "1875.44200", "2011-12-31": "1889.69600", "2011-09-30": "1920.89400", "2011-06-30": "1936.04400", "2011-03-31": "1957.72000", "2010-12-31": "1977.77400", "2010-09-30": "1998.27100", "2010-06-30": "1921.00700", "2010-03-31": "1919.91800", "2009-12-31": "1921.74000", "2009-09-30": "1945.81200", "2009-06-30": "1952.11100", "2009-03-31": "1721.59000", "2008-12-31": "1722.49800", "2008-09-30": "1670.47100", "2008-06-30": "1703.92200", "2008-03-31": "1715.86500", "2007-12-31": "1747.17700", "2007-09-30": "1752.48800", "2007-06-30": "1801.05500", "2007-03-31": "1843.86000", "2006-12-31": "1897.92600", "2006-09-30": "1969.49600", "2006-06-30": "2009.89600", "2006-03-31": "2091.86400", "2005-12-31": "1104.86400", "2005-09-30": "1124.86600", "2005-06-30": "1124.62800", "2005-03-31": "1138.75800"}, "Total Liabilities And Share Holders Equity": {"2020-12-31": "3900.10600", "2020-09-30": "3991.06000", "2020-06-30": "4022.77000", "2020-03-31": "4045.34200", "2019-12-31": "4075.96900", "2019-09-30": "4020.43200", "2019-06-30": "4048.47400", "2019-03-31": "4115.92900", "2018-12-31": "4076.97600", "2018-09-30": "3923.62200", "2018-06-30": "3991.51900", "2018-03-31": "4037.93600", "2017-12-31": "3995.44800", "2017-09-30": "3855.41900", "2017-06-30": "3872.44900", "2017-03-31": "4101.86200", "2016-12-31": "4099.21300", "2016-09-30": "4142.91800", "2016-06-30": "4181.18800", "2016-03-31": "4378.06400", "2015-12-31": "4554.51100", "2015-09-30": "4741.62100", "2015-06-30": "4814.31000", "2015-03-31": "4845.65600", "2014-12-31": "4835.21000", "2014-09-30": "5148.35100", "2014-06-30": "4704.17300", "2014-03-31": "4760.04800", "2013-12-31": "4765.09500", "2013-09-30": "4558.14200", "2013-06-30": "4566.38900", "2013-03-31": "4425.30400", "2012-12-31": "4506.70900", "2012-09-30": "4666.72600", "2012-06-30": "4669.17000", "2012-03-31": "4825.34300", "2011-12-31": "4557.71800", "2011-09-30": "4703.75400", "2011-06-30": "4668.49500", "2011-03-31": "4686.71900", "2010-12-31": "4690.37800", "2010-09-30": "4824.29800", "2010-06-30": "4617.18400", "2010-03-31": "4635.12800", "2009-12-31": "4663.75000", "2009-09-30": "4721.30200", "2009-06-30": "4687.63200", "2009-03-31": "4687.98900", "2008-12-31": "4742.61900", "2008-09-30": "5153.27700", "2008-06-30": "5150.91800", "2008-03-31": "5200.80200", "2007-12-31": "5214.09900", "2007-09-30": "5406.05700", "2007-06-30": "5328.07300", "2007-03-31": "5435.48000", "2006-12-31": "5509.01800", "2006-09-30": "5651.62200", "2006-06-30": "5591.91300", "2006-03-31": "5600.87800", "2005-12-31": "2805.74500", "2005-09-30": "2793.91500", "2005-06-30": "2705.93900", "2005-03-31": "2661.08300"}}, "cash flow statement": {"Net Income/Loss": {"2020-12-31": "0.00000", "2019-12-31": "34.52900", "2018-12-31": "135.47200", "2017-12-31": "121.17700", "2016-12-31": "40.50100", "2015-12-31": "-30.74000", "2014-12-31": "6.94200", "2013-12-31": "43.18900", "2012-12-31": "6.52900", "2011-12-31": "-4.71500", "2010-12-31": "-17.60600", "2009-12-31": "8.08900", "2008-12-31": "38.52500", "2007-12-31": "55.33500", "2006-12-31": "9.81400", "2005-12-31": "42.76700"}, "Total Depreciation And Amortization - Cash Flow": {"2020-12-31": "", "2019-12-31": "210.98100", "2018-12-31": "181.57200", "2017-12-31": "186.13900", "2016-12-31": "191.62400", "2015-12-31": "219.93600", "2014-12-31": "210.94600", "2013-12-31": "205.71500", "2012-12-31": "206.14800", "2011-12-31": "225.56600", "2010-12-31": "218.51900", "2009-12-31": "218.36100", "2008-12-31": "224.16900", "2007-12-31": "248.39000", "2006-12-31": "264.04900", "2005-12-31": "116.97200"}, "Other Non-Cash Items": {"2020-12-31": "", "2019-12-31": "-5.68600", "2018-12-31": "-94.36600", "2017-12-31": "-125.05400", "2016-12-31": "-53.24400", "2015-12-31": "7.01700", "2014-12-31": "-18.77300", "2013-12-31": "-64.92700", "2012-12-31": "-46.32500", "2011-12-31": "-46.20400", "2010-12-31": "-5.86500", "2009-12-31": "-2.76800", "2008-12-31": "-22.63200", "2007-12-31": "-91.87400", "2006-12-31": "-63.32600", "2005-12-31": "-20.34900"}, "Total Non-Cash Items": {"2020-12-31": "", "2019-12-31": "205.29500", "2018-12-31": "87.20600", "2017-12-31": "61.08500", "2016-12-31": "138.38000", "2015-12-31": "226.95300", "2014-12-31": "192.17300", "2013-12-31": "140.78800", "2012-12-31": "159.82300", "2011-12-31": "179.36200", "2010-12-31": "212.65400", "2009-12-31": "215.59300", "2008-12-31": "201.53700", "2007-12-31": "156.51600", "2006-12-31": "200.72300", "2005-12-31": "96.62300"}, "Change In Accounts Receivable": {"2020-12-31": "", "2019-12-31": "-0.24800", "2018-12-31": "3.52400", "2017-12-31": "-6.26600", "2016-12-31": "2.37300", "2015-12-31": "-0.84800", "2014-12-31": "-2.86900", "2013-12-31": "-4.04800", "2012-12-31": "0.26200", "2011-12-31": "-0.85600", "2010-12-31": "-4.17300", "2009-12-31": "3.74600", "2008-12-31": "-1.63100", "2007-12-31": "6.44900", "2006-12-31": "1.36500", "2005-12-31": "-0.59800"}, "Change In Inventories": {"2020-12-31": "", "2019-12-31": "", "2018-12-31": "", "2017-12-31": "", "2016-12-31": "", "2015-12-31": "", "2014-12-31": "", "2013-12-31": "", "2012-12-31": "", "2011-12-31": "", "2010-12-31": "", "2009-12-31": "", "2008-12-31": "", "2007-12-31": "", "2006-12-31": "", "2005-12-31": ""}, "Change In Accounts Payable": {"2020-12-31": "", "2019-12-31": "", "2018-12-31": "", "2017-12-31": "", "2016-12-31": "", "2015-12-31": "", "2014-12-31": "", "2013-12-31": "", "2012-12-31": "", "2011-12-31": "", "2010-12-31": "", "2009-12-31": "", "2008-12-31": "", "2007-12-31": "", "2006-12-31": "", "2005-12-31": ""}, "Change In Assets/Liabilities": {"2020-12-31": "", "2019-12-31": "0.25300", "2018-12-31": "-11.43200", "2017-12-31": "2.58100", "2016-12-31": "0.55000", "2015-12-31": "-2.29400", "2014-12-31": "-8.20900", "2013-12-31": "4.08100", "2012-12-31": "0.85100", "2011-12-31": "-4.27600", "2010-12-31": "2.23200", "2009-12-31": "-2.94200", "2008-12-31": "-7.05500", "2007-12-31": "17.59600", "2006-12-31": "27.14100", "2005-12-31": "-11.23800"}, "Total Change In Assets/Liabilities": {"2020-12-31": "", "2019-12-31": "-5.59400", "2018-12-31": "4.67100", "2017-12-31": "0.31900", "2016-12-31": "-5.08100", "2015-12-31": "0.94100", "2014-12-31": "-10.11600", "2013-12-31": "-0.49300", "2012-12-31": "-7.24200", "2011-12-31": "2.60000", "2010-12-31": "-9.92100", "2009-12-31": "-3.27700", "2008-12-31": "-6.19500", "2007-12-31": "12.95400", "2006-12-31": "27.76200", "2005-12-31": "-14.24300"}, "Cash Flow From Operating Activities": {"2020-12-31": "", "2019-12-31": "234.23000", "2018-12-31": "227.34900", "2017-12-31": "182.58100", "2016-12-31": "173.80000", "2015-12-31": "197.15400", "2014-12-31": "188.99900", "2013-12-31": "183.48400", "2012-12-31": "159.11000", "2011-12-31": "177.24700", "2010-12-31": "185.12700", "2009-12-31": "220.40500", "2008-12-31": "233.86700", "2007-12-31": "224.80500", "2006-12-31": "238.29900", "2005-12-31": "125.14700"}, "Net Change In Property, Plant, And Equipment": {"2020-12-31": "", "2019-12-31": "-156.50100", "2018-12-31": "-85.13400", "2017-12-31": "-62.84300", "2016-12-31": "509.43400", "2015-12-31": "-229.40100", "2014-12-31": "-128.30600", "2013-12-31": "140.76400", "2012-12-31": "-5.74900", "2011-12-31": "-15.87400", "2010-12-31": "-181.53500", "2009-12-31": "-110.58700", "2008-12-31": "223.50400", "2007-12-31": "116.18400", "2006-12-31": "-126.10800", "2005-12-31": "-240.28100"}, "Net Change In Intangible Assets": {"2020-12-31": "", "2019-12-31": "", "2018-12-31": "", "2017-12-31": "", "2016-12-31": "", "2015-12-31": "", "2014-12-31": "", "2013-12-31": "", "2012-12-31": "", "2011-12-31": "", "2010-12-31": "", "2009-12-31": "", "2008-12-31": "", "2007-12-31": "", "2006-12-31": "", "2005-12-31": ""}, "Net Acquisitions/Divestitures": {"2020-12-31": "", "2019-12-31": "-2.18100", "2018-12-31": "", "2017-12-31": "", "2016-12-31": "", "2015-12-31": "", "2014-12-31": "", "2013-12-31": "", "2012-12-31": "", "2011-12-31": "", "2010-12-31": "", "2009-12-31": "", "2008-12-31": "", "2007-12-31": "-63.73200", "2006-12-31": "-935.85600", "2005-12-31": ""}, "Net Change In Short-term Investments": {"2020-12-31": "", "2019-12-31": "", "2018-12-31": "", "2017-12-31": "", "2016-12-31": "", "2015-12-31": "", "2014-12-31": "", "2013-12-31": "", "2012-12-31": "", "2011-12-31": "", "2010-12-31": "", "2009-12-31": "", "2008-12-31": "", "2007-12-31": "", "2006-12-31": "181.55600", "2005-12-31": "0.42300"}, "Net Change In Long-Term Investments": {"2020-12-31": "", "2019-12-31": "45.38300", "2018-12-31": "65.96400", "2017-12-31": "159.55900", "2016-12-31": "5.47700", "2015-12-31": "-3.73400", "2014-12-31": "-124.33100", "2013-12-31": "-8.61000", "2012-12-31": "-60.24500", "2011-12-31": "3.91700", "2010-12-31": "-3.80100", "2009-12-31": "-1.91800", "2008-12-31": "1.37700", "2007-12-31": "2.81400", "2006-12-31": "3.00900", "2005-12-31": "0.19300"}, "Net Change In Investments - Total": {"2020-12-31": "", "2019-12-31": "45.38300", "2018-12-31": "65.96400", "2017-12-31": "159.55900", "2016-12-31": "5.47700", "2015-12-31": "-3.73400", "2014-12-31": "-124.33100", "2013-12-31": "-8.61000", "2012-12-31": "-60.24500", "2011-12-31": "3.91700", "2010-12-31": "-3.80100", "2009-12-31": "-1.91800", "2008-12-31": "1.37700", "2007-12-31": "2.81400", "2006-12-31": "184.56500", "2005-12-31": "0.61600"}, "Investing Activities - Other": {"2020-12-31": "", "2019-12-31": "-17.36000", "2018-12-31": "-195.33600", "2017-12-31": "-16.91500", "2016-12-31": "-14.00100", "2015-12-31": "66.68300", "2014-12-31": "-18.14800", "2013-12-31": "-27.44600", "2012-12-31": "-8.87000", "2011-12-31": "-34.20600", "2010-12-31": "13.40000", "2009-12-31": "9.95600", "2008-12-31": "-60.83500", "2007-12-31": "-16.10400", "2006-12-31": "-35.41400", "2005-12-31": "-12.75200"}, "Cash Flow From Investing Activities": {"2020-12-31": "", "2019-12-31": "-130.65900", "2018-12-31": "-214.50600", "2017-12-31": "79.80100", "2016-12-31": "500.91000", "2015-12-31": "-166.45200", "2014-12-31": "-270.78500", "2013-12-31": "104.70800", "2012-12-31": "-74.86400", "2011-12-31": "-46.16300", "2010-12-31": "-171.93600", "2009-12-31": "-102.54900", "2008-12-31": "164.04600", "2007-12-31": "39.16200", "2006-12-31": "-912.81300", "2005-12-31": "-252.41700"}, "Net Long-Term Debt": {"2020-12-31": "", "2019-12-31": "123.87300", "2018-12-31": "92.50000", "2017-12-31": "-78.45910", "2016-12-31": "-507.07000", "2015-12-31": "-172.83600", "2014-12-31": "-151.57800", "2013-12-31": "-100.36900", "2012-12-31": "44.58800", "2011-12-31": "-58.78910", "2010-12-31": "-237.23600", "2009-12-31": "-412.07600", "2008-12-31": "-229.97000", "2007-12-31": "-51.22690", "2006-12-31": "949.87900", "2005-12-31": "214.51900"}, "Net Current Debt": {"2020-12-31": "", "2019-12-31": "-7.59500", "2018-12-31": "-122.18000", "2017-12-31": "-4.93100", "2016-12-31": "86.90000", "2015-12-31": "130.00000", "2014-12-31": "", "2013-12-31": "-11.26800", "2012-12-31": "", "2011-12-31": "", "2010-12-31": "256.10400", "2009-12-31": "149.80000", "2008-12-31": "", "2007-12-31": "", "2006-12-31": "20.52000", "2005-12-31": ""}, "Debt Issuance/Retirement Net - Total": {"2020-12-31": "", "2019-12-31": "116.27800", "2018-12-31": "-29.68000", "2017-12-31": "-83.39010", "2016-12-31": "-420.17000", "2015-12-31": "-42.83600", "2014-12-31": "-151.57800", "2013-12-31": "-111.63700", "2012-12-31": "44.58800", "2011-12-31": "-58.78910", "2010-12-31": "18.86800", "2009-12-31": "-262.27610", "2008-12-31": "-229.97000", "2007-12-31": "-51.22690", "2006-12-31": "970.39900", "2005-12-31": "214.51900"}, "Net Common Equity Issued/Repurchased": {"2020-12-31": "", "2019-12-31": "-13.51100", "2018-12-31": "-28.46800", "2017-12-31": "52.45400", "2016-12-31": "1.28600", "2015-12-31": "-67.19300", "2014-12-31": "337.15900", "2013-12-31": "183.90800", "2012-12-31": "-8.70000", "2011-12-31": "8.28000", "2010-12-31": "70.90400", "2009-12-31": "242.33200", "2008-12-31": "", "2007-12-31": "-53.41500", "2006-12-31": "-83.05800", "2005-12-31": "18.76000"}, "Net Total Equity Issued/Repurchased": {"2020-12-31": "", "2019-12-31": "-13.51100", "2018-12-31": "-28.46800", "2017-12-31": "-47.54600", "2016-12-31": "1.28600", "2015-12-31": "-67.19300", "2014-12-31": "337.15900", "2013-12-31": "183.90800", "2012-12-31": "-20.99900", "2011-12-31": "8.28000", "2010-12-31": "70.90400", "2009-12-31": "242.33200", "2008-12-31": "", "2007-12-31": "-53.41500", "2006-12-31": "-83.05800", "2005-12-31": "18.76000"}, "Total Common And Preferred Stock Dividends Paid": {"2020-12-31": "", "2019-12-31": "-134.14000", "2018-12-31": "-128.85900", "2017-12-31": "-116.31100", "2016-12-31": "-115.70200", "2015-12-31": "-114.32800", "2014-12-31": "-104.73100", "2013-12-31": "-98.45000", "2012-12-31": "-96.03000", "2011-12-31": "-89.55900", "2010-12-31": "-87.34500", "2009-12-31": "-68.91400", "2008-12-31": "-162.88200", "2007-12-31": "-171.91800", "2006-12-31": "-183.94000", "2005-12-31": "-110.20500"}, "Financial Activities - Other": {"2020-12-31": "", "2019-12-31": "-4.23900", "2018-12-31": "-6.06700", "2017-12-31": "-6.31100", "2016-12-31": "-2.20000", "2015-12-31": "-7.15300", "2014-12-31": "-4.76900", "2013-12-31": "-0.35500", "2012-12-31": "-10.66600", "2011-12-31": "-7.17100", "2010-12-31": "-0.62000", "2009-12-31": "-31.35500", "2008-12-31": "-6.73700", "2007-12-31": "-7.18600", "2006-12-31": "-10.68200", "2005-12-31": "-3.97600"}, "Cash Flow From Financial Activities": {"2020-12-31": "", "2019-12-31": "-35.61200", "2018-12-31": "-193.07400", "2017-12-31": "-253.55800", "2016-12-31": "-536.78600", "2015-12-31": "-231.51000", "2014-12-31": "76.08100", "2013-12-31": "-26.53400", "2012-12-31": "-83.10700", "2011-12-31": "-147.23900", "2010-12-31": "1.80700", "2009-12-31": "-120.21300", "2008-12-31": "-399.58900", "2007-12-31": "-283.74600", "2006-12-31": "692.71900", "2005-12-31": "119.09800"}, "Net Cash Flow": {"2020-12-31": "", "2019-12-31": "67.95900", "2018-12-31": "-180.23100", "2017-12-31": "8.82400", "2016-12-31": "137.92400", "2015-12-31": "-200.80800", "2014-12-31": "-5.70500", "2013-12-31": "261.65800", "2012-12-31": "1.13900", "2011-12-31": "-16.15500", "2010-12-31": "14.99800", "2009-12-31": "-2.35700", "2008-12-31": "-1.67600", "2007-12-31": "-19.77900", "2006-12-31": "18.20500", "2005-12-31": "-8.17200"}, "Stock-Based Compensation": {"2020-12-31": "", "2019-12-31": "", "2018-12-31": "", "2017-12-31": "", "2016-12-31": "", "2015-12-31": "", "2014-12-31": "", "2013-12-31": "", "2012-12-31": "", "2011-12-31": "", "2010-12-31": "", "2009-12-31": "", "2008-12-31": "", "2007-12-31": "", "2006-12-31": "", "2005-12-31": ""}, "Common Stock Dividends Paid": {"2020-12-31": "", "2019-12-31": "-134.14000", "2018-12-31": "-128.85900", "2017-12-31": "-116.31100", "2016-12-31": "-115.70200", "2015-12-31": "-114.32800", "2014-12-31": "-104.73100", "2013-12-31": "-98.45000", "2012-12-31": "-96.03000", "2011-12-31": "-89.55900", "2010-12-31": "-87.34500", "2009-12-31": "-68.91400", "2008-12-31": "-162.88200", "2007-12-31": "-171.91800", "2006-12-31": "-183.94000", "2005-12-31": "-110.20500"}}, "cash flow statement, quarterly": {"Net Income/Loss": {"2020-12-31": -288.24, "2020-09-30": 276.133, "2020-06-30": 4.02, "2020-03-31": "8.08700", "2019-12-31": 16.874, "2019-09-30": 6.82, "2019-06-30": 6.252, "2019-03-31": "4.58300", "2018-12-31": 121.673, "2018-09-30": -43.522, "2018-06-30": 12.616, "2018-03-31": "44.70500", "2017-12-31": 73.162, "2017-09-30": 19.046, "2017-06-30": 7.698, "2017-03-31": "21.27100", "2016-12-31": -12.37, "2016-09-30": 7.884, "2016-06-30": -1.323, "2016-03-31": "46.31000", "2015-12-31": -62.7, "2015-09-30": 20.308, "2015-06-30": 3.058, "2015-03-31": "8.59400", "2014-12-31": -1.869, "2014-09-30": 8.882, "2014-06-30": 2.174, "2014-03-31": "-2.24500", "2013-12-31": 21.002, "2013-09-30": 11.088, "2013-06-30": 7.18, "2013-03-31": "3.91900", "2012-12-31": -26.698, "2012-09-30": 17.089, "2012-06-30": 6.802, "2012-03-31": "9.33600", "2011-12-31": -4.602, "2011-09-30": 6.611, "2011-06-30": -6.234, "2011-03-31": "-0.49000", "2010-12-31": -4.991, "2010-09-30": -6.616, "2010-06-30": -5.6, "2010-03-31": "-0.39900", "2009-12-31": -4.127, "2009-09-30": 7.309, "2009-06-30": 5.78, "2009-03-31": "-0.87300", "2008-12-31": 14.969, "2008-09-30": 1.746, "2008-06-30": 8.213, "2008-03-31": "13.59700", "2007-12-31": 32.502, "2007-09-30": 2.419, "2007-06-30": 1.042, "2007-03-31": "19.37200", "2006-12-31": 23.448, "2006-09-30": 0.564, "2006-06-30": -11.556, "2006-03-31": "-2.64200", "2005-12-31": 8.628, "2005-09-30": 15.794, "2005-06-30": 8.93, "2005-03-31": "9.41500"}, "Total Depreciation And Amortization - Cash Flow": {"2020-12-31": -149.341, "2020-09-30": 45.023, "2020-06-30": 51.072, "2020-03-31": "53.24600", "2019-12-31": 50.781, "2019-09-30": 53.765, "2019-06-30": 52.506, "2019-03-31": "53.92900", "2018-12-31": 44.712, "2018-09-30": 44.671, "2018-06-30": 45.623, "2018-03-31": "46.56600", "2017-12-31": 48.638, "2017-09-30": 43.436, "2017-06-30": 45.391, "2017-03-31": "48.67400", "2016-12-31": 47.195, "2016-09-30": 47.124, "2016-06-30": 47.212, "2016-03-31": "50.09300", "2015-12-31": 57.872, "2015-09-30": 57.039, "2015-06-30": 51.527, "2015-03-31": "53.49800", "2014-12-31": 51.26, "2014-09-30": 52.413, "2014-06-30": 52.585, "2014-03-31": "54.68800", "2013-12-31": 49.897, "2013-09-30": 51.775, "2013-06-30": 51.886, "2013-03-31": "52.15700", "2012-12-31": 51.629, "2012-09-30": 50.067, "2012-06-30": 51.258, "2012-03-31": "53.19400", "2011-12-31": 56.49, "2011-09-30": 56.346, "2011-06-30": 59.302, "2011-03-31": "53.42800", "2010-12-31": 59.067, "2010-09-30": 55.648, "2010-06-30": 50.11, "2010-03-31": "53.69400", "2009-12-31": 53.738, "2009-09-30": 55.373, "2009-06-30": 54.982, "2009-03-31": "54.26800", "2008-12-31": 54.313, "2008-09-30": 53.398, "2008-06-30": 60.071, "2008-03-31": "56.38700", "2007-12-31": 64.343, "2007-09-30": 60.64, "2007-06-30": 57.953, "2007-03-31": "65.45400", "2006-12-31": 62.963, "2006-09-30": 68.339, "2006-06-30": 73.379, "2006-03-31": "59.36800", "2005-12-31": 29.598, "2005-09-30": 29.183, "2005-06-30": 28.926, "2005-03-31": "29.26500"}, "Other Non-Cash Items": {"2020-12-31": 280.658, "2020-09-30": -278.395, "2020-06-30": 0.263, "2020-03-31": "-2.52600", "2019-12-31": 4.798, "2019-09-30": -5.889, "2019-06-30": 2.161, "2019-03-31": "-6.75600", "2018-12-31": -102.076, "2018-09-30": 51.881, "2018-06-30": -7.039, "2018-03-31": "-37.13200", "2017-12-31": -71.843, "2017-09-30": -20.546, "2017-06-30": -5.839, "2017-03-31": "-26.82600", "2016-12-31": 14.904, "2016-09-30": -12.04, "2016-06-30": -1.251, "2016-03-31": "-54.85700", "2015-12-31": 56.017, "2015-09-30": -24.575, "2015-06-30": -6.732, "2015-03-31": "-17.69300", "2014-12-31": 8.501, "2014-09-30": -18.455, "2014-06-30": -6.154, "2014-03-31": "-2.66500", "2013-12-31": -24.185, "2013-09-30": -15.441, "2013-06-30": -14.908, "2013-03-31": "-10.39300", "2012-12-31": 16.051, "2012-09-30": -22.395, "2012-06-30": -19.571, "2012-03-31": "-20.41000", "2011-12-31": -9.438, "2011-09-30": -15.434, "2011-06-30": -10.756, "2011-03-31": "-10.57600", "2010-12-31": -10.022, "2010-09-30": -7.8, "2010-06-30": 27.746, "2010-03-31": "-15.78900", "2009-12-31": 21.712, "2009-09-30": -7.696, "2009-06-30": -14.115, "2009-03-31": "-2.66900", "2008-12-31": 6.585, "2008-09-30": -1.997, "2008-06-30": -10.362, "2008-03-31": "-16.85800", "2007-12-31": -47.545, "2007-09-30": -5.651, "2007-06-30": -6.913, "2007-03-31": "-31.76500", "2006-12-31": -32.492, "2006-09-30": -13.277, "2006-06-30": -10.1, "2006-03-31": "-7.45700", "2005-12-31": -3.809, "2005-09-30": -10.696, "2005-06-30": -3.15, "2005-03-31": "-2.69400"}, "Total Non-Cash Items": {"2020-12-31": 131.317, "2020-09-30": -233.372, "2020-06-30": 51.335, "2020-03-31": "50.72000", "2019-12-31": 55.579, "2019-09-30": 47.876, "2019-06-30": 54.667, "2019-03-31": "47.17300", "2018-12-31": -57.364, "2018-09-30": 96.552, "2018-06-30": 38.584, "2018-03-31": "9.43400", "2017-12-31": -23.205, "2017-09-30": 22.89, "2017-06-30": 39.552, "2017-03-31": "21.84800", "2016-12-31": 62.099, "2016-09-30": 35.084, "2016-06-30": 45.961, "2016-03-31": "-4.76400", "2015-12-31": 113.889, "2015-09-30": 32.464, "2015-06-30": 44.795, "2015-03-31": "35.80500", "2014-12-31": 59.761, "2014-09-30": 33.958, "2014-06-30": 46.431, "2014-03-31": "52.02300", "2013-12-31": 25.712, "2013-09-30": 36.334, "2013-06-30": 36.978, "2013-03-31": "41.76400", "2012-12-31": 67.68, "2012-09-30": 27.672, "2012-06-30": 31.687, "2012-03-31": "32.78400", "2011-12-31": 47.052, "2011-09-30": 40.912, "2011-06-30": 48.546, "2011-03-31": "42.85200", "2010-12-31": 49.045, "2010-09-30": 47.848, "2010-06-30": 77.856, "2010-03-31": "37.90500", "2009-12-31": 75.45, "2009-09-30": 47.677, "2009-06-30": 40.867, "2009-03-31": "51.59900", "2008-12-31": 60.898, "2008-09-30": 51.401, "2008-06-30": 49.709, "2008-03-31": "39.52900", "2007-12-31": 16.798, "2007-09-30": 54.989, "2007-06-30": 51.04, "2007-03-31": "33.68900", "2006-12-31": 30.471, "2006-09-30": 55.062, "2006-06-30": 63.279, "2006-03-31": "51.91100", "2005-12-31": 25.789, "2005-09-30": 18.487, "2005-06-30": 25.776, "2005-03-31": "26.57100"}, "Change In Accounts Receivable": {"2020-12-31": 6.263, "2020-09-30": -1.914, "2020-06-30": -3.001, "2020-03-31": "-1.34800", "2019-12-31": -2.334, "2019-09-30": 2.751, "2019-06-30": 2.874, "2019-03-31": "-3.53900", "2018-12-31": -0.641, "2018-09-30": 4.395, "2018-06-30": 0.416, "2018-03-31": "-0.64600", "2017-12-31": -1.821, "2017-09-30": -4.581, "2017-06-30": 1.053, "2017-03-31": "-0.91700", "2016-12-31": -1.668, "2016-09-30": 0.882, "2016-06-30": 2.913, "2016-03-31": "0.24600", "2015-12-31": 0.16, "2015-09-30": -0.618, "2015-06-30": -0.22, "2015-03-31": "-0.17000", "2014-12-31": 1.717, "2014-09-30": 1.742, "2014-06-30": -0.569, "2014-03-31": "-5.75900", "2013-12-31": -3.761, "2013-09-30": -2.322, "2013-06-30": 3.356, "2013-03-31": "-1.32100", "2012-12-31": -1.318, "2012-09-30": -1.981, "2012-06-30": 2.585, "2012-03-31": "0.97600", "2011-12-31": -2.986, "2011-09-30": 0.067, "2011-06-30": 4.042, "2011-03-31": "-1.97900", "2010-12-31": -2.633, "2010-09-30": -1.701, "2010-06-30": 0.956, "2010-03-31": "-0.79500", "2009-12-31": -0.081, "2009-09-30": 1.156, "2009-06-30": 1.295, "2009-03-31": "1.37600", "2008-12-31": -8.677, "2008-09-30": 3.722, "2008-06-30": -0.582, "2008-03-31": "3.90600", "2007-12-31": 1.842, "2007-09-30": 0.691, "2007-06-30": -1.5, "2007-03-31": "5.41600", "2006-12-31": -1.15, "2006-09-30": -3.422, "2006-06-30": 9.955, "2006-03-31": "-4.01800", "2005-12-31": -5.067, "2005-09-30": 0.838, "2005-06-30": 3.844, "2005-03-31": "-0.21300"}, "Change In Inventories": {"2020-12-31": 0, "2020-09-30": 0, "2020-06-30": 0, "2020-03-31": "", "2019-12-31": 0, "2019-09-30": 0, "2019-06-30": 0, "2019-03-31": "", "2018-12-31": 0, "2018-09-30": 0, "2018-06-30": 0, "2018-03-31": "", "2017-12-31": 0, "2017-09-30": 0, "2017-06-30": 0, "2017-03-31": "", "2016-12-31": 0, "2016-09-30": 0, "2016-06-30": 0, "2016-03-31": "", "2015-12-31": 0, "2015-09-30": 0, "2015-06-30": 0, "2015-03-31": "", "2014-12-31": 0, "2014-09-30": 0, "2014-06-30": 0, "2014-03-31": "", "2013-12-31": 0, "2013-09-30": 0, "2013-06-30": 0, "2013-03-31": "", "2012-12-31": 0, "2012-09-30": 0, "2012-06-30": 0, "2012-03-31": "", "2011-12-31": 0, "2011-09-30": 0, "2011-06-30": 0, "2011-03-31": "", "2010-12-31": 0, "2010-09-30": 0, "2010-06-30": 0, "2010-03-31": "", "2009-12-31": 0, "2009-09-30": 0, "2009-06-30": 0, "2009-03-31": "", "2008-12-31": 0, "2008-09-30": 0, "2008-06-30": 0, "2008-03-31": "", "2007-12-31": 0, "2007-09-30": 0, "2007-06-30": 0, "2007-03-31": "", "2006-12-31": 0, "2006-09-30": 0, "2006-06-30": 0, "2006-03-31": "", "2005-12-31": 0, "2005-09-30": 0, "2005-06-30": 0, "2005-03-31": ""}, "Change In Accounts Payable": {"2020-12-31": 0, "2020-09-30": 0, "2020-06-30": 0, "2020-03-31": "", "2019-12-31": 0, "2019-09-30": 0, "2019-06-30": 0, "2019-03-31": "", "2018-12-31": 0, "2018-09-30": 0, "2018-06-30": 0, "2018-03-31": "", "2017-12-31": 0, "2017-09-30": 0, "2017-06-30": 0, "2017-03-31": "", "2016-12-31": 0, "2016-09-30": 0, "2016-06-30": 0, "2016-03-31": "", "2015-12-31": 0, "2015-09-30": 0, "2015-06-30": 0, "2015-03-31": "", "2014-12-31": 0, "2014-09-30": 0, "2014-06-30": 0, "2014-03-31": "", "2013-12-31": 0, "2013-09-30": 0, "2013-06-30": 0, "2013-03-31": "", "2012-12-31": 0, "2012-09-30": 0, "2012-06-30": 0, "2012-03-31": "", "2011-12-31": 0, "2011-09-30": 0, "2011-06-30": 0, "2011-03-31": "", "2010-12-31": 0, "2010-09-30": 0, "2010-06-30": 0, "2010-03-31": "", "2009-12-31": 0, "2009-09-30": 0, "2009-06-30": 0, "2009-03-31": "", "2008-12-31": 0, "2008-09-30": 0, "2008-06-30": 0, "2008-03-31": "", "2007-12-31": 0, "2007-09-30": 0, "2007-06-30": 0, "2007-03-31": "", "2006-12-31": 0, "2006-09-30": 0, "2006-06-30": 0, "2006-03-31": "", "2005-12-31": 0, "2005-09-30": 0, "2005-06-30": 0, "2005-03-31": ""}, "Change In Assets/Liabilities": {"2020-12-31": -1.022, "2020-09-30": 6.3, "2020-06-30": 5.91, "2020-03-31": "-11.18800", "2019-12-31": 14.654, "2019-09-30": -0.343, "2019-06-30": 5.571, "2019-03-31": "-19.62900", "2018-12-31": -1.891, "2018-09-30": -4.275, "2018-06-30": 8.383, "2018-03-31": "-13.64900", "2017-12-31": 8.835, "2017-09-30": -0.701, "2017-06-30": 5.179, "2017-03-31": "-10.73200", "2016-12-31": 11.245, "2016-09-30": -9.861, "2016-06-30": 8.06, "2016-03-31": "-8.89400", "2015-12-31": 10.581, "2015-09-30": -11.891, "2015-06-30": 8.765, "2015-03-31": "-9.74900", "2014-12-31": 4.732, "2014-09-30": -13.942, "2014-06-30": 8.98, "2014-03-31": "-7.97900", "2013-12-31": 10.415, "2013-09-30": -11.943, "2013-06-30": 10.493, "2013-03-31": "-4.88400", "2012-12-31": 15.221, "2012-09-30": -17.367, "2012-06-30": 7.545, "2012-03-31": "-4.54800", "2011-12-31": -4.56, "2011-09-30": -5.821, "2011-06-30": 5.771, "2011-03-31": "0.33400", "2010-12-31": 13.302, "2010-09-30": -11.238, "2010-06-30": 3.365, "2010-03-31": "-3.19700", "2009-12-31": 8.247, "2009-09-30": -13.632, "2009-06-30": 6.097, "2009-03-31": "-3.65400", "2008-12-31": 8.533, "2008-09-30": -13.478, "2008-06-30": 2.398, "2008-03-31": "-4.50800", "2007-12-31": 22.765, "2007-09-30": -2.052, "2007-06-30": 12.125, "2007-03-31": "-15.24200", "2006-12-31": 9.096, "2006-09-30": 7.651, "2006-06-30": 4.277, "2006-03-31": "6.11700", "2005-12-31": 0.299, "2005-09-30": -10.118, "2005-06-30": 3.523, "2005-03-31": "-4.94200"}, "Total Change In Assets/Liabilities": {"2020-12-31": -5.541, "2020-09-30": 19.383, "2020-06-30": -0.093, "2020-03-31": "-13.74900", "2019-12-31": 6.527, "2019-09-30": 15.098, "2019-06-30": 6.771, "2019-03-31": "-33.99000", "2018-12-31": 8.503, "2018-09-30": 3.976, "2018-06-30": 7.633, "2018-03-31": "-15.44100", "2017-12-31": 4.275, "2017-09-30": 3.641, "2017-06-30": -5.037, "2017-03-31": "-2.56000", "2016-12-31": -5.59, "2016-09-30": 3.313, "2016-06-30": -0.452, "2016-03-31": "-2.35200", "2015-12-31": 1.005, "2015-09-30": 3.571, "2015-06-30": -4.847, "2015-03-31": "1.21200", "2014-12-31": -1.893, "2014-09-30": -0.081, "2014-06-30": -8.804, "2014-03-31": "0.66200", "2013-12-31": -8.556, "2013-09-30": 1.671, "2013-06-30": 1.804, "2013-03-31": "4.58800", "2012-12-31": -4.017, "2012-09-30": 1.763, "2012-06-30": -7.09, "2012-03-31": "2.10200", "2011-12-31": -21.196, "2011-09-30": 20.128, "2011-06-30": -7.506, "2011-03-31": "11.17400", "2010-12-31": -8.549, "2010-09-30": 5.388, "2010-06-30": -9.192, "2010-03-31": "2.43200", "2009-12-31": -14.017, "2009-09-30": 3.015, "2009-06-30": -5.427, "2009-03-31": "13.15200", "2008-12-31": -22.15, "2008-09-30": 22.171, "2008-06-30": -25.779, "2008-03-31": "19.56300", "2007-12-31": -13.933, "2007-09-30": 32.239, "2007-06-30": -2.812, "2007-03-31": "-2.54000", "2006-12-31": -28.99, "2006-09-30": 32.97, "2006-06-30": 17.813, "2006-03-31": "5.96900", "2005-12-31": -13.036, "2005-09-30": 6.98, "2005-06-30": 1.324, "2005-03-31": "-9.51100"}, "Cash Flow From Operating Activities": {"2020-12-31": -162.464, "2020-09-30": 62.144, "2020-06-30": 55.262, "2020-03-31": "45.05800", "2019-12-31": 78.98, "2019-09-30": 69.794, "2019-06-30": 67.69, "2019-03-31": "17.76600", "2018-12-31": 72.812, "2018-09-30": 57.006, "2018-06-30": 58.833, "2018-03-31": "38.69800", "2017-12-31": 54.232, "2017-09-30": 45.577, "2017-06-30": 42.213, "2017-03-31": "40.55900", "2016-12-31": 44.139, "2016-09-30": 46.281, "2016-06-30": 44.186, "2016-03-31": "39.19400", "2015-12-31": 52.194, "2015-09-30": 56.343, "2015-06-30": 43.006, "2015-03-31": "45.61100", "2014-12-31": 55.999, "2014-09-30": 42.759, "2014-06-30": 39.801, "2014-03-31": "50.44000", "2013-12-31": 38.158, "2013-09-30": 49.093, "2013-06-30": 45.97, "2013-03-31": "50.26300", "2012-12-31": 36.965, "2012-09-30": 46.524, "2012-06-30": 31.399, "2012-03-31": "44.22200", "2011-12-31": 21.254, "2011-09-30": 67.651, "2011-06-30": 34.806, "2011-03-31": "53.53600", "2010-12-31": 35.505, "2010-09-30": 46.62, "2010-06-30": 63.064, "2010-03-31": "39.93800", "2009-12-31": 57.306, "2009-09-30": 58.001, "2009-06-30": 41.22, "2009-03-31": "63.87800", "2008-12-31": 53.717, "2008-09-30": 75.318, "2008-06-30": 32.143, "2008-03-31": "72.68900", "2007-12-31": 35.367, "2007-09-30": 89.647, "2007-06-30": 49.27, "2007-03-31": "50.52100", "2006-12-31": 24.929, "2006-09-30": 88.596, "2006-06-30": 69.536, "2006-03-31": "55.23800", "2005-12-31": 21.381, "2005-09-30": 41.261, "2005-06-30": 36.03, "2005-03-31": "26.47500"}, "Net Change In Property, Plant, And Equipment": {"2020-12-31": 14.738, "2020-09-30": 51.53, "2020-06-30": -29.441, "2020-03-31": "-36.82700", "2019-12-31": -55.757, "2019-09-30": -12.63, "2019-06-30": -48.987, "2019-03-31": "-39.12700", "2018-12-31": 83.086, "2018-09-30": -58.448, "2018-06-30": -61.362, "2018-03-31": "-48.41000", "2017-12-31": -22.503, "2017-09-30": -73.678, "2017-06-30": -2.752, "2017-03-31": "36.09000", "2016-12-31": -32.417, "2016-09-30": -66.393, "2016-06-30": -22.114, "2016-03-31": "630.35800", "2015-12-31": -22.929, "2015-09-30": -21.184, "2015-06-30": -153.7, "2015-03-31": "-31.58800", "2014-12-31": -53.576, "2014-09-30": -20.396, "2014-06-30": -4.608, "2014-03-31": "-49.72600", "2013-12-31": 90.759, "2013-09-30": -23.592, "2013-06-30": -12.542, "2013-03-31": "86.13900", "2012-12-31": -93.792, "2012-09-30": 18.787, "2012-06-30": 7.331, "2012-03-31": "61.92500", "2011-12-31": 116.718, "2011-09-30": -48.431, "2011-06-30": -30.837, "2011-03-31": "-53.32400", "2010-12-31": -3.661, "2010-09-30": -98.881, "2010-06-30": -37.306, "2010-03-31": "-41.68700", "2009-12-31": 18.072, "2009-09-30": -67.203, "2009-06-30": -39.622, "2009-03-31": "-21.83400", "2008-12-31": 300.62, "2008-09-30": -41.478, "2008-06-30": -22.909, "2008-03-31": "-12.72900", "2007-12-31": 164.655, "2007-09-30": -137.799, "2007-06-30": 48.216, "2007-03-31": "41.11200", "2006-12-31": -34.806, "2006-09-30": -82.343, "2006-06-30": -78.179, "2006-03-31": "69.22000", "2005-12-31": -40.234, "2005-09-30": -79.16, "2005-06-30": -76.011, "2005-03-31": "-44.87600"}, "Net Change In Intangible Assets": {"2020-12-31": 0, "2020-09-30": 0, "2020-06-30": 0, "2020-03-31": "", "2019-12-31": 0, "2019-09-30": 0, "2019-06-30": 0, "2019-03-31": "", "2018-12-31": 0, "2018-09-30": 0, "2018-06-30": 0, "2018-03-31": "", "2017-12-31": 0, "2017-09-30": 0, "2017-06-30": 0, "2017-03-31": "", "2016-12-31": 0, "2016-09-30": 0, "2016-06-30": 0, "2016-03-31": "", "2015-12-31": 0, "2015-09-30": 0, "2015-06-30": 0, "2015-03-31": "", "2014-12-31": 0, "2014-09-30": 0, "2014-06-30": 0, "2014-03-31": "", "2013-12-31": 0, "2013-09-30": 0, "2013-06-30": 0, "2013-03-31": "", "2012-12-31": 0, "2012-09-30": 0, "2012-06-30": 0, "2012-03-31": "", "2011-12-31": 0, "2011-09-30": 0, "2011-06-30": 0, "2011-03-31": "", "2010-12-31": 0, "2010-09-30": 0, "2010-06-30": 0, "2010-03-31": "", "2009-12-31": 0, "2009-09-30": 0, "2009-06-30": 0, "2009-03-31": "", "2008-12-31": 0, "2008-09-30": 0, "2008-06-30": 0, "2008-03-31": "", "2007-12-31": 0, "2007-09-30": 0, "2007-06-30": 0, "2007-03-31": "", "2006-12-31": 0, "2006-09-30": 0, "2006-06-30": 0, "2006-03-31": "", "2005-12-31": 0, "2005-09-30": 0, "2005-06-30": 0, "2005-03-31": ""}, "Net Acquisitions/Divestitures": {"2020-12-31": 0, "2020-09-30": 0, "2020-06-30": 0, "2020-03-31": "", "2019-12-31": -2.181, "2019-09-30": 0, "2019-06-30": 0, "2019-03-31": "", "2018-12-31": 0, "2018-09-30": 0, "2018-06-30": 0, "2018-03-31": "", "2017-12-31": 0, "2017-09-30": 0, "2017-06-30": 0, "2017-03-31": "", "2016-12-31": 0, "2016-09-30": 0, "2016-06-30": 0, "2016-03-31": "", "2015-12-31": 0, "2015-09-30": 0, "2015-06-30": 0, "2015-03-31": "", "2014-12-31": 0, "2014-09-30": 0, "2014-06-30": 0, "2014-03-31": "", "2013-12-31": 0, "2013-09-30": 0, "2013-06-30": 0, "2013-03-31": "", "2012-12-31": 0, "2012-09-30": 9.226, "2012-06-30": -9.226, "2012-03-31": "", "2011-12-31": 0, "2011-09-30": 0, "2011-06-30": 0, "2011-03-31": "", "2010-12-31": 0, "2010-09-30": 0, "2010-06-30": 0, "2010-03-31": "", "2009-12-31": 0, "2009-09-30": 0, "2009-06-30": 0, "2009-03-31": "", "2008-12-31": 0, "2008-09-30": 0, "2008-06-30": 0, "2008-03-31": "", "2007-12-31": 0, "2007-09-30": 0.442, "2007-06-30": -0.442, "2007-03-31": "-63.73200", "2006-12-31": 0, "2006-09-30": 0, "2006-06-30": 0, "2006-03-31": "-935.85600", "2005-12-31": 0, "2005-09-30": 0, "2005-06-30": 0, "2005-03-31": ""}, "Net Change In Short-term Investments": {"2020-12-31": 0, "2020-09-30": 0, "2020-06-30": 0, "2020-03-31": "", "2019-12-31": 0, "2019-09-30": 0, "2019-06-30": 0, "2019-03-31": "", "2018-12-31": 0, "2018-09-30": 0, "2018-06-30": 0, "2018-03-31": "", "2017-12-31": 0, "2017-09-30": 0, "2017-06-30": 0, "2017-03-31": "", "2016-12-31": 0, "2016-09-30": 0, "2016-06-30": 0, "2016-03-31": "", "2015-12-31": 0, "2015-09-30": 0, "2015-06-30": 0, "2015-03-31": "", "2014-12-31": 0, "2014-09-30": 0, "2014-06-30": 0.808, "2014-03-31": "-0.80800", "2013-12-31": 0, "2013-09-30": 0, "2013-06-30": 0, "2013-03-31": "", "2012-12-31": 0, "2012-09-30": 0, "2012-06-30": 50.694, "2012-03-31": "-50.69400", "2011-12-31": 0, "2011-09-30": 0, "2011-06-30": 0, "2011-03-31": "", "2010-12-31": 0, "2010-09-30": 0, "2010-06-30": 0, "2010-03-31": "", "2009-12-31": 0, "2009-09-30": 0, "2009-06-30": 0, "2009-03-31": "", "2008-12-31": 0, "2008-09-30": 0, "2008-06-30": 0, "2008-03-31": "", "2007-12-31": 0, "2007-09-30": 0, "2007-06-30": 0, "2007-03-31": "", "2006-12-31": 181.556, "2006-09-30": 0, "2006-06-30": 0, "2006-03-31": "", "2005-12-31": 0.019, "2005-09-30": 0.404, "2005-06-30": 0, "2005-03-31": ""}, "Net Change In Long-Term Investments": {"2020-12-31": -6.197, "2020-09-30": 2.821, "2020-06-30": 3.376, "2020-03-31": "", "2019-12-31": 9.755, "2019-09-30": 1.734, "2019-06-30": 31.966, "2019-03-31": "1.92800", "2018-12-31": 18.556, "2018-09-30": 2.265, "2018-06-30": 0.5, "2018-03-31": "44.64300", "2017-12-31": 90.874, "2017-09-30": 34.031, "2017-06-30": 4.028, "2017-03-31": "30.62600", "2016-12-31": -0.465, "2016-09-30": 6.132, "2016-06-30": 7.976, "2016-03-31": "-8.16600", "2015-12-31": 51.733, "2015-09-30": -12.102, "2015-06-30": -34.9, "2015-03-31": "-8.46500", "2014-12-31": -115.342, "2014-09-30": -11.223, "2014-06-30": -0.594, "2014-03-31": "2.82800", "2013-12-31": 0.908, "2013-09-30": -17.358, "2013-06-30": -3.441, "2013-03-31": "11.28100", "2012-12-31": -13.261, "2012-09-30": 12.332, "2012-06-30": -47.423, "2012-03-31": "-11.89300", "2011-12-31": 3.789, "2011-09-30": -1.89, "2011-06-30": 1.521, "2011-03-31": "0.49700", "2010-12-31": -5.254, "2010-09-30": 0.652, "2010-06-30": 0.408, "2010-03-31": "0.39300", "2009-12-31": 1.534, "2009-09-30": 0.182, "2009-06-30": 10.772, "2009-03-31": "-14.40600", "2008-12-31": 0.246, "2008-09-30": 0.042, "2008-06-30": 1.257, "2008-03-31": "-0.16800", "2007-12-31": 0.706, "2007-09-30": 0.462, "2007-06-30": 0.309, "2007-03-31": "1.33700", "2006-12-31": 1.208, "2006-09-30": 0.088, "2006-06-30": 0.354, "2006-03-31": "1.35900", "2005-12-31": 0.061, "2005-09-30": 0.025, "2005-06-30": -0.035, "2005-03-31": "0.14200"}, "Net Change In Investments - Total": {"2020-12-31": -6.197, "2020-09-30": 2.821, "2020-06-30": 3.376, "2020-03-31": "", "2019-12-31": 9.755, "2019-09-30": 1.734, "2019-06-30": 31.966, "2019-03-31": "1.92800", "2018-12-31": 18.556, "2018-09-30": 2.265, "2018-06-30": 0.5, "2018-03-31": "44.64300", "2017-12-31": 90.874, "2017-09-30": 34.031, "2017-06-30": 4.028, "2017-03-31": "30.62600", "2016-12-31": -0.465, "2016-09-30": 6.132, "2016-06-30": 7.976, "2016-03-31": "-8.16600", "2015-12-31": 51.733, "2015-09-30": -12.102, "2015-06-30": -34.9, "2015-03-31": "-8.46500", "2014-12-31": -115.342, "2014-09-30": -11.223, "2014-06-30": 0.214, "2014-03-31": "2.02000", "2013-12-31": 0.908, "2013-09-30": -17.358, "2013-06-30": -3.441, "2013-03-31": "11.28100", "2012-12-31": -13.261, "2012-09-30": 12.332, "2012-06-30": 3.271, "2012-03-31": "-62.58700", "2011-12-31": 3.789, "2011-09-30": -1.89, "2011-06-30": 1.521, "2011-03-31": "0.49700", "2010-12-31": -5.254, "2010-09-30": 0.652, "2010-06-30": 0.408, "2010-03-31": "0.39300", "2009-12-31": 1.534, "2009-09-30": 0.182, "2009-06-30": 10.772, "2009-03-31": "-14.40600", "2008-12-31": 0.246, "2008-09-30": 0.042, "2008-06-30": 1.257, "2008-03-31": "-0.16800", "2007-12-31": 0.706, "2007-09-30": 0.462, "2007-06-30": 0.309, "2007-03-31": "1.33700", "2006-12-31": 182.764, "2006-09-30": 0.088, "2006-06-30": 0.354, "2006-03-31": "1.35900", "2005-12-31": 0.08, "2005-09-30": 0.429, "2005-06-30": -0.035, "2005-03-31": "0.14200"}, "Investing Activities - Other": {"2020-12-31": 15.482, "2020-09-30": -3.047, "2020-06-30": -6.694, "2020-03-31": "-5.74100", "2019-12-31": -5.349, "2019-09-30": -7.338, "2019-06-30": -0.529, "2019-03-31": "-4.14400", "2018-12-31": -135.572, "2018-09-30": -1.773, "2018-06-30": -55.587, "2018-03-31": "-2.40400", "2017-12-31": -6.115, "2017-09-30": 0.34, "2017-06-30": -8.276, "2017-03-31": "-2.86400", "2016-12-31": -4.274, "2016-09-30": -1.958, "2016-06-30": -8.129, "2016-03-31": "0.36000", "2015-12-31": -3.865, "2015-09-30": -2.735, "2015-06-30": -5.081, "2015-03-31": "78.36400", "2014-12-31": -7.119, "2014-09-30": -1.741, "2014-06-30": -8.629, "2014-03-31": "-0.65900", "2013-12-31": -4.4, "2013-09-30": -10.774, "2013-06-30": -5.403, "2013-03-31": "-6.86900", "2012-12-31": -10.676, "2012-09-30": -7.468, "2012-06-30": 16.566, "2012-03-31": "-7.29200", "2011-12-31": -4.194, "2011-09-30": -14.902, "2011-06-30": -9.678, "2011-03-31": "-5.43200", "2010-12-31": -3.984, "2010-09-30": 39.476, "2010-06-30": -16.025, "2010-03-31": "-6.06700", "2009-12-31": -3.407, "2009-09-30": -3.736, "2009-06-30": -9.14, "2009-03-31": "26.23900", "2008-12-31": -53.533, "2008-09-30": -1.834, "2008-06-30": -1.617, "2008-03-31": "-3.85100", "2007-12-31": -2.25, "2007-09-30": -2.355, "2007-06-30": -2.24, "2007-03-31": "-9.25900", "2006-12-31": -8.037, "2006-09-30": -15.263, "2006-06-30": -9.493, "2006-03-31": "-2.62100", "2005-12-31": -6.113, "2005-09-30": -1.082, "2005-06-30": -1.564, "2005-03-31": "-3.99300"}, "Cash Flow From Investing Activities": {"2020-12-31": 24.023, "2020-09-30": 51.304, "2020-06-30": -32.759, "2020-03-31": "-42.56800", "2019-12-31": -53.532, "2019-09-30": -18.234, "2019-06-30": -17.55, "2019-03-31": "-41.34300", "2018-12-31": -33.93, "2018-09-30": -57.956, "2018-06-30": -116.449, "2018-03-31": "-6.17100", "2017-12-31": 62.256, "2017-09-30": -39.307, "2017-06-30": -7, "2017-03-31": "63.85200", "2016-12-31": -37.156, "2016-09-30": -62.219, "2016-06-30": -22.267, "2016-03-31": "622.55200", "2015-12-31": 24.939, "2015-09-30": -36.021, "2015-06-30": -193.681, "2015-03-31": "38.31100", "2014-12-31": -176.037, "2014-09-30": -33.36, "2014-06-30": -13.023, "2014-03-31": "-48.36500", "2013-12-31": 87.267, "2013-09-30": -51.724, "2013-06-30": -21.386, "2013-03-31": "90.55100", "2012-12-31": -117.729, "2012-09-30": 32.877, "2012-06-30": 17.942, "2012-03-31": "-7.95400", "2011-12-31": 116.313, "2011-09-30": -65.223, "2011-06-30": -38.994, "2011-03-31": "-58.25900", "2010-12-31": -12.899, "2010-09-30": -58.753, "2010-06-30": -52.923, "2010-03-31": "-47.36100", "2009-12-31": 16.199, "2009-09-30": -70.757, "2009-06-30": -37.99, "2009-03-31": "-10.00100", "2008-12-31": 247.333, "2008-09-30": -43.27, "2008-06-30": -23.269, "2008-03-31": "-16.74800", "2007-12-31": 163.111, "2007-09-30": -139.25, "2007-06-30": 45.843, "2007-03-31": "-30.54200", "2006-12-31": 139.921, "2006-09-30": -97.518, "2006-06-30": -87.318, "2006-03-31": "-867.89800", "2005-12-31": -46.267, "2005-09-30": -79.813, "2005-06-30": -77.61, "2005-03-31": "-48.72700"}, "Net Long-Term Debt": {"2020-12-31": 0, "2020-09-30": -61, "2020-06-30": 11, "2020-03-31": "50.00000", "2019-12-31": 69.873, "2019-09-30": -17, "2019-06-30": 3, "2019-03-31": "68.00000", "2018-12-31": 92.5, "2018-09-30": 0, "2018-06-30": 1.317, "2018-03-31": "-1.31700", "2017-12-31": 43.5409, "2017-09-30": -19.558, "2017-06-30": -102.442, "2017-03-31": "", "2016-12-31": -357.151, "2016-09-30": 354.754, "2016-06-30": -504.673, "2016-03-31": "", "2015-12-31": -162.238, "2015-09-30": -3.552, "2015-06-30": -3.5, "2015-03-31": "-3.54600", "2014-12-31": -266.854, "2014-09-30": 115.276, "2014-06-30": 0, "2014-03-31": "", "2013-12-31": -18.342, "2013-09-30": 5.422, "2013-06-30": -15.684, "2013-03-31": "-71.76500", "2012-12-31": -65.362, "2012-09-30": -9.679, "2012-06-30": -160.213, "2012-03-31": "279.84200", "2011-12-31": -337.9211, "2011-09-30": 244.769, "2011-06-30": 24.276, "2011-03-31": "10.08700", "2010-12-31": -100.828, "2010-09-30": -139.804, "2010-06-30": -15.822, "2010-03-31": "19.21800", "2009-12-31": -136.244, "2009-09-30": -22.009, "2009-06-30": -232.58, "2009-03-31": "-21.24300", "2008-12-31": -279.285, "2008-09-30": 11.767, "2008-06-30": 51.213, "2008-03-31": "-13.66500", "2007-12-31": -433.8089, "2007-09-30": 232.8039, "2007-06-30": 105.6441, "2007-03-31": "44.13400", "2006-12-31": -57.937, "2006-09-30": 54.998, "2006-06-30": 95, "2006-03-31": "857.81800", "2005-12-31": 26.519, "2005-09-30": 75, "2005-06-30": 65, "2005-03-31": "48.00000"}, "Net Current Debt": {"2020-12-31": 6.105, "2020-09-30": -2.196, "2020-06-30": -1.964, "2020-03-31": "-1.94500", "2019-12-31": -1.926, "2019-09-30": -1.908, "2019-06-30": -1.89, "2019-03-31": "-1.87100", "2018-12-31": -117.208, "2018-09-30": -1.836, "2018-06-30": -3.136, "2018-03-31": "", "2017-12-31": -1.25, "2017-09-30": -3.681, "2017-06-30": 1.215, "2017-03-31": "-1.21500", "2016-12-31": 355.947, "2016-09-30": -355.947, "2016-06-30": 354.072, "2016-03-31": "-267.17200", "2015-12-31": 130, "2015-09-30": 0, "2015-06-30": 0, "2015-03-31": "", "2014-12-31": 0, "2014-09-30": 6.647, "2014-06-30": -3.298, "2014-03-31": "-3.34900", "2013-12-31": -2.917, "2013-09-30": -8.351, "2013-06-30": 0, "2013-03-31": "", "2012-12-31": 0, "2012-09-30": 6.028, "2012-06-30": -6.028, "2012-03-31": "", "2011-12-31": 218.959, "2011-09-30": -218.959, "2011-06-30": 0, "2011-03-31": "", "2010-12-31": 8.656, "2010-09-30": 251.915, "2010-06-30": -4.467, "2010-03-31": "", "2009-12-31": 81.558, "2009-09-30": 52.018, "2009-06-30": 19.429, "2009-03-31": "-3.20500", "2008-12-31": 21.946, "2008-09-30": -3.296, "2008-06-30": -15.089, "2008-03-31": "-3.56100", "2007-12-31": 266.28, "2007-09-30": -139.5, "2007-06-30": -122.085, "2007-03-31": "-4.69500", "2006-12-31": 29.327, "2006-09-30": -8.129, "2006-06-30": -14.391, "2006-03-31": "13.71300", "2005-12-31": 13.565, "2005-09-30": -3.52, "2005-06-30": -5.14, "2005-03-31": "-4.90500"}, "Debt Issuance/Retirement Net - Total": {"2020-12-31": 6.105, "2020-09-30": -63.196, "2020-06-30": 9.036, "2020-03-31": "48.05500", "2019-12-31": 67.947, "2019-09-30": -18.908, "2019-06-30": 1.11, "2019-03-31": "66.12900", "2018-12-31": -24.708, "2018-09-30": -1.836, "2018-06-30": -1.819, "2018-03-31": "-1.31700", "2017-12-31": 42.2909, "2017-09-30": -23.239, "2017-06-30": -101.227, "2017-03-31": "-1.21500", "2016-12-31": -1.204, "2016-09-30": -1.193, "2016-06-30": -150.601, "2016-03-31": "-267.17200", "2015-12-31": -32.238, "2015-09-30": -3.552, "2015-06-30": -3.5, "2015-03-31": "-3.54600", "2014-12-31": -266.854, "2014-09-30": 121.923, "2014-06-30": -3.298, "2014-03-31": "-3.34900", "2013-12-31": -21.259, "2013-09-30": -2.929, "2013-06-30": -15.684, "2013-03-31": "-71.76500", "2012-12-31": -65.362, "2012-09-30": -3.651, "2012-06-30": -166.241, "2012-03-31": "279.84200", "2011-12-31": -118.9621, "2011-09-30": 25.81, "2011-06-30": 24.276, "2011-03-31": "10.08700", "2010-12-31": -92.172, "2010-09-30": 112.111, "2010-06-30": -20.289, "2010-03-31": "19.21800", "2009-12-31": -54.6861, "2009-09-30": 30.009, "2009-06-30": -213.151, "2009-03-31": "-24.44800", "2008-12-31": -257.339, "2008-09-30": 8.471, "2008-06-30": 36.124, "2008-03-31": "-17.22600", "2007-12-31": -167.5289, "2007-09-30": 93.3039, "2007-06-30": -16.4409, "2007-03-31": "39.43900", "2006-12-31": -28.6099, "2006-09-30": 46.8689, "2006-06-30": 80.609, "2006-03-31": "871.53100", "2005-12-31": 40.084, "2005-09-30": 71.48, "2005-06-30": 59.86, "2005-03-31": "43.09500"}, "Net Common Equity Issued/Repurchased": {"2020-12-31": 59.953, "2020-09-30": 0, "2020-06-30": -6.143, "2020-03-31": "-53.81000", "2019-12-31": 2.971, "2019-09-30": 0, "2019-06-30": 0, "2019-03-31": "-16.48200", "2018-12-31": -28.884, "2018-09-30": 0, "2018-06-30": 0, "2018-03-31": "0.41600", "2017-12-31": 51.225, "2017-09-30": 0.758, "2017-06-30": 0.471, "2017-03-31": "", "2016-12-31": 0, "2016-09-30": 0.46, "2016-06-30": 0, "2016-03-31": "0.82600", "2015-12-31": -6.503, "2015-09-30": -60.817, "2015-06-30": 0, "2015-03-31": "0.12700", "2014-12-31": 1.434, "2014-09-30": 335.016, "2014-06-30": 0.709, "2014-03-31": "", "2013-12-31": 0.141, "2013-09-30": 0.478, "2013-06-30": 182.617, "2013-03-31": "0.67200", "2012-12-31": -9.448, "2012-09-30": 0.472, "2012-06-30": 0.276, "2012-03-31": "", "2011-12-31": -0.345, "2011-09-30": 0.127, "2011-06-30": 6.298, "2011-03-31": "2.20000", "2010-12-31": 4.914, "2010-09-30": 24.969, "2010-06-30": 24.921, "2010-03-31": "16.10000", "2009-12-31": 0, "2009-09-30": -0.123, "2009-06-30": 242.455, "2009-03-31": "", "2008-12-31": 0, "2008-09-30": 0, "2008-06-30": 0, "2008-03-31": "", "2007-12-31": -0.267, "2007-09-30": -5.845, "2007-06-30": -8.792, "2007-03-31": "-38.51100", "2006-12-31": -57.697, "2006-09-30": 1.109, "2006-06-30": -28.393, "2006-03-31": "1.92300", "2005-12-31": -0.283, "2005-09-30": 8.85, "2005-06-30": 3.312, "2005-03-31": "6.88100"}, "Net Total Equity Issued/Repurchased": {"2020-12-31": 59.953, "2020-09-30": 0, "2020-06-30": -6.143, "2020-03-31": "-53.81000", "2019-12-31": 2.971, "2019-09-30": 0, "2019-06-30": 0, "2019-03-31": "-16.48200", "2018-12-31": -28.884, "2018-09-30": 0, "2018-06-30": 0, "2018-03-31": "0.41600", "2017-12-31": 51.225, "2017-09-30": 0.758, "2017-06-30": -99.529, "2017-03-31": "", "2016-12-31": 0, "2016-09-30": 0.46, "2016-06-30": 0, "2016-03-31": "0.82600", "2015-12-31": -6.503, "2015-09-30": -60.817, "2015-06-30": 0, "2015-03-31": "0.12700", "2014-12-31": 1.434, "2014-09-30": 335.016, "2014-06-30": 0.709, "2014-03-31": "", "2013-12-31": 0.141, "2013-09-30": 0.478, "2013-06-30": 182.617, "2013-03-31": "0.67200", "2012-12-31": -67.799, "2012-09-30": 0.472, "2012-06-30": 46.328, "2012-03-31": "", "2011-12-31": -0.345, "2011-09-30": 0.127, "2011-06-30": 6.298, "2011-03-31": "2.20000", "2010-12-31": 4.914, "2010-09-30": 24.969, "2010-06-30": 24.921, "2010-03-31": "16.10000", "2009-12-31": 0, "2009-09-30": -0.123, "2009-06-30": 242.455, "2009-03-31": "", "2008-12-31": 0, "2008-09-30": 0, "2008-06-30": 0, "2008-03-31": "", "2007-12-31": -0.267, "2007-09-30": -5.845, "2007-06-30": -8.792, "2007-03-31": "-38.51100", "2006-12-31": -57.697, "2006-09-30": 1.109, "2006-06-30": -28.393, "2006-03-31": "1.92300", "2005-12-31": -0.283, "2005-09-30": 8.85, "2005-06-30": 3.312, "2005-03-31": "6.88100"}, "Total Common And Preferred Stock Dividends Paid": {"2020-12-31": 99.212, "2020-09-30": -33.105, "2020-06-30": -32.485, "2020-03-31": "-33.62200", "2019-12-31": -33.007, "2019-09-30": -34.484, "2019-06-30": -33.565, "2019-03-31": "-33.08400", "2018-12-31": -32.233, "2018-09-30": -32.23, "2018-06-30": -32.223, "2018-03-31": "-32.17300", "2017-12-31": -28.149, "2017-09-30": -28.136, "2017-06-30": -30.211, "2017-03-31": "-29.81500", "2016-12-31": -30, "2016-09-30": -29.65, "2016-06-30": -28.048, "2016-03-31": "-28.00400", "2015-12-31": -28.073, "2015-09-30": -28.323, "2015-06-30": -29.24, "2015-03-31": "-28.69200", "2014-12-31": -28.65, "2014-09-30": -25.371, "2014-06-30": -25.103, "2014-03-31": "-25.60700", "2013-12-31": -26.389, "2013-09-30": -25.316, "2013-06-30": -23.392, "2013-03-31": "-23.35300", "2012-12-31": -24.507, "2012-09-30": -23.667, "2012-06-30": -24.237, "2012-03-31": "-23.61900", "2011-12-31": -22.44, "2011-09-30": -22.45, "2011-06-30": -22.377, "2011-03-31": "-22.29200", "2010-12-31": -22.3, "2010-09-30": -21.941, "2010-06-30": -21.65, "2010-03-31": "-21.45400", "2009-12-31": -14.956, "2009-09-30": -14.659, "2009-06-30": -10.011, "2009-03-31": "-29.28800", "2008-12-31": -162.882, "2008-09-30": 84.314, "2008-06-30": -42.096, "2008-03-31": "-42.21800", "2007-12-31": -42.091, "2007-09-30": -44.811, "2007-06-30": -42.687, "2007-03-31": "-42.32900", "2006-12-31": -62.685, "2006-09-30": -48.916, "2006-06-30": -42.977, "2006-03-31": "-29.36200", "2005-12-31": -27.289, "2005-09-30": -27.671, "2005-06-30": -27.657, "2005-03-31": "-27.58800"}, "Financial Activities - Other": {"2020-12-31": 1.346, "2020-09-30": 0.374, "2020-06-30": -0.811, "2020-03-31": "-0.90900", "2019-12-31": -2.71, "2019-09-30": 0.373, "2019-06-30": -0.508, "2019-03-31": "-1.39400", "2018-12-31": -1.031, "2018-09-30": -2.966, "2018-06-30": -0.823, "2018-03-31": "-1.24700", "2017-12-31": -4.965, "2017-09-30": -0.231, "2017-06-30": -0.778, "2017-03-31": "-0.33700", "2016-12-31": -0.22, "2016-09-30": -0.217, "2016-06-30": -1.19, "2016-03-31": "-0.57300", "2015-12-31": -4.257, "2015-09-30": -0.98, "2015-06-30": -1.686, "2015-03-31": "-0.23000", "2014-12-31": -0.333, "2014-09-30": -3.86, "2014-06-30": -0.541, "2014-03-31": "-0.03500", "2013-12-31": -0.228, "2013-09-30": -0.033, "2013-06-30": -0.051, "2013-03-31": "-0.04300", "2012-12-31": -1.635, "2012-09-30": -0.994, "2012-06-30": 0.628, "2012-03-31": "-8.66500", "2011-12-31": -1.116, "2011-09-30": -0.942, "2011-06-30": -3.525, "2011-03-31": "-1.58800", "2010-12-31": -0.524, "2010-09-30": 0.738, "2010-06-30": -0.416, "2010-03-31": "-0.41800", "2009-12-31": -5.592, "2009-09-30": -3.111, "2009-06-30": -22.67, "2009-03-31": "0.01800", "2008-12-31": 120.421, "2008-09-30": -126.949, "2008-06-30": -1.964, "2008-03-31": "1.75500", "2007-12-31": -0.652, "2007-09-30": -3.906, "2007-06-30": -2.556, "2007-03-31": "-0.07200", "2006-12-31": -7.017, "2006-09-30": 0.021, "2006-06-30": -1.381, "2006-03-31": "-2.30500", "2005-12-31": -3.792, "2005-09-30": -0.088, "2005-06-30": -0.087, "2005-03-31": "-0.00900"}, "Cash Flow From Financial Activities": {"2020-12-31": 166.616, "2020-09-30": -95.927, "2020-06-30": -30.403, "2020-03-31": "-40.28600", "2019-12-31": 35.201, "2019-09-30": -53.019, "2019-06-30": -32.963, "2019-03-31": "15.16900", "2018-12-31": -86.856, "2018-09-30": -37.032, "2018-06-30": -34.865, "2018-03-31": "-34.32100", "2017-12-31": 60.402, "2017-09-30": -50.848, "2017-06-30": -231.745, "2017-03-31": "-31.36700", "2016-12-31": -31.424, "2016-09-30": -30.6, "2016-06-30": -179.839, "2016-03-31": "-294.92300", "2015-12-31": -71.071, "2015-09-30": -93.672, "2015-06-30": -34.426, "2015-03-31": "-32.34100", "2014-12-31": -294.403, "2014-09-30": 427.708, "2014-06-30": -28.233, "2014-03-31": "-28.99100", "2013-12-31": -47.735, "2013-09-30": -27.8, "2013-06-30": 143.49, "2013-03-31": "-94.48900", "2012-12-31": -159.303, "2012-09-30": -27.84, "2012-06-30": -143.522, "2012-03-31": "247.55800", "2011-12-31": -142.863, "2011-09-30": 2.545, "2011-06-30": 4.672, "2011-03-31": "-11.59300", "2010-12-31": -110.082, "2010-09-30": 115.877, "2010-06-30": -17.434, "2010-03-31": "13.44600", "2009-12-31": -75.234, "2009-09-30": 12.116, "2009-06-30": -3.377, "2009-03-31": "-53.71800", "2008-12-31": -299.8, "2008-09-30": -34.164, "2008-06-30": -7.936, "2008-03-31": "-57.68900", "2007-12-31": -210.539, "2007-09-30": 38.742, "2007-06-30": -70.476, "2007-03-31": "-41.47300", "2006-12-31": -156.009, "2006-09-30": -0.917, "2006-06-30": 7.858, "2006-03-31": "841.78700", "2005-12-31": 8.72, "2005-09-30": 52.571, "2005-06-30": 35.428, "2005-03-31": "22.37900"}, "Net Cash Flow": {"2020-12-31": 28.175, "2020-09-30": 17.521, "2020-06-30": -7.9, "2020-03-31": "-37.79600", "2019-12-31": 60.649, "2019-09-30": -1.459, "2019-06-30": 17.177, "2019-03-31": "-8.40800", "2018-12-31": -47.974, "2018-09-30": -37.982, "2018-06-30": -92.481, "2018-03-31": "-1.79400", "2017-12-31": 176.89, "2017-09-30": -44.578, "2017-06-30": -196.532, "2017-03-31": "73.04400", "2016-12-31": -24.441, "2016-09-30": -46.538, "2016-06-30": -157.92, "2016-03-31": "366.82300", "2015-12-31": 6.062, "2015-09-30": -73.35, "2015-06-30": -185.101, "2015-03-31": "51.58100", "2014-12-31": -414.441, "2014-09-30": 437.107, "2014-06-30": -1.455, "2014-03-31": "-26.91600", "2013-12-31": 77.69, "2013-09-30": -30.431, "2013-06-30": 168.074, "2013-03-31": "46.32500", "2012-12-31": -240.067, "2012-09-30": 51.561, "2012-06-30": -94.181, "2012-03-31": "283.82600", "2011-12-31": -5.296, "2011-09-30": 4.973, "2011-06-30": 0.484, "2011-03-31": "-16.31600", "2010-12-31": -87.476, "2010-09-30": 103.744, "2010-06-30": -7.293, "2010-03-31": "6.02300", "2009-12-31": -1.729, "2009-09-30": -0.64, "2009-06-30": -0.147, "2009-03-31": "0.15900", "2008-12-31": 1.25, "2008-09-30": -2.116, "2008-06-30": 0.938, "2008-03-31": "-1.74800", "2007-12-31": -12.061, "2007-09-30": -10.861, "2007-06-30": 24.637, "2007-03-31": "-21.49400", "2006-12-31": 8.841, "2006-09-30": -9.839, "2006-06-30": -9.924, "2006-03-31": "29.12700", "2005-12-31": -16.166, "2005-09-30": 14.019, "2005-06-30": -6.152, "2005-03-31": "0.12700"}, "Stock-Based Compensation": {"2020-12-31": 0, "2020-09-30": 0, "2020-06-30": 0, "2020-03-31": "", "2019-12-31": 0, "2019-09-30": 0, "2019-06-30": 0, "2019-03-31": "", "2018-12-31": 0, "2018-09-30": 0, "2018-06-30": 0, "2018-03-31": "", "2017-12-31": 0, "2017-09-30": 0, "2017-06-30": 0, "2017-03-31": "", "2016-12-31": 0, "2016-09-30": 0, "2016-06-30": 0, "2016-03-31": "", "2015-12-31": 0, "2015-09-30": 0, "2015-06-30": 0, "2015-03-31": "", "2014-12-31": 0, "2014-09-30": 0, "2014-06-30": 0, "2014-03-31": "", "2013-12-31": 0, "2013-09-30": 0, "2013-06-30": 0, "2013-03-31": "", "2012-12-31": 0, "2012-09-30": 0, "2012-06-30": 0, "2012-03-31": "", "2011-12-31": 0, "2011-09-30": 0, "2011-06-30": 0, "2011-03-31": "", "2010-12-31": 0, "2010-09-30": 0, "2010-06-30": 0, "2010-03-31": "", "2009-12-31": 0, "2009-09-30": 0, "2009-06-30": 0, "2009-03-31": "", "2008-12-31": 0, "2008-09-30": 0, "2008-06-30": 0, "2008-03-31": "", "2007-12-31": 0, "2007-09-30": 0, "2007-06-30": 0, "2007-03-31": "", "2006-12-31": 0, "2006-09-30": 0, "2006-06-30": 0, "2006-03-31": "", "2005-12-31": 0, "2005-09-30": 0, "2005-06-30": 0, "2005-03-31": ""}, "Common Stock Dividends Paid": {"2020-12-31": 99.212, "2020-09-30": -33.105, "2020-06-30": -32.485, "2020-03-31": "-33.62200", "2019-12-31": -33.007, "2019-09-30": -34.484, "2019-06-30": -33.565, "2019-03-31": "-33.08400", "2018-12-31": -32.233, "2018-09-30": -32.23, "2018-06-30": -32.223, "2018-03-31": "-32.17300", "2017-12-31": -28.149, "2017-09-30": -28.136, "2017-06-30": -30.211, "2017-03-31": "-29.81500", "2016-12-31": -30, "2016-09-30": -29.65, "2016-06-30": -28.048, "2016-03-31": "-28.00400", "2015-12-31": -28.073, "2015-09-30": -28.323, "2015-06-30": -29.24, "2015-03-31": "-28.69200", "2014-12-31": -28.65, "2014-09-30": -25.371, "2014-06-30": -25.103, "2014-03-31": "-25.60700", "2013-12-31": -26.389, "2013-09-30": -25.316, "2013-06-30": -23.392, "2013-03-31": "-23.35300", "2012-12-31": -24.507, "2012-09-30": -23.667, "2012-06-30": -24.237, "2012-03-31": "-23.61900", "2011-12-31": -22.44, "2011-09-30": -22.45, "2011-06-30": -22.377, "2011-03-31": "-22.29200", "2010-12-31": -22.3, "2010-09-30": -21.941, "2010-06-30": -21.65, "2010-03-31": "-21.45400", "2009-12-31": -14.956, "2009-09-30": -14.659, "2009-06-30": -10.011, "2009-03-31": "-29.28800", "2008-12-31": -162.882, "2008-09-30": 84.314, "2008-06-30": -42.096, "2008-03-31": "-42.21800", "2007-12-31": -42.091, "2007-09-30": -44.811, "2007-06-30": -42.687, "2007-03-31": "-42.32900", "2006-12-31": -62.685, "2006-09-30": -48.916, "2006-06-30": -42.977, "2006-03-31": "-29.36200", "2005-12-31": -27.289, "2005-09-30": -27.671, "2005-06-30": -27.657, "2005-03-31": "-27.58800"}}, "financial ratios": {"Current Ratio": {"2019-12-31": "", "2018-12-31": "", "2017-12-31": "", "2016-12-31": "", "2015-12-31": "", "2014-12-31": "", "2013-12-31": "", "2012-12-31": "", "2011-12-31": "", "2010-12-31": "", "2009-12-31": "", "2008-12-31": "", "2007-12-31": "", "2006-12-31": "", "2005-12-31": ""}, "Long-term Debt / Capital": {"2019-12-31": "0.55950", "2018-12-31": "0.52830", "2017-12-31": "0.51110", "2016-12-31": "0.51660", "2015-12-31": "0.54990", "2014-12-31": "0.52920", "2013-12-31": "0.57460", "2012-12-31": "0.58160", "2011-12-31": "0.55890", "2010-12-31": "0.55130", "2009-12-31": "0.56090", "2008-12-31": "0.61410", "2007-12-31": "0.63960", "2006-12-31": "0.62570", "2005-12-31": "0.57930"}, "Debt/Equity Ratio": {"2019-12-31": "1.27020", "2018-12-31": "1.11980", "2017-12-31": "1.04560", "2016-12-31": "1.06890", "2015-12-31": "1.22160", "2014-12-31": "1.12410", "2013-12-31": "1.35080", "2012-12-31": "1.39010", "2011-12-31": "1.26690", "2010-12-31": "1.22890", "2009-12-31": "1.27730", "2008-12-31": "1.59160", "2007-12-31": "1.77480", "2006-12-31": "1.67190", "2005-12-31": "1.37700"}, "Gross Margin": {"2019-12-31": "", "2018-12-31": "", "2017-12-31": "", "2016-12-31": "", "2015-12-31": "", "2014-12-31": "", "2013-12-31": "", "2012-12-31": "", "2011-12-31": "", "2010-12-31": "", "2009-12-31": "", "2008-12-31": "", "2007-12-31": "", "2006-12-31": "", "2005-12-31": ""}, "Operating Margin": {"2019-12-31": "19.77650", "2018-12-31": "10.41780", "2017-12-31": "26.02720", "2016-12-31": "11.27120", "2015-12-31": "5.62550", "2014-12-31": "20.75510", "2013-12-31": "20.59590", "2012-12-31": "20.72810", "2011-12-31": "17.49860", "2010-12-31": "17.15180", "2009-12-31": "20.49000", "2008-12-31": "21.18030", "2007-12-31": "20.96340", "2006-12-31": "19.45530", "2005-12-31": "27.04460"}, "EBIT Margin": {"2019-12-31": "19.77650", "2018-12-31": "10.41780", "2017-12-31": "26.02720", "2016-12-31": "11.27120", "2015-12-31": "5.62550", "2014-12-31": "20.75510", "2013-12-31": "20.59590", "2012-12-31": "20.72810", "2011-12-31": "17.49860", "2010-12-31": "17.15180", "2009-12-31": "20.49000", "2008-12-31": "21.18030", "2007-12-31": "20.96340", "2006-12-31": "19.45530", "2005-12-31": "27.04460"}, "EBITDA Margin": {"2019-12-31": "56.12640", "2018-12-31": "43.77390", "2017-12-31": "61.78930", "2016-12-31": "47.73890", "2015-12-31": "42.12150", "2014-12-31": "56.09050", "2013-12-31": "57.18630", "2012-12-31": "59.21160", "2011-12-31": "59.38120", "2010-12-31": "57.58600", "2009-12-31": "58.93930", "2008-12-31": "59.76810", "2007-12-31": "62.03240", "2006-12-31": "65.87070", "2005-12-31": "59.14140"}, "Pre-Tax Profit Margin": {"2019-12-31": "5.95110", "2018-12-31": "24.96490", "2017-12-31": "23.16050", "2016-12-31": "7.70770", "2015-12-31": "-5.10100", "2014-12-31": "1.00910", "2013-12-31": "6.93370", "2012-12-31": "-6.96480", "2011-12-31": "-4.55950", "2010-12-31": "-6.90650", "2009-12-31": "0.63180", "2008-12-31": "-0.11400", "2007-12-31": "1.54310", "2006-12-31": "-5.36930", "2005-12-31": "9.28040"}, "Net Profit Margin": {"2019-12-31": "5.83560", "2018-12-31": "24.64410", "2017-12-31": "22.02390", "2016-12-31": "6.27070", "2015-12-31": "-6.24430", "2014-12-31": "-0.04590", "2013-12-31": "6.31690", "2012-12-31": "-1.53790", "2011-12-31": "-2.41310", "2010-12-31": "-4.73290", "2009-12-31": "-0.04310", "2008-12-31": "4.89940", "2007-12-31": "7.29550", "2006-12-31": "0.32030", "2005-12-31": "9.54220"}, "Asset Turnover": {"2019-12-31": "0.14240", "2018-12-31": "0.13350", "2017-12-31": "0.13030", "2016-12-31": "0.12820", "2015-12-31": "0.13230", "2014-12-31": "0.12350", "2013-12-31": "0.11800", "2012-12-31": "0.11890", "2011-12-31": "0.11820", "2010-12-31": "0.11520", "2009-12-31": "0.12180", "2008-12-31": "0.12250", "2007-12-31": "0.11600", "2006-12-31": "0.10330", "2005-12-31": "0.12990"}, "Inventory Turnover Ratio": {"2019-12-31": "", "2018-12-31": "", "2017-12-31": "", "2016-12-31": "", "2015-12-31": "", "2014-12-31": "", "2013-12-31": "", "2012-12-31": "", "2011-12-31": "", "2010-12-31": "", "2009-12-31": "", "2008-12-31": "", "2007-12-31": "", "2006-12-31": "", "2005-12-31": ""}, "Receiveable Turnover": {"2019-12-31": "", "2018-12-31": "", "2017-12-31": "", "2016-12-31": "", "2015-12-31": "", "2014-12-31": "", "2013-12-31": "", "2012-12-31": "", "2011-12-31": "", "2010-12-31": "", "2009-12-31": "", "2008-12-31": "", "2007-12-31": "", "2006-12-31": "", "2005-12-31": ""}, "Days Sales In Receivables": {"2019-12-31": "", "2018-12-31": "", "2017-12-31": "", "2016-12-31": "", "2015-12-31": "", "2014-12-31": "", "2013-12-31": "", "2012-12-31": "", "2011-12-31": "", "2010-12-31": "", "2009-12-31": "", "2008-12-31": "", "2007-12-31": "", "2006-12-31": "", "2005-12-31": ""}, "ROE - Return On Equity": {"2019-12-31": "2.04520", "2018-12-31": "7.48040", "2017-12-31": "6.56220", "2016-12-31": "2.15040", "2015-12-31": "-1.57480", "2014-12-31": "0.27900", "2013-12-31": "2.02880", "2012-12-31": "-2.10370", "2011-12-31": "-1.29950", "2010-12-31": "-1.88730", "2009-12-31": "0.18670", "2008-12-31": "-0.03840", "2007-12-31": "0.53420", "2006-12-31": "-1.50940", "2005-12-31": "2.96680"}, "Return On Tangible Equity": {"2019-12-31": "2.15340", "2018-12-31": "8.06530", "2017-12-31": "6.80150", "2016-12-31": "2.23640", "2015-12-31": "-1.67020", "2014-12-31": "0.29240", "2013-12-31": "2.17890", "2012-12-31": "-2.19090", "2011-12-31": "-1.34980", "2010-12-31": "-1.98500", "2009-12-31": "0.19750", "2008-12-31": "-0.04200", "2007-12-31": "0.61040", "2006-12-31": "-1.77200", "2005-12-31": "3.19240"}, "ROA - Return On Assets": {"2019-12-31": "0.84710", "2018-12-31": "3.32290", "2017-12-31": "3.03290", "2016-12-31": "0.98800", "2015-12-31": "-0.67490", "2014-12-31": "0.12460", "2013-12-31": "0.81810", "2012-12-31": "-0.82790", "2011-12-31": "-0.53880", "2010-12-31": "-0.79580", "2009-12-31": "0.07690", "2008-12-31": "-0.01400", "2007-12-31": "0.17900", "2006-12-31": "-0.52000", "2005-12-31": "1.16820"}, "ROI - Return On Investment": {"2019-12-31": "0.90090", "2018-12-31": "3.52880", "2017-12-31": "3.20790", "2016-12-31": "1.03940", "2015-12-31": "-0.70880", "2014-12-31": "0.13130", "2013-12-31": "0.86300", "2012-12-31": "-0.88020", "2011-12-31": "-0.57320", "2010-12-31": "-0.84670", "2009-12-31": "0.08200", "2008-12-31": "-0.01480", "2007-12-31": "0.19250", "2006-12-31": "-0.56490", "2005-12-31": "1.24810"}, "Book Value Per Share": {"2019-12-31": "9.62680", "2018-12-31": "10.29600", "2017-12-31": "10.40980", "2016-12-31": "10.80940", "2015-12-31": "11.22260", "2014-12-31": "12.06940", "2013-12-31": "12.25940", "2012-12-31": "12.35560", "2011-12-31": "13.24330", "2010-12-31": "14.70630", "2009-12-31": "14.94390", "2008-12-31": "19.53850", "2007-12-31": "20.07880", "2006-12-31": "21.48750", "2005-12-31": "19.66690"}, "Operating Cash Flow Per Share": {"2019-12-31": 0.0601, "2018-12-31": 0.2329, "2017-12-31": 0.0453, "2016-12-31": -0.1192, "2015-12-31": -0.0306, "2014-12-31": -0.0511, "2013-12-31": 0.0776, "2012-12-31": -0.1979, "2011-12-31": -0.0966, "2010-12-31": -0.541, "2009-12-31": -0.724, "2008-12-31": 0.0957, "2007-12-31": -0.0712, "2006-12-31": 0.4151, "2005-12-31": 2.2306}, "Free Cash Flow Per Share": {"2019-12-31": -0.3518, "2018-12-31": 0.1145, "2017-12-31": -3.2046, "2016-12-31": 4.0628, "2015-12-31": -0.5462, "2014-12-31": -1.7347, "2013-12-31": 1.0294, "2012-12-31": -0.1209, "2011-12-31": 1.1641, "2010-12-31": -0.9424, "2009-12-31": -4.2524, "2008-12-31": 1.3171, "2007-12-31": 2.6594, "2006-12-31": 3.2977, "2005-12-31": -2.0521}}, "financial ratios, quarterly": {"Current Ratio": {"2020-09-30": "", "2020-06-30": "", "2020-03-31": "", "2019-12-31": "", "2019-09-30": "", "2019-06-30": "", "2019-03-31": "", "2018-12-31": "", "2018-09-30": "", "2018-06-30": "", "2018-03-31": "", "2017-12-31": "", "2017-09-30": "", "2017-06-30": "", "2017-03-31": "", "2016-12-31": "", "2016-09-30": "", "2016-06-30": "", "2016-03-31": "", "2015-12-31": "", "2015-09-30": "", "2015-06-30": "", "2015-03-31": "", "2014-12-31": "", "2014-09-30": "", "2014-06-30": "", "2014-03-31": "", "2013-12-31": "", "2013-09-30": "", "2013-06-30": "", "2013-03-31": "", "2012-12-31": "", "2012-09-30": "", "2012-06-30": "", "2012-03-31": "", "2011-12-31": "", "2011-09-30": "", "2011-06-30": "", "2011-03-31": "", "2010-12-31": "", "2010-09-30": "", "2010-06-30": "", "2010-03-31": "", "2009-12-31": "", "2009-09-30": "", "2009-06-30": "", "2009-03-31": "", "2008-12-31": "", "2008-09-30": "", "2008-06-30": "", "2008-03-31": "", "2007-12-31": "", "2007-09-30": "", "2007-06-30": "", "2007-03-31": "", "2006-12-31": "", "2006-09-30": "", "2006-06-30": "", "2006-03-31": "", "2005-12-31": "", "2005-09-30": "", "2005-06-30": "", "2005-03-31": ""}, "Long-term Debt / Capital": {"2020-09-30": "0.51390", "2020-06-30": "0.55770", "2020-03-31": "0.57750", "2019-12-31": "0.55950", "2019-09-30": "0.54970", "2019-06-30": "0.54790", "2019-03-31": "0.54040", "2018-12-31": "0.52830", "2018-09-30": "0.52160", "2018-06-30": "0.51160", "2018-03-31": "0.50960", "2017-12-31": "0.51110", "2017-09-30": "0.51910", "2017-06-30": "0.52100", "2017-03-31": "0.51710", "2016-12-31": "0.51660", "2016-09-30": "0.51300", "2016-06-30": "0.51320", "2016-03-31": "0.52660", "2015-12-31": "0.54990", "2015-09-30": "0.54400", "2015-06-30": "0.53600", "2015-03-31": "0.53370", "2014-12-31": "0.52920", "2014-09-30": "0.55340", "2014-06-30": "0.58050", "2014-03-31": "0.57760", "2013-12-31": "0.57460", "2013-09-30": "0.55300", "2013-06-30": "0.55170", "2013-03-31": "0.57650", "2012-12-31": "0.58160", "2012-09-30": "0.57090", "2012-06-30": "0.57000", "2012-03-31": "0.58780", "2011-12-31": "0.55890", "2011-09-30": "0.56470", "2011-06-30": "0.56020", "2011-03-31": "0.55490", "2010-12-31": "0.55130", "2010-09-30": "0.55820", "2010-06-30": "0.55650", "2010-03-31": "0.55870", "2009-12-31": "0.56090", "2009-09-30": "0.56330", "2009-06-30": "0.56000", "2009-03-31": "0.61160", "2008-12-31": "0.61410", "2008-09-30": "0.65250", "2008-06-30": "0.64750", "2008-03-31": "0.64230", "2007-12-31": "0.63960", "2007-09-30": "0.65100", "2007-06-30": "0.63810", "2007-03-31": "0.63490", "2006-12-31": "0.62570", "2006-09-30": "0.60420", "2006-06-30": "0.59680", "2006-03-31": "0.59530", "2005-12-31": "0.57930", "2005-09-30": "0.56840", "2005-06-30": "0.55620", "2005-03-31": "0.54240"}, "Debt/Equity Ratio": {"2020-09-30": "1.05710", "2020-06-30": "1.26110", "2020-03-31": "1.36710", "2019-12-31": "1.27020", "2019-09-30": "1.22080", "2019-06-30": "1.21210", "2019-03-31": "1.17590", "2018-12-31": "1.11980", "2018-09-30": "1.09050", "2018-06-30": "1.04760", "2018-03-31": "1.03900", "2017-12-31": "1.04560", "2017-09-30": "1.07940", "2017-06-30": "1.08790", "2017-03-31": "1.07080", "2016-12-31": "1.06890", "2016-09-30": "1.05340", "2016-06-30": "1.05430", "2016-03-31": "1.11230", "2015-12-31": "1.22160", "2015-09-30": "1.19300", "2015-06-30": "1.15500", "2015-03-31": "1.14450", "2014-12-31": "1.12410", "2014-09-30": "1.23900", "2014-06-30": "1.38380", "2014-03-31": "1.36760", "2013-12-31": "1.35080", "2013-09-30": "1.23740", "2013-06-30": "1.23040", "2013-03-31": "1.36120", "2012-12-31": "1.39010", "2012-09-30": "1.33030", "2012-06-30": "1.32530", "2012-03-31": "1.42600", "2011-12-31": "1.26690", "2011-09-30": "1.29740", "2011-06-30": "1.27370", "2011-03-31": "1.24670", "2010-12-31": "1.22890", "2010-09-30": "1.26350", "2010-06-30": "1.25460", "2010-03-31": "1.26610", "2009-12-31": "1.27730", "2009-09-30": "1.28970", "2009-06-30": "1.27270", "2009-03-31": "1.57490", "2008-12-31": "1.59160", "2008-09-30": "1.87800", "2008-06-30": "1.83720", "2008-03-31": "1.79550", "2007-12-31": "1.77480", "2007-09-30": "1.86510", "2007-06-30": "1.76300", "2007-03-31": "1.73880", "2006-12-31": "1.67190", "2006-09-30": "1.61860", "2006-06-30": "1.57110", "2006-03-31": "1.47100", "2005-12-31": "1.37700", "2005-09-30": "1.31680", "2005-06-30": "1.25350", "2005-03-31": "1.18530"}, "Gross Margin": {"2020-09-30": "", "2020-06-30": "", "2020-03-31": "", "2019-12-31": "", "2019-09-30": "", "2019-06-30": "", "2019-03-31": "", "2018-12-31": "", "2018-09-30": "", "2018-06-30": "", "2018-03-31": "", "2017-12-31": "", "2017-09-30": "", "2017-06-30": "", "2017-03-31": "", "2016-12-31": "", "2016-09-30": "", "2016-06-30": "", "2016-03-31": "", "2015-12-31": "", "2015-09-30": "", "2015-06-30": "", "2015-03-31": "", "2014-12-31": "", "2014-09-30": "", "2014-06-30": "", "2014-03-31": "", "2013-12-31": "", "2013-09-30": "", "2013-06-30": "", "2013-03-31": "", "2012-12-31": "", "2012-09-30": "", "2012-06-30": "", "2012-03-31": "", "2011-12-31": "", "2011-09-30": "", "2011-06-30": "", "2011-03-31": "", "2010-12-31": "", "2010-09-30": "", "2010-06-30": "", "2010-03-31": "", "2009-12-31": "", "2009-09-30": "", "2009-06-30": "", "2009-03-31": "", "2008-12-31": "", "2008-09-30": "", "2008-06-30": "", "2008-03-31": "", "2007-12-31": "", "2007-09-30": "", "2007-06-30": "", "2007-03-31": "", "2006-12-31": "", "2006-09-30": "", "2006-06-30": "", "2006-03-31": "", "2005-12-31": "", "2005-09-30": "", "2005-06-30": "", "2005-03-31": ""}, "Operating Margin": {"2020-09-30": "236.63110", "2020-06-30": "19.34420", "2020-03-31": "20.79080", "2019-12-31": "23.26050", "2019-09-30": "18.75860", "2019-06-30": "18.80880", "2019-03-31": "18.21380", "2018-12-31": "15.21090", "2018-09-30": "-18.42100", "2018-06-30": "24.32320", "2018-03-31": "20.43300", "2017-12-31": "43.61570", "2017-09-30": "22.96440", "2017-06-30": "20.28630", "2017-03-31": "16.72170", "2016-12-31": "-1.00090", "2016-09-30": "19.97470", "2016-06-30": "14.38740", "2016-03-31": "11.97350", "2015-12-31": "-35.49290", "2015-09-30": "19.35050", "2015-06-30": "21.14410", "2015-03-31": "18.77250", "2014-12-31": "19.96010", "2014-09-30": "21.02310", "2014-06-30": "22.72490", "2014-03-31": "19.32040", "2013-12-31": "20.21380", "2013-09-30": "21.07510", "2013-06-30": "20.68630", "2013-03-31": "20.39210", "2012-12-31": "21.14430", "2012-09-30": "20.75380", "2012-06-30": "20.57090", "2012-03-31": "20.43940", "2011-12-31": "15.39610", "2011-09-30": "18.58670", "2011-06-30": "16.69100", "2011-03-31": "18.91160", "2010-12-31": "13.81870", "2010-09-30": "18.81380", "2010-06-30": "18.20040", "2010-03-31": "17.36000", "2009-12-31": "17.84940", "2009-09-30": "23.02000", "2009-06-30": "20.27960", "2009-03-31": "20.57440", "2008-12-31": "13.82650", "2008-09-30": "22.17090", "2008-06-30": "23.39720", "2008-03-31": "24.49820", "2007-12-31": "19.43860", "2007-09-30": "23.11630", "2007-06-30": "21.46960", "2007-03-31": "19.51800", "2006-12-31": "22.69080", "2006-09-30": "20.64740", "2006-06-30": "15.06890", "2006-03-31": "20.17470", "2005-12-31": "26.90880", "2005-09-30": "27.25860", "2005-06-30": "27.20940", "2005-03-31": "26.78350"}, "EBIT Margin": {"2020-09-30": "236.63110", "2020-06-30": "19.34420", "2020-03-31": "20.79080", "2019-12-31": "23.26050", "2019-09-30": "18.75860", "2019-06-30": "18.80880", "2019-03-31": "18.21380", "2018-12-31": "15.21090", "2018-09-30": "-18.42100", "2018-06-30": "24.32320", "2018-03-31": "20.43300", "2017-12-31": "43.61570", "2017-09-30": "22.96440", "2017-06-30": "20.28630", "2017-03-31": "16.72170", "2016-12-31": "-1.00090", "2016-09-30": "19.97470", "2016-06-30": "14.38740", "2016-03-31": "11.97350", "2015-12-31": "-35.49280", "2015-09-30": "19.35050", "2015-06-30": "21.14410", "2015-03-31": "18.77250", "2014-12-31": "19.96010", "2014-09-30": "21.02310", "2014-06-30": "22.72490", "2014-03-31": "19.32040", "2013-12-31": "20.21380", "2013-09-30": "21.07510", "2013-06-30": "20.68630", "2013-03-31": "20.39210", "2012-12-31": "21.14430", "2012-09-30": "20.75380", "2012-06-30": "20.57090", "2012-03-31": "20.43940", "2011-12-31": "15.39610", "2011-09-30": "18.58670", "2011-06-30": "16.69100", "2011-03-31": "18.91160", "2010-12-31": "13.81870", "2010-09-30": "18.81380", "2010-06-30": "18.20040", "2010-03-31": "17.36000", "2009-12-31": "17.84940", "2009-09-30": "23.02000", "2009-06-30": "20.27960", "2009-03-31": "20.57440", "2008-12-31": "13.82650", "2008-09-30": "22.17090", "2008-06-30": "23.39720", "2008-03-31": "24.49820", "2007-12-31": "19.43860", "2007-09-30": "23.11630", "2007-06-30": "21.46960", "2007-03-31": "19.51800", "2006-12-31": "22.69080", "2006-09-30": "20.64740", "2006-06-30": "15.06890", "2006-03-31": "20.17470", "2005-12-31": "26.90880", "2005-09-30": "27.25860", "2005-06-30": "27.20940", "2005-03-31": "26.78350"}, "EBITDA Margin": {"2020-09-30": "", "2020-06-30": "", "2020-03-31": "", "2019-12-31": "", "2019-09-30": "", "2019-06-30": "", "2019-03-31": "", "2018-12-31": "", "2018-09-30": "", "2018-06-30": "", "2018-03-31": "", "2017-12-31": "", "2017-09-30": "", "2017-06-30": "", "2017-03-31": "", "2016-12-31": "", "2016-09-30": "", "2016-06-30": "", "2016-03-31": "", "2015-12-31": "", "2015-09-30": "", "2015-06-30": "", "2015-03-31": "", "2014-12-31": "", "2014-09-30": "", "2014-06-30": "", "2014-03-31": "", "2013-12-31": "", "2013-09-30": "", "2013-06-30": "", "2013-03-31": "", "2012-12-31": "", "2012-09-30": "", "2012-06-30": "", "2012-03-31": "", "2011-12-31": "", "2011-09-30": "", "2011-06-30": "", "2011-03-31": "", "2010-12-31": "", "2010-09-30": "", "2010-06-30": "", "2010-03-31": "", "2009-12-31": "", "2009-09-30": "", "2009-06-30": "", "2009-03-31": "", "2008-12-31": "", "2008-09-30": "", "2008-06-30": "", "2008-03-31": "", "2007-12-31": "", "2007-09-30": "", "2007-06-30": "", "2007-03-31": "", "2006-12-31": "", "2006-09-30": "", "2006-06-30": "", "2006-03-31": "", "2005-12-31": "", "2005-09-30": "", "2005-06-30": "", "2005-03-31": ""}, "Pre-Tax Profit Margin": {"2020-09-30": "218.97060", "2020-06-30": "2.76970", "2020-03-31": "5.57660", "2019-12-31": "11.45270", "2019-09-30": "4.69270", "2019-06-30": "4.34890", "2019-03-31": "3.20510", "2018-12-31": "87.41050", "2018-09-30": "-32.23900", "2018-06-30": "9.63930", "2018-03-31": "32.88620", "2017-12-31": "55.17010", "2017-09-30": "14.21150", "2017-06-30": "5.75860", "2017-03-31": "16.32370", "2016-12-31": "-9.36510", "2016-09-30": "6.07890", "2016-06-30": "-1.04020", "2016-03-31": "33.92620", "2015-12-31": "-40.71640", "2015-09-30": "13.30930", "2015-06-30": "2.09960", "2015-03-31": "5.71390", "2014-12-31": "-1.26450", "2014-09-30": "6.06240", "2014-06-30": "0.82720", "2014-03-31": "-1.47060", "2013-12-31": "14.97930", "2013-09-30": "7.77590", "2013-06-30": "6.61950", "2013-03-31": "-1.60870", "2012-12-31": "-21.54030", "2012-09-30": "4.08860", "2012-06-30": "-4.48400", "2012-03-31": "-5.84140", "2011-12-31": "-13.87040", "2011-09-30": "3.48710", "2011-06-30": "-8.48340", "2011-03-31": "-1.08590", "2010-12-31": "-14.29900", "2010-09-30": "-4.94590", "2010-06-30": "-4.33070", "2010-03-31": "-4.95850", "2009-12-31": "-6.97100", "2009-09-30": "4.05660", "2009-06-30": "4.12250", "2009-03-31": "0.74630", "2008-12-31": "0.64530", "2008-09-30": "-2.66600", "2008-06-30": "-0.18500", "2008-03-31": "1.70980", "2007-12-31": "15.68580", "2007-09-30": "-0.37020", "2007-06-30": "-1.12070", "2007-03-31": "-4.79980", "2006-12-31": "-2.23290", "2006-09-30": "-3.54400", "2006-06-30": "-9.35860", "2006-03-31": "-5.70260", "2005-12-31": "1.07620", "2005-09-30": "14.55380", "2005-06-30": "9.89450", "2005-03-31": "9.80810"}, "Net Profit Margin": {"2020-09-30": "217.61690", "2020-06-30": "2.85230", "2020-03-31": "5.43880", "2019-12-31": "11.34120", "2019-09-30": "4.59570", "2019-06-30": "4.24000", "2019-03-31": "3.06050", "2018-12-31": "86.58800", "2018-09-30": "-32.04490", "2018-06-30": "9.46360", "2018-03-31": "32.42570", "2017-12-31": "54.34070", "2017-09-30": "14.63980", "2017-06-30": "3.20210", "2017-03-31": "14.72500", "2016-12-31": "-10.64310", "2016-09-30": "4.64320", "2016-06-30": "-2.44140", "2016-03-31": "32.30060", "2015-12-31": "-41.52230", "2015-09-30": "12.02350", "2015-06-30": "0.86170", "2015-03-31": "4.46130", "2014-12-31": "-2.42540", "2014-09-30": "4.75370", "2014-06-30": "0.25580", "2014-03-31": "-2.65660", "2013-12-31": "13.68470", "2013-09-30": "6.39880", "2013-06-30": "3.77410", "2013-03-31": "1.47470", "2012-12-31": "-22.86950", "2012-09-30": "10.36950", "2012-06-30": "1.16610", "2012-03-31": "5.28320", "2011-12-31": "-5.49990", "2011-09-30": "2.96270", "2011-06-30": "-5.88010", "2011-03-31": "-1.78730", "2010-12-31": "-5.71600", "2010-09-30": "-6.05190", "2010-06-30": "-5.58460", "2010-03-31": "-1.74920", "2009-12-31": "-4.54340", "2009-09-30": "3.47900", "2009-06-30": "2.49310", "2009-03-31": "-1.91710", "2008-12-31": "9.28030", "2008-09-30": "-0.36510", "2008-06-30": "3.77210", "2008-03-31": "7.16280", "2007-12-31": "21.77070", "2007-09-30": "0.25810", "2007-06-30": "-0.53150", "2007-03-31": "10.54270", "2006-12-31": "19.13570", "2006-09-30": "-0.88280", "2006-06-30": "-9.01020", "2006-03-31": "-3.22410", "2005-12-31": "8.88560", "2005-09-30": "14.51800", "2005-06-30": "7.26110", "2005-03-31": "7.46730"}, "Asset Turnover": {"2020-09-30": "0.03160", "2020-06-30": "0.03400", "2020-03-31": "0.03590", "2019-12-31": "0.03610", "2019-09-30": "0.03610", "2019-06-30": "0.03560", "2019-03-31": "0.03500", "2018-12-31": "0.03410", "2018-09-30": "0.03440", "2018-06-30": "0.03350", "2018-03-31": "0.03380", "2017-12-31": "0.03340", "2017-09-30": "0.03330", "2017-06-30": "0.03300", "2017-03-31": "0.03190", "2016-12-31": "0.03220", "2016-09-30": "0.03130", "2016-06-30": "0.03040", "2016-03-31": "0.03120", "2015-12-31": "0.03380", "2015-09-30": "0.03220", "2015-06-30": "0.03030", "2015-03-31": "0.03100", "2014-12-31": "0.03060", "2014-09-30": "0.02850", "2014-06-30": "0.03200", "2014-03-31": "0.03200", "2013-12-31": "0.02910", "2013-09-30": "0.03150", "2013-06-30": "0.03080", "2013-03-31": "0.03150", "2012-12-31": "0.02990", "2012-09-30": "0.02880", "2012-06-30": "0.02820", "2012-03-31": "0.02790", "2011-12-31": "0.02540", "2011-09-30": "0.02960", "2011-06-30": "0.02980", "2011-03-31": "0.03080", "2010-12-31": "0.02600", "2010-09-30": "0.02930", "2010-06-30": "0.02930", "2010-03-31": "0.03050", "2009-12-31": "0.02860", "2009-09-30": "0.03090", "2009-06-30": "0.03030", "2009-03-31": "0.03130", "2008-12-31": "0.02820", "2008-09-30": "0.02800", "2008-06-30": "0.02930", "2008-03-31": "0.02930", "2007-12-31": "0.02390", "2007-09-30": "0.03020", "2007-06-30": "0.02860", "2007-03-31": "0.03030", "2006-12-31": "0.02030", "2006-09-30": "0.02870", "2006-06-30": "0.02690", "2006-03-31": "0.02570", "2005-12-31": "0.02660", "2005-09-30": "0.03400", "2005-06-30": "0.03530", "2005-03-31": "0.03730"}, "Inventory Turnover Ratio": {"2020-09-30": "", "2020-06-30": "", "2020-03-31": "", "2019-12-31": "", "2019-09-30": "", "2019-06-30": "", "2019-03-31": "", "2018-12-31": "", "2018-09-30": "", "2018-06-30": "", "2018-03-31": "", "2017-12-31": "", "2017-09-30": "", "2017-06-30": "", "2017-03-31": "", "2016-12-31": "", "2016-09-30": "", "2016-06-30": "", "2016-03-31": "", "2015-12-31": "", "2015-09-30": "", "2015-06-30": "", "2015-03-31": "", "2014-12-31": "", "2014-09-30": "", "2014-06-30": "", "2014-03-31": "", "2013-12-31": "", "2013-09-30": "", "2013-06-30": "", "2013-03-31": "", "2012-12-31": "", "2012-09-30": "", "2012-06-30": "", "2012-03-31": "", "2011-12-31": "", "2011-09-30": "", "2011-06-30": "", "2011-03-31": "", "2010-12-31": "", "2010-09-30": "", "2010-06-30": "", "2010-03-31": "", "2009-12-31": "", "2009-09-30": "", "2009-06-30": "", "2009-03-31": "", "2008-12-31": "", "2008-09-30": "", "2008-06-30": "", "2008-03-31": "", "2007-12-31": "", "2007-09-30": "", "2007-06-30": "", "2007-03-31": "", "2006-12-31": "", "2006-09-30": "", "2006-06-30": "", "2006-03-31": "", "2005-12-31": "", "2005-09-30": "", "2005-06-30": "", "2005-03-31": ""}, "Receiveable Turnover": {"2020-09-30": "", "2020-06-30": "", "2020-03-31": "", "2019-12-31": "", "2019-09-30": "", "2019-06-30": "", "2019-03-31": "", "2018-12-31": "", "2018-09-30": "", "2018-06-30": "", "2018-03-31": "", "2017-12-31": "", "2017-09-30": "", "2017-06-30": "", "2017-03-31": "", "2016-12-31": "", "2016-09-30": "", "2016-06-30": "", "2016-03-31": "", "2015-12-31": "", "2015-09-30": "", "2015-06-30": "", "2015-03-31": "", "2014-12-31": "", "2014-09-30": "", "2014-06-30": "", "2014-03-31": "", "2013-12-31": "", "2013-09-30": "", "2013-06-30": "", "2013-03-31": "", "2012-12-31": "", "2012-09-30": "", "2012-06-30": "", "2012-03-31": "", "2011-12-31": "", "2011-09-30": "", "2011-06-30": "", "2011-03-31": "", "2010-12-31": "", "2010-09-30": "", "2010-06-30": "", "2010-03-31": "", "2009-12-31": "", "2009-09-30": "", "2009-06-30": "", "2009-03-31": "", "2008-12-31": "", "2008-09-30": "", "2008-06-30": "", "2008-03-31": "", "2007-12-31": "", "2007-09-30": "", "2007-06-30": "", "2007-03-31": "", "2006-12-31": "", "2006-09-30": "", "2006-06-30": "", "2006-03-31": "", "2005-12-31": "", "2005-09-30": "", "2005-06-30": "", "2005-03-31": ""}, "Days Sales In Receivables": {"2020-09-30": "", "2020-06-30": "", "2020-03-31": "", "2019-12-31": "", "2019-09-30": "", "2019-06-30": "", "2019-03-31": "", "2018-12-31": "", "2018-09-30": "", "2018-06-30": "", "2018-03-31": "", "2017-12-31": "", "2017-09-30": "", "2017-06-30": "", "2017-03-31": "", "2016-12-31": "", "2016-09-30": "", "2016-06-30": "", "2016-03-31": "", "2015-12-31": "", "2015-09-30": "", "2015-06-30": "", "2015-03-31": "", "2014-12-31": "", "2014-09-30": "", "2014-06-30": "", "2014-03-31": "", "2013-12-31": "", "2013-09-30": "", "2013-06-30": "", "2013-03-31": "", "2012-12-31": "", "2012-09-30": "", "2012-06-30": "", "2012-03-31": "", "2011-12-31": "", "2011-09-30": "", "2011-06-30": "", "2011-03-31": "", "2010-12-31": "", "2010-09-30": "", "2010-06-30": "", "2010-03-31": "", "2009-12-31": "", "2009-09-30": "", "2009-06-30": "", "2009-03-31": "", "2008-12-31": "", "2008-09-30": "", "2008-06-30": "", "2008-03-31": "", "2007-12-31": "", "2007-09-30": "", "2007-06-30": "", "2007-03-31": "", "2006-12-31": "", "2006-09-30": "", "2006-06-30": "", "2006-03-31": "", "2005-12-31": "", "2005-09-30": "", "2005-06-30": "", "2005-03-31": ""}, "ROE - Return On Equity": {"2020-09-30": "15.20740", "2020-06-30": "0.25590", "2020-03-31": "0.50420", "2019-12-31": "0.99950", "2019-09-30": "0.40060", "2019-06-30": "0.36150", "2019-03-31": "0.25730", "2018-12-31": "6.70410", "2018-09-30": "-2.44950", "2018-06-30": "0.69570", "2018-03-31": "2.39420", "2017-12-31": "3.96200", "2017-09-30": "1.08800", "2017-06-30": "0.43800", "2017-03-31": "1.13170", "2016-12-31": "-0.65680", "2016-09-30": "0.41240", "2016-06-30": "-0.06860", "2016-03-31": "2.35760", "2015-12-31": "-3.21200", "2015-09-30": "0.99300", "2015-06-30": "0.14450", "2015-03-31": "0.40190", "2014-12-31": "-0.08660", "2014-09-30": "0.40570", "2014-06-30": "0.06660", "2014-03-31": "-0.11800", "2013-12-31": "1.08100", "2013-09-30": "0.58020", "2013-06-30": "0.48140", "2013-03-31": "-0.12770", "2012-12-31": "-1.63750", "2012-09-30": "0.29190", "2012-06-30": "-0.31210", "2012-03-31": "-0.41910", "2011-12-31": "-0.84870", "2011-09-30": "0.25310", "2011-06-30": "-0.61020", "2011-03-31": "-0.08000", "2010-12-31": "-0.88210", "2010-09-30": "-0.35020", "2010-06-30": "-0.30550", "2010-03-31": "-0.36530", "2009-12-31": "-0.48310", "2009-09-30": "0.30420", "2009-06-30": "0.30000", "2009-03-31": "0.06360", "2008-12-31": "0.05000", "2008-09-30": "-0.23040", "2008-06-30": "-0.01640", "2008-03-31": "0.15170", "2007-12-31": "1.08490", "2007-09-30": "-0.02760", "2007-06-30": "-0.08550", "2007-03-31": "-0.41210", "2006-12-31": "-0.13970", "2006-09-30": "-0.26070", "2006-06-30": "-0.66610", "2006-03-31": "-0.35730", "2005-12-31": "0.08240", "2005-09-30": "1.19020", "2005-06-30": "0.80610", "2005-03-31": "0.82680"}, "Return On Tangible Equity": {"2020-09-30": "15.64430", "2020-06-30": "0.26520", "2020-03-31": "0.52920", "2019-12-31": "1.05240", "2019-09-30": "0.42450", "2019-06-30": "0.38590", "2019-03-31": "0.27580", "2018-12-31": "7.22830", "2018-09-30": "-2.52790", "2018-06-30": "0.71880", "2018-03-31": "2.47860", "2017-12-31": "4.10650", "2017-09-30": "1.12580", "2017-06-30": "0.45330", "2017-03-31": "1.17170", "2016-12-31": "-0.68310", "2016-09-30": "0.43070", "2016-06-30": "-0.07190", "2016-03-31": "2.48410", "2015-12-31": "-3.40670", "2015-09-30": "1.05880", "2015-06-30": "0.15460", "2015-03-31": "0.42020", "2014-12-31": "-0.09070", "2014-09-30": "0.42620", "2014-06-30": "0.07080", "2014-03-31": "-0.12640", "2013-12-31": "1.16090", "2013-09-30": "0.59710", "2013-06-30": "0.49680", "2013-03-31": "-0.13260", "2012-12-31": "-1.70530", "2012-09-30": "0.30030", "2012-06-30": "-0.32190", "2012-03-31": "-0.43380", "2011-12-31": "-0.88160", "2011-09-30": "0.26430", "2011-06-30": "-0.63590", "2011-03-31": "-0.08400", "2010-12-31": "-0.92780", "2010-09-30": "-0.37010", "2010-06-30": "-0.32000", "2010-03-31": "-0.38430", "2009-12-31": "-0.51110", "2009-09-30": "0.32320", "2009-06-30": "0.32040", "2009-03-31": "0.06900", "2008-12-31": "0.05470", "2008-09-30": "-0.25410", "2008-06-30": "-0.01820", "2008-03-31": "0.17220", "2007-12-31": "1.23960", "2007-09-30": "-0.03180", "2007-06-30": "-0.09860", "2007-03-31": "-0.47620", "2006-12-31": "-0.16400", "2006-09-30": "-0.31220", "2006-06-30": "-0.80100", "2006-03-31": "-0.43410", "2005-12-31": "0.08860", "2005-09-30": "1.28290", "2005-06-30": "0.87250", "2005-03-31": "0.89860"}, "ROA - Return On Assets": {"2020-09-30": "6.91880", "2020-06-30": "0.09990", "2020-03-31": "0.19990", "2019-12-31": "0.41400", "2019-09-30": "0.16960", "2019-06-30": "0.15440", "2019-03-31": "0.11130", "2018-12-31": "2.97800", "2018-09-30": "-1.10920", "2018-06-30": "0.32260", "2018-03-31": "1.10710", "2017-12-31": "1.83110", "2017-09-30": "0.49400", "2017-06-30": "0.19880", "2017-03-31": "0.51860", "2016-12-31": "-0.30180", "2016-09-30": "0.19030", "2016-06-30": "-0.03160", "2016-03-31": "1.05780", "2015-12-31": "-1.37670", "2015-09-30": "0.42830", "2015-06-30": "0.06350", "2015-03-31": "0.17740", "2014-12-31": "-0.03870", "2014-09-30": "0.17260", "2014-06-30": "0.02650", "2014-03-31": "-0.04700", "2013-12-31": "0.43590", "2013-09-30": "0.24460", "2013-06-30": "0.20390", "2013-03-31": "-0.05070", "2012-12-31": "-0.64440", "2012-09-30": "0.11790", "2012-06-30": "-0.12660", "2012-03-31": "-0.16290", "2011-12-31": "-0.35190", "2011-09-30": "0.10330", "2011-06-30": "-0.25300", "2011-03-31": "-0.03340", "2010-12-31": "-0.37200", "2010-09-30": "-0.14510", "2010-06-30": "-0.12710", "2010-03-31": "-0.15130", "2009-12-31": "-0.19910", "2009-09-30": "0.12540", "2009-06-30": "0.12490", "2009-03-31": "0.02340", "2008-12-31": "0.01820", "2008-09-30": "-0.07470", "2008-06-30": "-0.00540", "2008-03-31": "0.05000", "2007-12-31": "0.36350", "2007-09-30": "-0.00890", "2007-06-30": "-0.02890", "2007-03-31": "-0.13980", "2006-12-31": "-0.04810", "2006-09-30": "-0.09080", "2006-06-30": "-0.23940", "2006-03-31": "-0.13340", "2005-12-31": "0.03240", "2005-09-30": "0.47920", "2005-06-30": "0.33500", "2005-03-31": "0.35380"}, "ROI - Return On Investment": {"2020-09-30": "7.39250", "2020-06-30": "0.11320", "2020-03-31": "0.21300", "2019-12-31": "0.44030", "2019-09-30": "0.18040", "2019-06-30": "0.16340", "2019-03-31": "0.11820", "2018-12-31": "3.16260", "2018-09-30": "-1.17170", "2018-06-30": "0.33980", "2018-03-31": "1.17420", "2017-12-31": "1.93680", "2017-09-30": "0.52320", "2017-06-30": "0.20980", "2017-03-31": "0.54650", "2016-12-31": "-0.31750", "2016-09-30": "0.20090", "2016-06-30": "-0.03340", "2016-03-31": "1.11610", "2015-12-31": "-1.44580", "2015-09-30": "0.45280", "2015-06-30": "0.06710", "2015-03-31": "0.18740", "2014-12-31": "-0.04070", "2014-09-30": "0.18120", "2014-06-30": "0.02790", "2014-03-31": "-0.04990", "2013-12-31": "0.45980", "2013-09-30": "0.25930", "2013-06-30": "0.21580", "2013-03-31": "-0.05410", "2012-12-31": "-0.68510", "2012-09-30": "0.12530", "2012-06-30": "-0.13420", "2012-03-31": "-0.17270", "2011-12-31": "-0.37440", "2011-09-30": "0.11010", "2011-06-30": "-0.26840", "2011-03-31": "-0.03560", "2010-12-31": "-0.39580", "2010-09-30": "-0.15470", "2010-06-30": "-0.13550", "2010-03-31": "-0.16120", "2009-12-31": "-0.21210", "2009-09-30": "0.13290", "2009-06-30": "0.13200", "2009-03-31": "0.02470", "2008-12-31": "0.01930", "2008-09-30": "-0.08000", "2008-06-30": "-0.00580", "2008-03-31": "0.05430", "2007-12-31": "0.39100", "2007-09-30": "-0.00960", "2007-06-30": "-0.03090", "2007-03-31": "-0.15050", "2006-12-31": "-0.05230", "2006-09-30": "-0.10320", "2006-06-30": "-0.26860", "2006-03-31": "-0.14460", "2005-12-31": "0.03470", "2005-09-30": "0.51370", "2005-06-30": "0.35770", "2005-03-31": "0.37830"}, "Book Value Per Share": {"2020-09-30": "10.71810", "2020-06-30": "9.20920", "2020-03-31": "9.44260", "2019-12-31": "9.62680", "2019-09-30": "9.72330", "2019-06-30": "9.87910", "2019-03-31": "10.18060", "2018-12-31": "10.29600", "2018-09-30": "10.00310", "2018-06-30": "10.41970", "2018-03-31": "10.52000", "2017-12-31": "10.40980", "2017-09-30": "9.97610", "2017-06-30": "10.02180", "2017-03-31": "10.72800", "2016-12-31": "10.80940", "2016-09-30": "10.97090", "2016-06-30": "11.07820", "2016-03-31": "11.28620", "2015-12-31": "11.22260", "2015-09-30": "11.72340", "2015-06-30": "11.76110", "2015-03-31": "11.89780", "2014-12-31": "12.06940", "2014-09-30": "12.23530", "2014-06-30": "11.90670", "2014-03-31": "12.07740", "2013-12-31": "12.25940", "2013-09-30": "12.25980", "2013-06-30": "12.34540", "2013-03-31": "12.23710", "2012-12-31": "12.35560", "2012-09-30": "13.13600", "2012-06-30": "13.20890", "2012-03-31": "13.11300", "2011-12-31": "13.24330", "2011-09-30": "14.16800", "2011-06-30": "14.28430", "2011-03-31": "14.52760", "2010-12-31": "14.70630", "2010-09-30": "14.90770", "2010-06-30": "14.55310", "2010-03-31": "14.76710", "2009-12-31": "14.94390", "2009-09-30": "15.13290", "2009-06-30": "15.18170", "2009-03-31": "19.51560", "2008-12-31": "19.53850", "2008-09-30": "19.09550", "2008-06-30": "19.42940", "2008-03-31": "19.67710", "2007-12-31": "20.07880", "2007-09-30": "20.18000", "2007-06-30": "20.69010", "2007-03-31": "21.12050", "2006-12-31": "21.48750", "2006-09-30": "21.86900", "2006-06-30": "22.32850", "2006-03-31": "23.01260", "2005-12-31": "19.66690", "2005-09-30": "20.02290", "2005-06-30": "20.16290", "2005-03-31": "20.47170"}, "Operating Cash Flow Per Share": {"2020-09-30": 0.3624, "2020-06-30": 0.3324, "2020-03-31": "0.25510", "2019-12-31": 0.4473, "2019-09-30": 0.3948, "2019-06-30": 0.3829, "2019-03-31": "0.10070", "2018-12-31": 0.4003, "2018-09-30": 0.3225, "2018-06-30": 0.3276, "2018-03-31": "0.21520", "2017-12-31": 0.3069, "2017-09-30": 0.2575, "2017-06-30": 0.2381, "2017-03-31": "0.23020", "2016-12-31": 0.2522, "2016-09-30": 0.2588, "2016-06-30": 0.253, "2016-03-31": "0.22340", "2015-12-31": 0.2958, "2015-09-30": 0.32, "2015-06-30": 0.2383, "2015-03-31": "0.25250", "2014-12-31": 0.3693, "2014-09-30": 0.1933, "2014-06-30": 0.2529, "2014-03-31": "0.32170", "2013-12-31": 0.2685, "2013-09-30": 0.3056, "2013-06-30": 0.2642, "2013-03-31": "0.35000", "2012-12-31": 0.2632, "2012-09-30": 0.3198, "2012-06-30": 0.2181, "2012-03-31": "0.30960", "2011-12-31": 0.1686, "2011-09-30": 0.4873, "2011-06-30": 0.2549, "2011-03-31": "0.39780", "2010-12-31": 0.2735, "2010-09-30": 0.3485, "2010-06-30": 0.473, "2010-03-31": "0.31020", "2009-12-31": 0.6909, "2009-09-30": 0.2324, "2009-06-30": 0.2987, "2009-03-31": "0.72420", "2008-12-31": 0.6159, "2008-09-30": 0.8564, "2008-06-30": 0.3632, "2008-03-31": "0.83470", "2007-12-31": 0.3999, "2007-09-30": 1.0286, "2007-06-30": 0.5798, "2007-03-31": "0.56620", "2006-12-31": 0.276, "2006-09-30": 0.9916, "2006-06-30": 0.7626, "2006-03-31": "0.61550", "2005-12-31": 0.3899, "2005-09-30": 0.7214, "2005-06-30": 0.6438, "2005-03-31": "0.47550"}, "Free Cash Flow Per Share": {"2020-09-30": 0.6644, "2020-06-30": 0.1528, "2020-03-31": "0.04660", "2019-12-31": 0.1315, "2019-09-30": 0.3234, "2019-06-30": 0.1061, "2019-03-31": "-0.12110", "2018-12-31": 0.8683, "2018-09-30": -0.0085, "2018-06-30": -0.0141, "2018-03-31": "-0.05400", "2017-12-31": 0.1795, "2017-09-30": -0.1592, "2017-06-30": 0.2219, "2017-03-31": "0.43500", "2016-12-31": 0.0743, "2016-09-30": -0.1443, "2016-06-30": 0.1361, "2016-03-31": "3.81570", "2015-12-31": 0.1631, "2015-09-30": 0.1914, "2015-06-30": -0.6131, "2015-03-31": "0.07760", "2014-12-31": 0.0288, "2014-09-30": 0.1077, "2014-06-30": 0.2241, "2014-03-31": "0.00460", "2013-12-31": 0.8636, "2013-09-30": 0.1524, "2013-06-30": 0.1341, "2013-03-31": "0.94980", "2012-12-31": -0.3878, "2012-09-30": 0.4473, "2012-06-30": 0.2678, "2012-03-31": "0.74320", "2011-12-31": 1.0204, "2011-09-30": 0.1401, "2011-06-30": 0.0293, "2011-03-31": "0.00160", "2010-12-31": 0.241, "2010-09-30": -0.3963, "2010-06-30": 0.1962, "2010-03-31": "-0.01360", "2009-12-31": 0.7046, "2009-09-30": -0.1597, "2009-06-30": -0.0518, "2009-03-31": "0.47660", "2008-12-31": 4.0472, "2008-09-30": 0.3842, "2008-06-30": 0.1022, "2008-03-31": "0.68850", "2007-12-31": 2.2868, "2007-09-30": -0.5536, "2007-06-30": 1.1449, "2007-03-31": "1.02690", "2006-12-31": -0.1101, "2006-09-30": 0.0765, "2006-06-30": -0.1076, "2006-03-31": "1.38680", "2005-12-31": -0.3441, "2005-09-30": -0.6626, "2005-06-30": -0.7149, "2005-03-31": "-0.33050"}}, "revenue": {"Brandywine Realty Trust Annual Revenue (Millions of US $)": {"2020": "$535", "2019": "$580", "2018": "$544", "2017": "$520", "2016": "$525", "2015": "$603", "2014": "$597", "2013": "$562", "2012": "$536", "2011": "$539", "2010": "$540", "2009": "$568", "2008": "$581", "2007": "$605", "2006": "$569", "2005": "$364"}, "Brandywine Realty Trust Quarterly Revenue (Millions of US $)": {"2020-12-31": "$127", "2020-09-30": "$126", "2020-06-30": "$137", "2020-03-31": "$145", "2019-12-31": "$147", "2019-09-30": "$145", "2019-06-30": "$144", "2019-03-31": "$144", "2018-12-31": "$139", "2018-09-30": "$135", "2018-06-30": "$134", "2018-03-31": "$136", "2017-12-31": "$133", "2017-09-30": "$128", "2017-06-30": "$128", "2017-03-31": "$131", "2016-12-31": "$132", "2016-09-30": "$130", "2016-06-30": "$127", "2016-03-31": "$137", "2015-12-31": "$154", "2015-09-30": "$153", "2015-06-30": "$146", "2015-03-31": "$150", "2014-12-31": "$148", "2014-09-30": "$147", "2014-06-30": "$151", "2014-03-31": "$152", "2013-12-31": "$139", "2013-09-30": "$143", "2013-06-30": "$141", "2013-03-31": "$140", "2012-12-31": "$135", "2012-09-30": "$135", "2012-06-30": "$132", "2012-03-31": "$135", "2011-12-31": "$116", "2011-09-30": "$139", "2011-06-30": "$139", "2011-03-31": "$144", "2010-12-31": "$122", "2010-09-30": "$141", "2010-06-30": "$135", "2010-03-31": "$141", "2009-12-31": "$133", "2009-09-30": "$146", "2009-06-30": "$142", "2009-03-31": "$147", "2008-12-31": "$134", "2008-09-30": "$144", "2008-06-30": "$151", "2008-03-31": "$152", "2007-12-31": "$125", "2007-09-30": "$163", "2007-06-30": "$152", "2007-03-31": "$165", "2006-12-31": "$112", "2006-09-30": "$162", "2006-06-30": "$150", "2006-03-31": "$144", "2005-12-31": "$75", "2005-09-30": "$95", "2005-06-30": "$95", "2005-03-31": "$99"}}, "gross-profit": {"Brandywine Realty Trust Annual Gross Profit (Millions of US $)": {"2020": "$329", "2019": "$355", "2018": "$326", "2017": "$314", "2016": "$316", "2015": "$365", "2014": "$361", "2013": "$340", "2012": "$325", "2011": "$322", "2010": "$319", "2009": "$341", "2008": "$356", "2007": "$374", "2006": "$351", "2005": "$223"}, "Brandywine Realty Trust Quarterly Gross Profit (Millions of US $)": {"2020-12-31": "$80", "2020-09-30": "$77", "2020-06-30": "$84", "2020-03-31": "$88", "2019-12-31": "$92", "2019-09-30": "$89", "2019-06-30": "$87", "2019-03-31": "$86", "2018-12-31": "$83", "2018-09-30": "$82", "2018-06-30": "$81", "2018-03-31": "$80", "2017-12-31": "$80", "2017-09-30": "$78", "2017-06-30": "$77", "2017-03-31": "$80", "2016-12-31": "$79", "2016-09-30": "$78", "2016-06-30": "$77", "2016-03-31": "$82", "2015-12-31": "$92", "2015-09-30": "$94", "2015-06-30": "$89", "2015-03-31": "$90", "2014-12-31": "$89", "2014-09-30": "$89", "2014-06-30": "$93", "2014-03-31": "$90", "2013-12-31": "$83", "2013-09-30": "$87", "2013-06-30": "$86", "2013-03-31": "$84", "2012-12-31": "$82", "2012-09-30": "$81", "2012-06-30": "$81", "2012-03-31": "$82", "2011-12-31": "$69", "2011-09-30": "$84", "2011-06-30": "$85", "2011-03-31": "$84", "2010-12-31": "$70", "2010-09-30": "$84", "2010-06-30": "$83", "2010-03-31": "$83", "2009-12-31": "$78", "2009-09-30": "$90", "2009-06-30": "$87", "2009-03-31": "$86", "2008-12-31": "$81", "2008-09-30": "$89", "2008-06-30": "$93", "2008-03-31": "$94", "2007-12-31": "$78", "2007-09-30": "$102", "2007-06-30": "$93", "2007-03-31": "$101", "2006-12-31": "$68", "2006-09-30": "$100", "2006-06-30": "$95", "2006-03-31": "$89", "2005-12-31": "$46", "2005-09-30": "$59", "2005-06-30": "$58", "2005-03-31": "$60"}}, "operating-income": {"Brandywine Realty Trust Annual Operating Income (Millions of US $)": {"2020": "$400", "2019": "$115", "2018": "$57", "2017": "$135", "2016": "$59", "2015": "$34", "2014": "$124", "2013": "$116", "2012": "$111", "2011": "$94", "2010": "$93", "2009": "$116", "2008": "$123", "2007": "$127", "2006": "$111", "2005": "$99"}, "Brandywine Realty Trust Quarterly Operating Income (Millions of US $)": {"2020-12-31": "$45", "2020-09-30": "$298", "2020-06-30": "$26", "2020-03-31": "$30", "2019-12-31": "$34", "2019-09-30": "$27", "2019-06-30": "$27", "2019-03-31": "$26", "2018-12-31": "$21", "2018-09-30": "$-25", "2018-06-30": "$33", "2018-03-31": "$28", "2017-12-31": "$58", "2017-09-30": "$29", "2017-06-30": "$26", "2017-03-31": "$22", "2016-12-31": "$-1", "2016-09-30": "$26", "2016-06-30": "$18", "2016-03-31": "$16", "2015-12-31": "$-55", "2015-09-30": "$30", "2015-06-30": "$31", "2015-03-31": "$28", "2014-12-31": "$30", "2014-09-30": "$31", "2014-06-30": "$34", "2014-03-31": "$29", "2013-12-31": "$28", "2013-09-30": "$30", "2013-06-30": "$29", "2013-03-31": "$28", "2012-12-31": "$29", "2012-09-30": "$28", "2012-06-30": "$27", "2012-03-31": "$27", "2011-12-31": "$18", "2011-09-30": "$26", "2011-06-30": "$23", "2011-03-31": "$27", "2010-12-31": "$17", "2010-09-30": "$27", "2010-06-30": "$25", "2010-03-31": "$25", "2009-12-31": "$24", "2009-09-30": "$34", "2009-06-30": "$29", "2009-03-31": "$30", "2008-12-31": "$18", "2008-09-30": "$32", "2008-06-30": "$35", "2008-03-31": "$37", "2007-12-31": "$24", "2007-09-30": "$38", "2007-06-30": "$33", "2007-03-31": "$32", "2006-12-31": "$25", "2006-09-30": "$34", "2006-06-30": "$23", "2006-03-31": "$29", "2005-12-31": "$20", "2005-09-30": "$26", "2005-06-30": "$26", "2005-03-31": "$27"}}, "ebitda": {"Brandywine Realty Trust Annual EBITDA (Millions of US $)": {"2019": "$326", "2018": "$238", "2017": "$322", "2016": "$251", "2015": "$254", "2014": "$335", "2013": "$322", "2012": "$317", "2011": "$320", "2010": "$311", "2009": "$335", "2008": "$347", "2007": "$375", "2006": "$375", "2005": "$216"}, "Brandywine Realty Trust Quarterly EBITDA (Millions of US $)": {"2020-09-30": "$343", "2020-06-30": "$78", "2020-03-31": "$83", "2019-12-31": "$85", "2019-09-30": "$81", "2019-06-30": "$80", "2019-03-31": "$80", "2018-12-31": "$66", "2018-09-30": "$20", "2018-06-30": "$78", "2018-03-31": "$74", "2017-12-31": "$107", "2017-09-30": "$73", "2017-06-30": "$71", "2017-03-31": "$71", "2016-12-31": "$46", "2016-09-30": "$73", "2016-06-30": "$66", "2016-03-31": "$66", "2015-12-31": "$3", "2015-09-30": "$87", "2015-06-30": "$82", "2015-03-31": "$82", "2014-12-31": "$81", "2014-09-30": "$83", "2014-06-30": "$87", "2014-03-31": "$84", "2013-12-31": "$78", "2013-09-30": "$82", "2013-06-30": "$81", "2013-03-31": "$81", "2012-12-31": "$80", "2012-09-30": "$78", "2012-06-30": "$78", "2012-03-31": "$81", "2011-12-31": "$74", "2011-09-30": "$82", "2011-06-30": "$83", "2011-03-31": "$81", "2010-12-31": "$76", "2010-09-30": "$82", "2010-06-30": "$75", "2010-03-31": "$78", "2009-12-31": "$78", "2009-09-30": "$89", "2009-06-30": "$84", "2009-03-31": "$84", "2008-12-31": "$73", "2008-09-30": "$85", "2008-06-30": "$95", "2008-03-31": "$94", "2007-12-31": "$89", "2007-09-30": "$98", "2007-06-30": "$91", "2007-03-31": "$98", "2006-12-31": "$88", "2006-09-30": "$102", "2006-06-30": "$96", "2006-03-31": "$88", "2005-12-31": "$50", "2005-09-30": "$55", "2005-06-30": "$55", "2005-03-31": "$56"}}, "net-income": {"Brandywine Realty Trust Annual Net Income (Millions of US $)": {"2020": "$305", "2019": "$34", "2018": "$134", "2017": "$115", "2016": "$33", "2015": "$-38", "2014": "$-0", "2013": "$36", "2012": "$-8", "2011": "$-13", "2010": "$-26", "2009": "$-0", "2008": "$28", "2007": "$44", "2006": "$2", "2005": "$35"}, "Brandywine Realty Trust Quarterly Net Income (Millions of US $)": {"2020-12-31": "$19", "2020-09-30": "$274", "2020-06-30": "$4", "2020-03-31": "$8", "2019-12-31": "$17", "2019-09-30": "$7", "2019-06-30": "$6", "2019-03-31": "$4", "2018-12-31": "$121", "2018-09-30": "$-43", "2018-06-30": "$13", "2018-03-31": "$44", "2017-12-31": "$72", "2017-09-30": "$19", "2017-06-30": "$4", "2017-03-31": "$19", "2016-12-31": "$-14", "2016-09-30": "$6", "2016-06-30": "$-3", "2016-03-31": "$44", "2015-12-31": "$-64", "2015-09-30": "$18", "2015-06-30": "$1", "2015-03-31": "$7", "2014-12-31": "$-4", "2014-09-30": "$7", "2014-06-30": "$0", "2014-03-31": "$-4", "2013-12-31": "$19", "2013-09-30": "$9", "2013-06-30": "$5", "2013-03-31": "$2", "2012-12-31": "$-31", "2012-09-30": "$14", "2012-06-30": "$2", "2012-03-31": "$7", "2011-12-31": "$-6", "2011-09-30": "$4", "2011-06-30": "$-8", "2011-03-31": "$-3", "2010-12-31": "$-7", "2010-09-30": "$-9", "2010-06-30": "$-8", "2010-03-31": "$-2", "2009-12-31": "$-6", "2009-09-30": "$5", "2009-06-30": "$4", "2009-03-31": "$-3", "2008-12-31": "$12", "2008-09-30": "$-1", "2008-06-30": "$6", "2008-03-31": "$11", "2007-12-31": "$27", "2007-09-30": "$0", "2007-06-30": "$-1", "2007-03-31": "$17", "2006-12-31": "$21", "2006-09-30": "$-1", "2006-06-30": "$-14", "2006-03-31": "$-5", "2005-12-31": "$7", "2005-09-30": "$14", "2005-06-30": "$7", "2005-03-31": "$7"}}, "eps-earnings-per-share-diluted": {"Brandywine Realty Trust Annual EPS": {"2020": "$1.77", "2019": "$0.19", "2018": "$0.75", "2017": "$0.65", "2016": "$0.19", "2015": "$-0.21", "2014": "$0.00", "2013": "$0.23", "2012": "$-0.06", "2011": "$-0.10", "2010": "$-0.19", "2009": "$-0.00", "2008": "$0.32", "2007": "$0.50", "2006": "$0.02", "2005": "$0.62"}, "Brandywine Realty Trust Quarterly EPS": {"2020-12-31": "$0.11", "2020-09-30": "$1.60", "2020-06-30": "$0.02", "2020-03-31": "$0.04", "2019-12-31": "$0.10", "2019-09-30": "$0.04", "2019-06-30": "$0.03", "2019-03-31": "$0.02", "2018-12-31": "$0.67", "2018-09-30": "$-0.24", "2018-06-30": "$0.07", "2018-03-31": "$0.25", "2017-12-31": "$0.41", "2017-09-30": "$0.11", "2017-06-30": "$0.02", "2017-03-31": "$0.11", "2016-12-31": "$-0.07", "2016-09-30": "$0.03", "2016-06-30": "$-0.02", "2016-03-31": "$0.25", "2015-12-31": "$-0.36", "2015-09-30": "$0.10", "2015-06-30": "$0.01", "2015-03-31": "$0.04", "2014-12-31": "$-0.01", "2014-09-30": "$0.04", "2014-06-30": "$0.00", "2014-03-31": "$-0.03", "2013-12-31": "$0.13", "2013-09-30": "$0.06", "2013-06-30": "$0.03", "2013-03-31": "$0.01", "2012-12-31": "$-0.22", "2012-09-30": "$0.10", "2012-06-30": "$0.01", "2012-03-31": "$0.05", "2011-12-31": "$-0.05", "2011-09-30": "$0.03", "2011-06-30": "$-0.06", "2011-03-31": "$-0.02", "2010-12-31": "$-0.05", "2010-09-30": "$-0.06", "2010-06-30": "$-0.06", "2010-03-31": "$-0.02", "2009-12-31": "$-0.04", "2009-09-30": "$0.04", "2009-06-30": "$0.03", "2009-03-31": "$-0.03", "2008-12-31": "$0.14", "2008-09-30": "$-0.01", "2008-06-30": "$0.06", "2008-03-31": "$0.13", "2007-12-31": "$0.32", "2007-09-30": "$0.00", "2007-06-30": "$-0.01", "2007-03-31": "$0.19", "2006-12-31": "$0.25", "2006-09-30": "$-0.02", "2006-06-30": "$-0.15", "2006-03-31": "$-0.06", "2005-12-31": "$0.13", "2005-09-30": "$0.24", "2005-06-30": "$0.12", "2005-03-31": "$0.13"}}, "shares-outstanding": {"Brandywine Realty Trust Annual Shares Outstanding (Millions of Shares)": {"2020": "172", "2019": "177", "2018": "180", "2017": "177", "2016": "176", "2015": "178", "2014": "166", "2013": "154", "2012": "143", "2011": "135", "2010": "132", "2009": "113", "2008": "88", "2007": "87", "2006": "90", "2005": "56"}, "Brandywine Realty Trust Quarterly Shares Outstanding (Millions of Shares)": {"2020-12-31": "171", "2020-09-30": "171", "2020-06-30": "171", "2020-03-31": "177", "2019-12-31": "177", "2019-09-30": "177", "2019-06-30": "177", "2019-03-31": "176", "2018-12-31": "180", "2018-09-30": "179", "2018-06-30": "180", "2018-03-31": "180", "2017-12-31": "177", "2017-09-30": "177", "2017-06-30": "177", "2017-03-31": "176", "2016-12-31": "176", "2016-09-30": "176", "2016-06-30": "175", "2016-03-31": "175", "2015-12-31": "178", "2015-09-30": "179", "2015-06-30": "181", "2015-03-31": "181", "2014-12-31": "166", "2014-09-30": "173", "2014-06-30": "157", "2014-03-31": "157", "2013-12-31": "154", "2013-09-30": "158", "2013-06-30": "157", "2013-03-31": "144", "2012-12-31": "143", "2012-09-30": "144", "2012-06-30": "143", "2012-03-31": "143", "2011-12-31": "135", "2011-09-30": "137", "2011-06-30": "135", "2011-03-31": "135", "2010-12-31": "132", "2010-09-30": "132", "2010-06-30": "132", "2010-03-31": "129", "2009-12-31": "113", "2009-09-30": "130", "2009-06-30": "103", "2009-03-31": "88", "2008-12-31": "88", "2008-09-30": "88", "2008-06-30": "88", "2008-03-31": "87", "2007-12-31": "87", "2007-09-30": "87", "2007-06-30": "87", "2007-03-31": "89", "2006-12-31": "90", "2006-09-30": "90", "2006-06-30": "91", "2006-03-31": "90", "2005-12-31": "56", "2005-09-30": "56", "2005-06-30": "56", "2005-03-31": "56"}}, "total-assets": {"Brandywine Realty Trust Annual Total Assets (Millions of US $)": {"2019": "$4,076", "2018": "$4,077", "2017": "$3,995", "2016": "$4,099", "2015": "$4,555", "2014": "$4,835", "2013": "$4,765", "2012": "$4,507", "2011": "$4,558", "2010": "$4,690", "2009": "$4,664", "2008": "$4,743", "2007": "$5,214", "2006": "$5,509", "2005": "$2,806"}, "Brandywine Realty Trust Quarterly Total Assets (Millions of US $)": {"2020-09-30": "$3,991", "2020-06-30": "$4,023", "2020-03-31": "$4,045", "2019-12-31": "$4,076", "2019-09-30": "$4,020", "2019-06-30": "$4,048", "2019-03-31": "$4,116", "2018-12-31": "$4,077", "2018-09-30": "$3,924", "2018-06-30": "$3,992", "2018-03-31": "$4,038", "2017-12-31": "$3,995", "2017-09-30": "$3,855", "2017-06-30": "$3,872", "2017-03-31": "$4,102", "2016-12-31": "$4,099", "2016-09-30": "$4,143", "2016-06-30": "$4,181", "2016-03-31": "$4,378", "2015-12-31": "$4,555", "2015-09-30": "$4,742", "2015-06-30": "$4,814", "2015-03-31": "$4,846", "2014-12-31": "$4,835", "2014-09-30": "$5,148", "2014-06-30": "$4,704", "2014-03-31": "$4,760", "2013-12-31": "$4,765", "2013-09-30": "$4,558", "2013-06-30": "$4,566", "2013-03-31": "$4,425", "2012-12-31": "$4,507", "2012-09-30": "$4,667", "2012-06-30": "$4,669", "2012-03-31": "$4,825", "2011-12-31": "$4,558", "2011-09-30": "$4,704", "2011-06-30": "$4,668", "2011-03-31": "$4,687", "2010-12-31": "$4,690", "2010-09-30": "$4,824", "2010-06-30": "$4,617", "2010-03-31": "$4,635", "2009-12-31": "$4,664", "2009-09-30": "$4,721", "2009-06-30": "$4,688", "2009-03-31": "$4,688", "2008-12-31": "$4,743", "2008-09-30": "$5,153", "2008-06-30": "$5,151", "2008-03-31": "$5,201", "2007-12-31": "$5,214", "2007-09-30": "$5,406", "2007-06-30": "$5,328", "2007-03-31": "$5,435", "2006-12-31": "$5,509", "2006-09-30": "$5,652", "2006-06-30": "$5,592", "2006-03-31": "$5,601", "2005-12-31": "$2,806", "2005-09-30": "$2,794", "2005-06-30": "$2,706", "2005-03-31": "$2,661"}}, "cash-on-hand": {"Brandywine Realty Trust Annual Cash on Hand (Millions of US $)": {"2019": "$90", "2018": "$23", "2017": "$202", "2016": "$194", "2015": "$57", "2014": "$258", "2013": "$263", "2012": "$2", "2011": "$0", "2010": "$17", "2009": "$2", "2008": "$35", "2007": "$6", "2006": "$25", "2005": "$26"}, "Brandywine Realty Trust Quarterly Cash on Hand (Millions of US $)": {"2020-09-30": "$62", "2020-06-30": "$45", "2020-03-31": "$53", "2019-12-31": "$90", "2019-09-30": "$30", "2019-06-30": "$32", "2019-03-31": "$14", "2018-12-31": "$23", "2018-09-30": "$70", "2018-06-30": "$108", "2018-03-31": "$201", "2017-12-31": "$202", "2017-09-30": "$25", "2017-06-30": "$38", "2017-03-31": "$235", "2016-12-31": "$194", "2016-09-30": "$219", "2016-06-30": "$266", "2016-03-31": "$424", "2015-12-31": "$57", "2015-09-30": "$51", "2015-06-30": "$124", "2015-03-31": "$309", "2014-12-31": "$258", "2014-09-30": "$672", "2014-06-30": "$235", "2014-03-31": "$236", "2013-12-31": "$263", "2013-09-30": "$186", "2013-06-30": "$216", "2013-03-31": "$48", "2012-12-31": "$2", "2012-09-30": "$242", "2012-06-30": "$190", "2012-03-31": "$334", "2011-12-31": "$0", "2011-09-30": "$6", "2011-06-30": "$1", "2011-03-31": "$0", "2010-12-31": "$17", "2010-09-30": "$104", "2010-06-30": "$0", "2010-03-31": "$8", "2009-12-31": "$2", "2009-09-30": "$3", "2009-06-30": "$4", "2009-03-31": "$4", "2008-12-31": "$35", "2008-09-30": "$3", "2008-06-30": "$5", "2008-03-31": "$4", "2007-12-31": "$6", "2007-09-30": "$18", "2007-06-30": "$29", "2007-03-31": "$4", "2006-12-31": "$25", "2006-09-30": "$37", "2006-06-30": "$48", "2006-03-31": "$57", "2005-12-31": "$26", "2005-09-30": "$40", "2005-06-30": "$27", "2005-03-31": "$34"}}, "long-term-debt": {"Brandywine Realty Trust Annual Long Term Debt (Millions of US $)": {"2019": "$2,144", "2018": "$2,028", "2017": "$1,931", "2016": "$2,013", "2015": "$2,385", "2014": "$2,427", "2013": "$2,595", "2012": "$2,465", "2011": "$2,394", "2010": "$2,430", "2009": "$2,455", "2008": "$2,741", "2007": "$3,101", "2006": "$3,173", "2005": "$1,521"}, "Brandywine Realty Trust Quarterly Long Term Debt (Millions of US $)": {"2020-09-30": "$1,920", "2020-06-30": "$1,981", "2020-03-31": "$2,193", "2019-12-31": "$2,144", "2019-09-30": "$2,078", "2019-06-30": "$2,097", "2019-03-31": "$2,095", "2018-12-31": "$2,028", "2018-09-30": "$1,938", "2018-06-30": "$1,939", "2018-03-31": "$1,940", "2017-12-31": "$1,931", "2017-09-30": "$1,890", "2017-06-30": "$1,912", "2017-03-31": "$2,013", "2016-12-31": "$2,013", "2016-09-30": "$2,014", "2016-06-30": "$2,035", "2016-03-31": "$2,185", "2015-12-31": "$2,385", "2015-09-30": "$2,440", "2015-06-30": "$2,444", "2015-03-31": "$2,448", "2014-12-31": "$2,427", "2014-09-30": "$2,713", "2014-06-30": "$2,588", "2014-03-31": "$2,592", "2013-12-31": "$2,595", "2013-09-30": "$2,377", "2013-06-30": "$2,380", "2013-03-31": "$2,394", "2012-12-31": "$2,465", "2012-09-30": "$2,507", "2012-06-30": "$2,510", "2012-03-31": "$2,674", "2011-12-31": "$2,394", "2011-09-30": "$2,492", "2011-06-30": "$2,466", "2011-03-31": "$2,441", "2010-12-31": "$2,430", "2010-09-30": "$2,525", "2010-06-30": "$2,410", "2010-03-31": "$2,431", "2009-12-31": "$2,455", "2009-09-30": "$2,510", "2009-06-30": "$2,485", "2009-03-31": "$2,711", "2008-12-31": "$2,741", "2008-09-30": "$3,137", "2008-06-30": "$3,131", "2008-03-31": "$3,081", "2007-12-31": "$3,101", "2007-09-30": "$3,269", "2007-06-30": "$3,175", "2007-03-31": "$3,206", "2006-12-31": "$3,173", "2006-09-30": "$3,006", "2006-06-30": "$2,975", "2006-03-31": "$3,077", "2005-12-31": "$1,521", "2005-09-30": "$1,481", "2005-06-30": "$1,410", "2005-03-31": "$1,350"}}, "total-liabilities": {"Brandywine Realty Trust Annual Total Liabilities (Millions of US $)": {"2019": "$2,388", "2018": "$2,266", "2017": "$2,149", "2016": "$2,216", "2015": "$2,602", "2014": "$2,676", "2013": "$2,844", "2012": "$2,733", "2011": "$2,668", "2010": "$2,713", "2009": "$2,742", "2008": "$3,020", "2007": "$3,467", "2006": "$3,611", "2005": "$1,701"}, "Brandywine Realty Trust Quarterly Total Liabilities (Millions of US $)": {"2020-09-30": "$2,175", "2020-06-30": "$2,452", "2020-03-31": "$2,442", "2019-12-31": "$2,388", "2019-09-30": "$2,318", "2019-06-30": "$2,319", "2019-03-31": "$2,334", "2018-12-31": "$2,266", "2018-09-30": "$2,147", "2018-06-30": "$2,141", "2018-03-31": "$2,171", "2017-12-31": "$2,149", "2017-09-30": "$2,105", "2017-06-30": "$2,115", "2017-03-31": "$2,222", "2016-12-31": "$2,216", "2016-09-30": "$2,231", "2016-06-30": "$2,251", "2016-03-31": "$2,414", "2015-12-31": "$2,602", "2015-09-30": "$2,696", "2015-06-30": "$2,699", "2015-03-31": "$2,707", "2014-12-31": "$2,676", "2014-09-30": "$2,958", "2014-06-30": "$2,834", "2014-03-31": "$2,865", "2013-12-31": "$2,844", "2013-09-30": "$2,637", "2013-06-30": "$2,632", "2013-03-31": "$2,667", "2012-12-31": "$2,733", "2012-09-30": "$2,783", "2012-06-30": "$2,775", "2012-03-31": "$2,950", "2011-12-31": "$2,668", "2011-09-30": "$2,783", "2011-06-30": "$2,732", "2011-03-31": "$2,729", "2010-12-31": "$2,713", "2010-09-30": "$2,826", "2010-06-30": "$2,696", "2010-03-31": "$2,715", "2009-12-31": "$2,742", "2009-09-30": "$2,775", "2009-06-30": "$2,736", "2009-03-31": "$2,966", "2008-12-31": "$3,020", "2008-09-30": "$3,483", "2008-06-30": "$3,447", "2008-03-31": "$3,485", "2007-12-31": "$3,467", "2007-09-30": "$3,654", "2007-06-30": "$3,527", "2007-03-31": "$3,592", "2006-12-31": "$3,611", "2006-09-30": "$3,682", "2006-06-30": "$3,582", "2006-03-31": "$3,509", "2005-12-31": "$1,701", "2005-09-30": "$1,669", "2005-06-30": "$1,581", "2005-03-31": "$1,522"}}, "total-share-holder-equity": {"Brandywine Realty Trust Annual Share Holder Equity (Millions of US $)": {"2019": "$1,688", "2018": "$1,811", "2017": "$1,847", "2016": "$1,883", "2015": "$1,952", "2014": "$2,159", "2013": "$1,921", "2012": "$1,774", "2011": "$1,890", "2010": "$1,978", "2009": "$1,922", "2008": "$1,722", "2007": "$1,747", "2006": "$1,898", "2005": "$1,105"}, "Brandywine Realty Trust Quarterly Share Holder Equity (Millions of US $)": {"2020-09-30": "$1,816", "2020-06-30": "$1,571", "2020-03-31": "$1,604", "2019-12-31": "$1,688", "2019-09-30": "$1,702", "2019-06-30": "$1,730", "2019-03-31": "$1,781", "2018-12-31": "$1,811", "2018-09-30": "$1,777", "2018-06-30": "$1,851", "2018-03-31": "$1,867", "2017-12-31": "$1,847", "2017-09-30": "$1,751", "2017-06-30": "$1,758", "2017-03-31": "$1,880", "2016-12-31": "$1,883", "2016-09-30": "$1,912", "2016-06-30": "$1,930", "2016-03-31": "$1,964", "2015-12-31": "$1,952", "2015-09-30": "$2,045", "2015-06-30": "$2,116", "2015-03-31": "$2,139", "2014-12-31": "$2,159", "2014-09-30": "$2,190", "2014-06-30": "$1,870", "2014-03-31": "$1,895", "2013-12-31": "$1,921", "2013-09-30": "$1,921", "2013-06-30": "$1,934", "2013-03-31": "$1,759", "2012-12-31": "$1,774", "2012-09-30": "$1,884", "2012-06-30": "$1,894", "2012-03-31": "$1,875", "2011-12-31": "$1,890", "2011-09-30": "$1,921", "2011-06-30": "$1,936", "2011-03-31": "$1,958", "2010-12-31": "$1,978", "2010-09-30": "$1,998", "2010-06-30": "$1,921", "2010-03-31": "$1,920", "2009-12-31": "$1,922", "2009-09-30": "$1,946", "2009-06-30": "$1,952", "2009-03-31": "$1,722", "2008-12-31": "$1,722", "2008-09-30": "$1,670", "2008-06-30": "$1,704", "2008-03-31": "$1,716", "2007-12-31": "$1,747", "2007-09-30": "$1,752", "2007-06-30": "$1,801", "2007-03-31": "$1,844", "2006-12-31": "$1,898", "2006-09-30": "$1,969", "2006-06-30": "$2,010", "2006-03-31": "$2,092", "2005-12-31": "$1,105", "2005-09-30": "$1,125", "2005-06-30": "$1,125", "2005-03-31": "$1,139"}}, "profit-margins": {"current": "57.09%"}, "gross margin": {"2020-12-31": "61.50%", "2020-09-30": "61.44%", "2020-06-30": "61.50%", "2020-03-31": "61.27%", "2019-12-31": "61.03%", "2019-09-30": "60.31%", "2019-06-30": "60.14%", "2019-03-31": "60.14%", "2018-12-31": "59.93%", "2018-09-30": "60.04%", "2018-06-30": "60.08%", "2018-03-31": "60.00%", "2017-12-31": "60.58%", "2017-09-30": "60.50%", "2017-06-30": "60.27%", "2017-03-31": "60.38%", "2016-12-31": "60.08%", "2016-09-30": "60.04%", "2016-06-30": "60.42%", "2016-03-31": "60.51%", "2015-12-31": "60.53%", "2015-09-30": "60.64%", "2015-06-30": "60.41%", "2015-03-31": "60.57%", "2014-12-31": "60.37%", "2014-09-30": "60.27%", "2014-06-30": "60.34%", "2014-03-31": "60.17%", "2013-12-31": "60.39%", "2013-09-30": "60.64%", "2013-06-30": "60.44%", "2013-03-31": "60.52%", "2012-12-31": "60.71%", "2012-09-30": "60.42%", "2012-06-30": "60.54%", "2012-03-31": "60.49%", "2011-12-31": "59.85%", "2011-09-30": "59.38%", "2011-06-30": "59.16%", "2011-03-31": "59.23%", "2010-12-31": "59.37%", "2010-09-30": "59.64%", "2010-06-30": "60.18%", "2010-03-31": "60.14%", "2009-12-31": "60.04%", "2009-09-30": "60.46%", "2009-06-30": "60.49%", "2009-03-31": "60.59%", "2008-12-31": "61.45%", "2008-09-30": "61.89%", "2008-06-30": "62.10%", "2008-03-31": "61.99%", "2007-12-31": "61.82%", "2007-09-30": "61.49%", "2007-06-30": "61.25%", "2007-03-31": "61.80%", "2006-12-31": "61.97%", "2006-09-30": "62.15%", "2006-06-30": "62.28%", "2006-03-31": "61.61%", "2005-12-31": "61.26%"}, "operating margin": {"2020-12-31": "74.58%", "2020-09-30": "69.91%", "2020-06-30": "20.38%", "2020-03-31": "20.31%", "2019-12-31": "19.66%", "2019-09-30": "17.66%", "2019-06-30": "8.72%", "2019-03-31": "9.96%", "2018-12-31": "10.48%", "2018-09-30": "17.47%", "2018-06-30": "27.87%", "2018-03-31": "26.86%", "2017-12-31": "25.96%", "2017-09-30": "14.64%", "2017-06-30": "14.01%", "2017-03-31": "12.50%", "2016-12-31": "11.22%", "2016-09-30": "0.91%", "2016-06-30": "1.58%", "2016-03-31": "3.73%", "2015-12-31": "5.64%", "2015-09-30": "19.93%", "2015-06-30": "20.30%", "2015-03-31": "20.64%", "2014-12-31": "20.74%", "2014-09-30": "20.71%", "2014-06-30": "20.68%", "2014-03-31": "20.17%", "2013-12-31": "20.43%", "2013-09-30": "20.75%", "2013-06-30": "20.69%", "2013-03-31": "20.66%", "2012-12-31": "20.67%", "2012-09-30": "19.31%", "2012-06-30": "18.77%", "2012-03-31": "17.77%", "2011-12-31": "17.47%", "2011-09-30": "17.10%", "2011-06-30": "17.22%", "2011-03-31": "17.71%", "2010-12-31": "17.44%", "2010-09-30": "18.36%", "2010-06-30": "19.46%", "2010-03-31": "19.93%", "2009-12-31": "20.60%", "2009-09-30": "19.51%", "2009-06-30": "19.22%", "2009-03-31": "19.97%", "2008-12-31": "21.00%", "2008-09-30": "22.38%", "2008-06-30": "22.67%", "2008-03-31": "22.30%", "2007-12-31": "20.99%", "2007-09-30": "21.62%", "2007-06-30": "20.98%", "2007-03-31": "19.35%", "2006-12-31": "19.54%", "2006-09-30": "19.96%", "2006-06-30": "21.12%", "2006-03-31": "24.69%", "2005-12-31": "27.20%"}, "ebitda margin": {"2020-09-30": "106.13%", "2020-06-30": "56.97%", "2020-03-31": "56.63%", "2019-12-31": "56.21%", "2019-09-30": "53.67%", "2019-06-30": "43.77%", "2019-03-31": "44.20%", "2018-12-31": "43.75%", "2018-09-30": "51.86%", "2018-06-30": "62.52%", "2018-03-31": "61.90%", "2017-12-31": "61.92%", "2017-09-30": "50.29%", "2017-06-30": "50.10%", "2017-03-31": "49.23%", "2016-12-31": "47.72%", "2016-09-30": "37.96%", "2016-06-30": "38.88%", "2016-03-31": "40.34%", "2015-12-31": "42.12%", "2015-09-30": "55.61%", "2015-06-30": "55.50%", "2015-03-31": "55.87%", "2014-12-31": "56.02%", "2014-09-30": "56.37%", "2014-06-30": "56.58%", "2014-03-31": "56.52%", "2013-12-31": "57.19%", "2013-09-30": "57.96%", "2013-06-30": "58.08%", "2013-03-31": "58.49%", "2012-12-31": "59.03%", "2012-09-30": "60.04%", "2012-06-30": "60.34%", "2012-03-31": "60.49%", "2011-12-31": "59.48%", "2011-09-30": "59.19%", "2011-06-30": "58.97%", "2011-03-31": "57.93%", "2010-12-31": "57.70%", "2010-09-30": "56.91%", "2010-06-30": "57.66%", "2010-03-31": "58.54%", "2009-12-31": "58.98%", "2009-09-30": "58.00%", "2009-06-30": "57.50%", "2009-03-31": "58.51%", "2008-12-31": "59.72%", "2008-09-30": "63.46%", "2008-06-30": "63.62%", "2008-03-31": "62.84%", "2007-12-31": "62.15%", "2007-09-30": "63.34%", "2007-06-30": "64.13%", "2007-03-31": "65.20%", "2006-12-31": "65.85%", "2006-09-30": "63.28%", "2006-06-30": "62.28%", "2006-03-31": "60.64%", "2005-12-31": "59.34%"}, "pre tax profit margin": {"2020-12-31": "57.38%", "2020-09-30": "54.95%", "2020-06-30": "6.27%", "2020-03-31": "6.54%", "2019-12-31": "6.03%", "2019-09-30": "24.48%", "2019-06-30": "15.84%", "2019-03-31": "17.39%", "2018-12-31": "25.00%", "2018-09-30": "16.36%", "2018-06-30": "28.25%", "2018-03-31": "27.43%", "2017-12-31": "23.08%", "2017-09-30": "6.55%", "2017-06-30": "4.61%", "2017-03-31": "3.08%", "2016-12-31": "7.79%", "2016-09-30": "-1.82%", "2016-06-30": "0.35%", "2016-03-31": "1.02%", "2015-12-31": "-5.14%", "2015-09-30": "5.03%", "2015-06-30": "3.21%", "2015-03-31": "2.85%", "2014-12-31": "1.00%", "2014-09-30": "4.92%", "2014-06-30": "5.30%", "2014-03-31": "6.78%", "2013-12-31": "6.93%", "2013-09-30": "-1.97%", "2013-06-30": "-2.90%", "2013-03-31": "-5.72%", "2012-12-31": "-6.89%", "2012-09-30": "-4.63%", "2012-06-30": "-4.79%", "2012-03-31": "-5.86%", "2011-12-31": "-4.65%", "2011-09-30": "-4.78%", "2011-06-30": "-6.96%", "2011-03-31": "-5.90%", "2010-12-31": "-6.86%", "2010-09-30": "-5.27%", "2010-06-30": "-2.88%", "2010-03-31": "-0.71%", "2009-12-31": "0.70%", "2009-09-30": "2.46%", "2009-06-30": "0.71%", "2009-03-31": "-0.35%", "2008-12-31": "0.00%", "2008-09-30": "3.32%", "2008-06-30": "3.72%", "2008-03-31": "3.38%", "2007-12-31": "1.49%", "2007-09-30": "-2.36%", "2007-06-30": "-3.21%", "2007-03-31": "-5.26%", "2006-12-31": "-5.46%", "2006-09-30": "-5.08%", "2006-06-30": "-1.51%", "2006-03-31": "3.91%", "2005-12-31": "9.34%"}, "net profit margin": {"2020-12-31": "57.01%", "2020-09-30": "54.59%", "2020-06-30": "6.27%", "2020-03-31": "6.54%", "2019-12-31": "5.86%", "2019-09-30": "24.13%", "2019-06-30": "15.66%", "2019-03-31": "17.21%", "2018-12-31": "24.82%", "2018-09-30": "15.99%", "2018-06-30": "27.87%", "2018-03-31": "26.48%", "2017-12-31": "21.92%", "2017-09-30": "5.39%", "2017-06-30": "2.88%", "2017-03-31": "1.54%", "2016-12-31": "6.27%", "2016-09-30": "-3.10%", "2016-06-30": "-0.88%", "2016-03-31": "-0.17%", "2015-12-31": "-6.30%", "2015-09-30": "3.69%", "2015-06-30": "1.86%", "2015-03-31": "1.68%", "2014-12-31": "-0.17%", "2014-09-30": "3.74%", "2014-06-30": "4.10%", "2014-03-31": "5.04%", "2013-12-31": "6.22%", "2013-09-30": "-2.68%", "2013-06-30": "-1.81%", "2013-03-31": "-2.40%", "2012-12-31": "-1.49%", "2012-09-30": "3.28%", "2012-06-30": "1.34%", "2012-03-31": "-0.57%", "2011-12-31": "-2.42%", "2011-09-30": "-2.57%", "2011-06-30": "-4.95%", "2011-03-31": "-4.98%", "2010-12-31": "-4.82%", "2010-09-30": "-4.55%", "2010-06-30": "-1.98%", "2010-03-31": "0.18%", "2009-12-31": "0.00%", "2009-09-30": "3.16%", "2009-06-30": "2.12%", "2009-03-31": "2.43%", "2008-12-31": "4.82%", "2008-09-30": "7.52%", "2008-06-30": "7.45%", "2008-03-31": "6.25%", "2007-12-31": "7.11%", "2007-09-30": "6.25%", "2007-06-30": "6.09%", "2007-03-31": "3.90%", "2006-12-31": "0.18%", "2006-09-30": "-2.45%", "2006-06-30": "0.43%", "2006-03-31": "5.62%", "2005-12-31": "9.62%"}, "pe ratio": {"current": "8.20", "2021-02-05": "6.92", "2020-12-31": "7.06", "2020-09-30": "5.71", "2020-06-30": "54.37", "2020-03-31": "46.61", "2019-12-31": "76.20", "2019-09-30": "17.62", "2019-06-30": "25.65", "2019-03-31": "26.49", "2018-12-31": "14.78", "2018-09-30": "27.67", "2018-06-30": "17.15", "2018-03-31": "16.96", "2017-12-31": "23.37", "2017-09-30": "90.46", "2017-06-30": "179.66", "2017-03-31": "329.42", "2016-12-31": "73.74", "2016-09-30": "0.00", "2016-06-30": "0.00", "2016-03-31": "0.00", "2015-12-31": "0.00", "2015-09-30": "72.19", "2015-06-30": "142.90", "2015-03-31": "198.73", "2014-12-31": "0.00", "2014-09-30": "79.15", "2014-06-30": "75.32", "2014-03-31": "57.58", "2013-12-31": "45.41", "2013-09-30": "0.00", "2013-06-30": "0.00", "2013-03-31": "0.00", "2012-12-31": "0.00", "2012-09-30": "74.22", "2012-06-30": "204.10", "2012-03-31": "0.00", "2011-12-31": "0.00", "2011-09-30": "0.00", "2011-06-30": "0.00", "2011-03-31": "0.00", "2010-12-31": "0.00", "2010-09-30": "0.00", "2010-06-30": "0.00", "2010-03-31": "0.00", "2009-12-31": "0.00", "2009-09-30": "29.98", "2009-06-30": "23.60", "2009-03-31": "6.74", "2008-12-31": "9.82", "2008-09-30": "13.56", "2008-06-30": "13.18", "2008-03-31": "16.32", "2007-12-31": "15.30", "2007-09-30": "26.53", "2007-06-30": "30.91", "2007-03-31": "53.48", "2006-12-31": "490.16"}, "price sales": {"2021-02-05": "3.70", "2020-12-31": "3.78", "2020-09-30": "3.13", "2020-06-30": "3.15", "2020-03-31": "2.97", "2019-12-31": "4.41", "2019-09-30": "4.26", "2019-06-30": "4.06", "2019-03-31": "4.54", "2018-12-31": "3.70", "2018-09-30": "4.50", "2018-06-30": "4.83", "2018-03-31": "4.52", "2017-12-31": "5.16", "2017-09-30": "4.92", "2017-06-30": "4.87", "2017-03-31": "4.46", "2016-12-31": "4.44", "2016-09-30": "4.00", "2016-06-30": "4.11", "2016-03-31": "3.35", "2015-12-31": "3.14", "2015-09-30": "2.77", "2015-06-30": "2.96", "2015-03-31": "3.38", "2014-12-31": "3.22", "2014-09-30": "2.80", "2014-06-30": "3.03", "2014-03-31": "2.82", "2013-12-31": "2.72", "2013-09-30": "2.49", "2013-06-30": "2.50", "2013-03-31": "2.71", "2012-12-31": "2.21", "2012-09-30": "2.24", "2012-06-30": "2.19", "2012-03-31": "1.95", "2011-12-31": "1.54", "2011-09-30": "1.25", "2011-06-30": "1.76", "2011-03-31": "1.82", "2010-12-31": "1.71", "2010-09-30": "1.68", "2010-06-30": "1.43", "2010-03-31": "1.51", "2009-12-31": "1.23", "2009-09-30": "1.11", "2009-06-30": "0.68", "2009-03-31": "0.24", "2008-12-31": "0.61", "2008-09-30": "1.24", "2008-06-30": "1.15", "2008-03-31": "1.20", "2007-12-31": "1.22", "2007-09-30": "1.74", "2007-06-30": "1.95", "2007-03-31": "2.28", "2006-12-31": "2.33"}, "price book": {"current": "1.09", "2021-02-05": "1.07", "2020-09-30": "0.93", "2020-06-30": "1.12", "2020-03-31": "1.04", "2019-12-31": "1.50", "2019-09-30": "1.41", "2019-06-30": "1.30", "2019-03-31": "1.38", "2018-12-31": "1.09", "2018-09-30": "1.36", "2018-06-30": "1.38", "2018-03-31": "1.27", "2017-12-31": "1.46", "2017-09-30": "1.45", "2017-06-30": "1.43", "2017-03-31": "1.23", "2016-12-31": "1.23", "2016-09-30": "1.13", "2016-06-30": "1.19", "2016-03-31": "0.98", "2015-12-31": "0.94", "2015-09-30": "0.80", "2015-06-30": "0.85", "2015-03-31": "1.00", "2014-12-31": "0.98", "2014-09-30": "0.84", "2014-06-30": "0.95", "2014-03-31": "0.86", "2013-12-31": "0.81", "2013-09-30": "0.75", "2013-06-30": "0.76", "2013-03-31": "0.83", "2012-12-31": "0.67", "2012-09-30": "0.62", "2012-06-30": "0.62", "2012-03-31": "0.57", "2011-12-31": "0.46", "2011-09-30": "0.36", "2011-06-30": "0.50", "2011-03-31": "0.51", "2010-12-31": "0.48", "2010-09-30": "0.49", "2010-06-30": "0.44", "2010-03-31": "0.49", "2009-12-31": "0.44", "2009-09-30": "0.42", "2009-06-30": "0.28", "2009-03-31": "0.08", "2008-12-31": "0.21", "2008-09-30": "0.43", "2008-06-30": "0.40", "2008-03-31": "0.41", "2007-12-31": "0.42", "2007-09-30": "0.58", "2007-06-30": "0.63", "2007-03-31": "0.71", "2006-12-31": "0.68", "2006-09-30": "0.65", "2006-06-30": "0.62", "2006-03-31": "0.59"}, "price fcf": {"2021-02-05": "", "2020-09-30": "$1.00", "2020-06-30": "$0.65", "2020-03-31": "$0.61", "2019-12-31": "$0.44", "2019-09-30": "$1.18", "2019-06-30": "$0.84", "2019-03-31": "$0.72", "2018-12-31": "$0.79", "2018-09-30": "$0.10", "2018-06-30": "$-0.05", "2018-03-31": "$0.19", "2017-12-31": "$0.68", "2017-09-30": "$0.57", "2017-06-30": "$0.59", "2017-03-31": "$0.50", "2016-12-31": "$3.88", "2016-09-30": "$3.97", "2016-06-30": "$4.31", "2016-03-31": "$3.56", "2015-12-31": "$-0.18", "2015-09-30": "$-0.32", "2015-06-30": "$-0.40", "2015-03-31": "$0.44", "2014-12-31": "$0.37", "2014-09-30": "$1.20", "2014-06-30": "$1.24", "2014-03-31": "$1.15", "2013-12-31": "$2.10", "2013-09-30": "$0.85", "2013-06-30": "$1.14", "2013-03-31": "$1.28", "2012-12-31": "$1.07", "2012-09-30": "$2.48", "2012-06-30": "$2.17", "2012-03-31": "$1.93", "2011-12-31": "$1.19", "2011-09-30": "$0.41", "2011-06-30": "$-0.12", "2011-03-31": "$0.04", "2010-12-31": "$0.03", "2010-09-30": "$0.49", "2010-06-30": "$0.73", "2010-03-31": "$0.48", "2009-12-31": "$0.97", "2009-09-30": "$4.31", "2009-06-30": "$4.86", "2009-03-31": "$5.01", "2008-12-31": "$5.22", "2008-09-30": "$3.46", "2008-06-30": "$2.52", "2008-03-31": "$3.57", "2007-12-31": "$3.91", "2007-09-30": "$1.51", "2007-06-30": "$2.14", "2007-03-31": "$0.89", "2006-12-31": "$1.25"}, "net worth": {"value": "$1.96B"}, "current ratio": {"2020-12-31": "1.77", "2020-09-30": "2.07", "2020-06-30": "2.12", "2020-03-31": "2.23", "2019-12-31": "2.48", "2019-09-30": "1.78", "2019-06-30": "2.23", "2019-03-31": "1.82", "2018-12-31": "1.63", "2018-09-30": "2.24", "2018-06-30": "2.85", "2018-03-31": "3.74", "2017-12-31": "3.64", "2017-09-30": "1.83", "2017-06-30": "2.10", "2017-03-31": "3.47", "2016-12-31": "3.44", "2016-09-30": "3.52", "2016-06-30": "4.59", "2016-03-31": "5.09", "2015-12-31": "2.19", "2015-09-30": "1.81", "2015-06-30": "2.88", "2015-03-31": "4.21", "2014-12-31": "5.19", "2014-09-30": "8.48", "2014-06-30": "4.67", "2014-03-31": "3.63", "2013-12-31": "4.95", "2013-09-30": "3.76", "2013-06-30": "5.10", "2013-03-31": "2.33", "2012-12-31": "2.01", "2012-09-30": "4.71", "2012-06-30": "5.59", "2012-03-31": "6.55", "2011-12-31": "2.02", "2011-09-30": "1.72", "2011-06-30": "2.17", "2011-03-31": "1.68", "2010-12-31": "2.03", "2010-09-30": "2.55", "2010-06-30": "2.12", "2010-03-31": "1.78", "2009-12-31": "1.79", "2009-09-30": "1.50", "2009-06-30": "1.73", "2009-03-31": "1.67", "2008-12-31": "2.34", "2008-09-30": "0.99", "2008-06-30": "1.52", "2008-03-31": "0.94", "2007-12-31": "1.52", "2007-09-30": "1.05", "2007-06-30": "1.55", "2007-03-31": "0.91", "2006-12-31": "1.08", "2006-09-30": "0.42", "2006-06-30": "0.46", "2006-03-31": "1.57", "2005-12-31": "1.63", "2005-09-30": "1.50", "2005-06-30": "1.71", "2005-03-31": "1.88"}, "quick ratio": {"2020-12-31": "0.00", "2020-09-30": "0.00", "2020-06-30": "0.00", "2020-03-31": "0.00", "2019-12-31": "0.00", "2019-09-30": "0.00", "2019-06-30": "0.00", "2019-03-31": "0.00", "2018-12-31": "0.00", "2018-09-30": "0.00", "2018-06-30": "0.00", "2018-03-31": "0.00", "2017-12-31": "0.00", "2017-09-30": "0.00", "2017-06-30": "0.00", "2017-03-31": "0.00", "2016-12-31": "0.00", "2016-09-30": "0.00", "2016-06-30": "0.00", "2016-03-31": "0.00", "2015-12-31": "0.00", "2015-09-30": "0.00", "2015-06-30": "0.00", "2015-03-31": "0.00", "2014-12-31": "0.00", "2014-09-30": "0.00", "2014-06-30": "0.00", "2014-03-31": "0.00", "2013-12-31": "0.00", "2013-09-30": "0.00", "2013-06-30": "0.00", "2013-03-31": "0.00", "2012-12-31": "0.00", "2012-09-30": "0.00", "2012-06-30": "0.00", "2012-03-31": "0.00", "2011-12-31": "0.00", "2011-09-30": "0.00", "2011-06-30": "0.00", "2011-03-31": "0.00", "2010-12-31": "0.00", "2010-09-30": "0.00", "2010-06-30": "0.00", "2010-03-31": "0.00", "2009-12-31": "0.00", "2009-09-30": "0.00", "2009-06-30": "0.00", "2009-03-31": "0.00", "2008-12-31": "0.00", "2008-09-30": "0.00", "2008-06-30": "0.00", "2008-03-31": "0.00", "2007-12-31": "0.00", "2007-09-30": "0.00", "2007-06-30": "0.00", "2007-03-31": "0.00", "2006-12-31": "0.00", "2006-09-30": "0.00", "2006-06-30": "0.00", "2006-03-31": "0.00", "2005-12-31": "0.00", "2005-09-30": "0.00", "2005-06-30": "0.00", "2005-03-31": "0.00"}, "debt equity ratio": {"current": "1.01", "2020-12-31": "1.16", "2020-09-30": "1.20", "2020-06-30": "1.56", "2020-03-31": "1.52", "2019-12-31": "1.41", "2019-09-30": "1.36", "2019-06-30": "1.34", "2019-03-31": "1.31", "2018-12-31": "1.25", "2018-09-30": "1.21", "2018-06-30": "1.16", "2018-03-31": "1.16", "2017-12-31": "1.16", "2017-09-30": "1.20", "2017-06-30": "1.20", "2017-03-31": "1.18", "2016-12-31": "1.18", "2016-09-30": "1.17", "2016-06-30": "1.17", "2016-03-31": "1.23", "2015-12-31": "1.33", "2015-09-30": "1.32", "2015-06-30": "1.28", "2015-03-31": "1.27", "2014-12-31": "1.24", "2014-09-30": "1.35", "2014-06-30": "1.52", "2014-03-31": "1.51", "2013-12-31": "1.48", "2013-09-30": "1.37", "2013-06-30": "1.36", "2013-03-31": "1.52", "2012-12-31": "1.54", "2012-09-30": "1.48", "2012-06-30": "1.47", "2012-03-31": "1.57", "2011-12-31": "1.41", "2011-09-30": "1.45", "2011-06-30": "1.41", "2011-03-31": "1.39", "2010-12-31": "1.37", "2010-09-30": "1.41", "2010-06-30": "1.40", "2010-03-31": "1.41", "2009-12-31": "1.43", "2009-09-30": "1.43", "2009-06-30": "1.40", "2009-03-31": "1.72", "2008-12-31": "1.75", "2008-09-30": "2.09", "2008-06-30": "2.02", "2008-03-31": "2.03", "2007-12-31": "1.98", "2007-09-30": "2.09", "2007-06-30": "1.96", "2007-03-31": "1.95", "2006-12-31": "1.90", "2006-09-30": "1.87", "2006-06-30": "1.78", "2006-03-31": "1.68", "2005-12-31": "1.54", "2005-09-30": "1.48", "2005-06-30": "1.41", "2005-03-31": "1.34"}, "return on equity": {"2020-12-31": "17.95%", "2020-09-30": "18.15%", "2020-06-30": "2.19%", "2020-03-31": "2.26%", "2019-12-31": "1.97%", "2019-09-30": "7.86%", "2019-06-30": "4.96%", "2019-03-31": "5.26%", "2018-12-31": "7.39%", "2018-09-30": "4.69%", "2018-06-30": "8.09%", "2018-03-31": "7.70%", "2017-12-31": "6.30%", "2017-09-30": "1.54%", "2017-06-30": "0.81%", "2017-03-31": "0.42%", "2016-12-31": "1.72%", "2016-09-30": "-0.88%", "2016-06-30": "-0.25%", "2016-03-31": "-0.05%", "2015-12-31": "-1.84%", "2015-09-30": "1.04%", "2015-06-30": "0.51%", "2015-03-31": "0.48%", "2014-12-31": "-0.05%", "2014-09-30": "1.12%", "2014-06-30": "1.26%", "2014-03-31": "1.51%", "2013-12-31": "1.86%", "2013-09-30": "-0.81%", "2013-06-30": "-0.54%", "2013-03-31": "-0.71%", "2012-12-31": "-0.43%", "2012-09-30": "0.90%", "2012-06-30": "0.37%", "2012-03-31": "-0.16%", "2011-12-31": "-0.67%", "2011-09-30": "-0.72%", "2011-06-30": "-1.37%", "2011-03-31": "-1.37%", "2010-12-31": "-1.33%", "2010-09-30": "-1.29%", "2010-06-30": "-0.57%", "2010-03-31": "0.05%", "2009-12-31": "0.00%", "2009-09-30": "0.98%", "2009-06-30": "0.68%", "2009-03-31": "0.82%", "2008-12-31": "1.64%", "2008-09-30": "2.52%", "2008-06-30": "2.54%", "2008-03-31": "2.11%", "2007-12-31": "2.41%", "2007-09-30": "2.03%", "2007-06-30": "1.92%", "2007-03-31": "1.19%", "2006-12-31": "0.05%", "2006-09-30": "-0.72%", "2006-06-30": "0.13%", "2006-03-31": "1.69%", "2005-12-31": "3.12%"}, "return on assets": {"2020-12-31": "7.64%", "2020-09-30": "7.51%", "2020-06-30": "0.89%", "2020-03-31": "0.94%", "2019-12-31": "0.84%", "2019-09-30": "3.39%", "2019-06-30": "2.18%", "2019-03-31": "2.36%", "2018-12-31": "3.37%", "2018-09-30": "2.16%", "2018-06-30": "3.73%", "2018-03-31": "3.53%", "2017-12-31": "2.88%", "2017-09-30": "0.70%", "2017-06-30": "0.37%", "2017-03-31": "0.19%", "2016-12-31": "0.79%", "2016-09-30": "-0.39%", "2016-06-30": "-0.11%", "2016-03-31": "-0.02%", "2015-12-31": "-0.80%", "2015-09-30": "0.46%", "2015-06-30": "0.22%", "2015-03-31": "0.20%", "2014-12-31": "-0.02%", "2014-09-30": "0.45%", "2014-06-30": "0.51%", "2014-03-31": "0.62%", "2013-12-31": "0.76%", "2013-09-30": "-0.33%", "2013-06-30": "-0.22%", "2013-03-31": "-0.28%", "2012-12-31": "-0.17%", "2012-09-30": "0.36%", "2012-06-30": "0.15%", "2012-03-31": "-0.06%", "2011-12-31": "-0.28%", "2011-09-30": "-0.30%", "2011-06-30": "-0.57%", "2011-03-31": "-0.57%", "2010-12-31": "-0.55%", "2010-09-30": "-0.53%", "2010-06-30": "-0.24%", "2010-03-31": "0.02%", "2009-12-31": "0.00%", "2009-09-30": "0.38%", "2009-06-30": "0.25%", "2009-03-31": "0.28%", "2008-12-31": "0.55%", "2008-09-30": "0.83%", "2008-06-30": "0.84%", "2008-03-31": "0.70%", "2007-12-31": "0.80%", "2007-09-30": "0.68%", "2007-06-30": "0.66%", "2007-03-31": "0.41%", "2006-12-31": "0.02%", "2006-09-30": "-0.26%", "2006-06-30": "0.05%", "2006-03-31": "0.66%", "2005-12-31": "1.28%"}, "return on investments": {"2020-12-31": "10.84%", "2020-09-30": "10.40%", "2020-06-30": "3.13%", "2020-03-31": "3.10%", "2019-12-31": "2.98%", "2019-09-30": "2.64%", "2019-06-30": "1.28%", "2019-03-31": "1.45%", "2018-12-31": "1.50%", "2018-09-30": "2.49%", "2018-06-30": "3.94%", "2018-03-31": "3.79%", "2017-12-31": "3.61%", "2017-09-30": "2.01%", "2017-06-30": "1.90%", "2017-03-31": "1.66%", "2016-12-31": "1.48%", "2016-09-30": "0.12%", "2016-06-30": "0.21%", "2016-03-31": "0.50%", "2015-12-31": "0.76%", "2015-09-30": "2.61%", "2015-06-30": "2.58%", "2015-03-31": "2.65%", "2014-12-31": "2.69%", "2014-09-30": "2.66%", "2014-06-30": "2.73%", "2014-03-31": "2.63%", "2013-12-31": "2.66%", "2013-09-30": "2.73%", "2013-06-30": "2.67%", "2013-03-31": "2.61%", "2012-12-31": "2.53%", "2012-09-30": "2.27%", "2012-06-30": "2.22%", "2012-03-31": "2.13%", "2011-12-31": "2.15%", "2011-09-30": "2.11%", "2011-06-30": "2.12%", "2011-03-31": "2.17%", "2010-12-31": "2.13%", "2010-09-30": "2.30%", "2010-06-30": "2.47%", "2010-03-31": "2.54%", "2009-12-31": "2.64%", "2009-09-30": "2.50%", "2009-06-30": "2.40%", "2009-03-31": "2.48%", "2008-12-31": "2.58%", "2008-09-30": "2.65%", "2008-06-30": "2.75%", "2008-03-31": "2.69%", "2007-12-31": "2.55%", "2007-09-30": "2.54%", "2007-06-30": "2.47%", "2007-03-31": "2.27%", "2006-12-31": "2.20%", "2006-09-30": "2.39%", "2006-06-30": "2.55%", "2006-03-31": "3.12%", "2005-12-31": "3.86%"}, "return on tangible equity": {"2020-09-30": "18.90%", "2020-06-30": "2.30%", "2020-03-31": "2.39%", "2019-12-31": "2.09%", "2019-09-30": "8.40%", "2019-06-30": "5.27%", "2019-03-31": "5.54%", "2018-12-31": "7.72%", "2018-09-30": "4.85%", "2018-06-30": "8.37%", "2018-03-31": "7.97%", "2017-12-31": "6.53%", "2017-09-30": "1.60%", "2017-06-30": "0.84%", "2017-03-31": "0.44%", "2016-12-31": "1.80%", "2016-09-30": "-0.92%", "2016-06-30": "-0.27%", "2016-03-31": "-0.05%", "2015-12-31": "-1.95%", "2015-09-30": "1.10%", "2015-06-30": "0.54%", "2015-03-31": "0.50%", "2014-12-31": "-0.05%", "2014-09-30": "1.19%", "2014-06-30": "1.34%", "2014-03-31": "1.59%", "2013-12-31": "1.94%", "2013-09-30": "-0.84%", "2013-06-30": "-0.56%", "2013-03-31": "-0.74%", "2012-12-31": "-0.45%", "2012-09-30": "0.93%", "2012-06-30": "0.38%", "2012-03-31": "-0.16%", "2011-12-31": "-0.70%", "2011-09-30": "-0.75%", "2011-06-30": "-1.44%", "2011-03-31": "-1.45%", "2010-12-31": "-1.40%", "2010-09-30": "-1.36%", "2010-06-30": "-0.60%", "2010-03-31": "0.05%", "2009-12-31": "0.00%", "2009-09-30": "1.06%", "2009-06-30": "0.74%", "2009-03-31": "0.90%", "2008-12-31": "1.82%", "2008-09-30": "2.82%", "2008-06-30": "2.89%", "2008-03-31": "2.42%", "2007-12-31": "2.77%", "2007-09-30": "2.35%", "2007-06-30": "2.24%", "2007-03-31": "1.41%", "2006-12-31": "0.06%", "2006-09-30": "-0.86%", "2006-06-30": "0.15%", "2006-03-31": "1.90%", "2005-12-31": "3.37%"}, "dividend yield history": {"last payout": "$0.76", "last yield": "6.62%"}}