{"ticker": "BHF", "price": {"title": "Brighthouse Financial Historical Annual Stock Price Data", "value": 40.04, "historical": {"2020": {"Average Stock Price": "31.3742", "Year Open": "39.2200", "Year High": "47.3700", "Year Low": "16.1500", "Year Close": "36.2050", "Annual % Change": "-7.71%"}, "2019": {"Average Stock Price": "38.1792", "Year Open": "31.7200", "Year High": "43.4300", "Year Low": "31.3000", "Year Close": "39.2300", "Annual % Change": "28.71%"}, "2018": {"Average Stock Price": "46.6653", "Year Open": "57.6700", "Year High": "67.4600", "Year Low": "29.0700", "Year Close": "30.4800", "Annual % Change": "-48.02%"}, "2017": {"Average Stock Price": "59.5476", "Year Open": "70.0000", "Year High": "70.0000", "Year Low": "53.0000", "Year Close": "58.6400", "Annual % Change": "0.00%"}}}, "market cap": {"value": "$3.58B"}, "income statement": {"Revenue": {"2019-12-31": "6554.00000", "2018-12-31": "8965.00000", "2017-12-31": "6842.00000", "2016-12-31": "3018.00000", "2015-12-31": "8891.00000"}, "Cost Of Goods Sold": {"2019-12-31": "4733.00000", "2018-12-31": "4351.00000", "2017-12-31": "4747.00000", "2016-12-31": "5068.00000", "2015-12-31": "4528.00000"}, "Gross Profit": {"2019-12-31": "1821.00000", "2018-12-31": "4614.00000", "2017-12-31": "2095.00000", "2016-12-31": "-2050.00000", "2015-12-31": "4363.00000"}, "Research And Development Expenses": {"2019-12-31": "", "2018-12-31": "", "2017-12-31": "", "2016-12-31": "", "2015-12-31": ""}, "SG&A Expenses": {"2019-12-31": "382.00000", "2018-12-31": "1050.00000", "2017-12-31": "227.00000", "2016-12-31": "371.00000", "2015-12-31": "781.00000"}, "Other Operating Income Or Expenses": {"2019-12-31": "-2491.00000", "2018-12-31": "-2575.00000", "2017-12-31": "-2483.00000", "2016-12-31": "-2284.00000", "2015-12-31": "-2120.00000"}, "Operating Expenses": {"2019-12-31": "7606.00000", "2018-12-31": "7976.00000", "2017-12-31": "7457.00000", "2016-12-31": "7723.00000", "2015-12-31": "7429.00000"}, "Operating Income": {"2019-12-31": "-1052.00000", "2018-12-31": "989.00000", "2017-12-31": "-615.00000", "2016-12-31": "-4705.00000", "2015-12-31": "1462.00000"}, "Total Non-Operating Income/Expense": {"2019-12-31": "", "2018-12-31": "", "2017-12-31": "", "2016-12-31": "", "2015-12-31": ""}, "Pre-Tax Income": {"2019-12-31": "-1052.00000", "2018-12-31": "989.00000", "2017-12-31": "-615.00000", "2016-12-31": "-4705.00000", "2015-12-31": "1462.00000"}, "Income Taxes": {"2019-12-31": "-317.00000", "2018-12-31": "119.00000", "2017-12-31": "-237.00000", "2016-12-31": "-1766.00000", "2015-12-31": "343.00000"}, "Income After Taxes": {"2019-12-31": "-735.00000", "2018-12-31": "870.00000", "2017-12-31": "-378.00000", "2016-12-31": "-2939.00000", "2015-12-31": "1119.00000"}, "Other Income": {"2019-12-31": "", "2018-12-31": "", "2017-12-31": "", "2016-12-31": "", "2015-12-31": ""}, "Income From Continuous Operations": {"2019-12-31": "-735.00000", "2018-12-31": "870.00000", "2017-12-31": "-378.00000", "2016-12-31": "-2939.00000", "2015-12-31": "1119.00000"}, "Income From Discontinued Operations": {"2019-12-31": "", "2018-12-31": "", "2017-12-31": "", "2016-12-31": "", "2015-12-31": ""}, "Net Income": {"2019-12-31": "-761.00000", "2018-12-31": "865.00000", "2017-12-31": "-378.00000", "2016-12-31": "-2939.00000", "2015-12-31": "1119.00000"}, "EBITDA": {"2019-12-31": "-1335.00000", "2018-12-31": "725.00000", "2017-12-31": "-891.00000", "2016-12-31": "-4762.00000", "2015-12-31": "1248.00000"}, "EBIT": {"2019-12-31": "-1052.00000", "2018-12-31": "989.00000", "2017-12-31": "-615.00000", "2016-12-31": "-4705.00000", "2015-12-31": "1462.00000"}, "Basic Shares Outstanding": {"2019-12-31": "112.50870", "2018-12-31": "119.38630", "2017-12-31": "119.77310", "2016-12-31": "119.77300", "2015-12-31": "119.77300"}, "Shares Outstanding": {"2019-12-31": "112.50870", "2018-12-31": "119.82750", "2017-12-31": "119.77310", "2016-12-31": "119.77300", "2015-12-31": "119.77300"}, "Basic EPS": {"2019-12-31": "-6.76000", "2018-12-31": "7.24000", "2017-12-31": "-3.16000", "2016-12-31": "-24.54000", "2015-12-31": "9.34000"}, "EPS - Earnings Per Share": {"2019-12-31": "-6.76000", "2018-12-31": "7.21000", "2017-12-31": "-3.16000", "2016-12-31": "-24.54000", "2015-12-31": "9.34000"}}, "income statement, quarterly": {"Revenue": {"2020-09-30": "309.00000", "2020-06-30": "-922.00000", "2020-03-31": "8985.00000", "2019-12-31": "306.00000", "2019-09-30": "3187.00000", "2019-06-30": "2370.00000", "2019-03-31": "691.00000", "2018-12-31": "4026.00000", "2018-09-30": "1422.00000", "2018-06-30": "1702.00000", "2018-03-31": "1815.00000", "2017-12-31": "1880.00000", "2017-09-30": "1972.00000", "2017-06-30": "2025.00000", "2017-03-31": "965.00000", "2016-12-31": "", "2016-09-30": "1766.00000", "2016-06-30": "-584.00000", "2015-12-31": ""}, "Cost Of Goods Sold": {"2020-09-30": "3328.00000", "2020-06-30": "1115.00000", "2020-03-31": "1446.00000", "2019-12-31": "1002.00000", "2019-09-30": "1591.00000", "2019-06-30": "1110.00000", "2019-03-31": "1030.00000", "2018-12-31": "1169.00000", "2018-09-30": "1095.00000", "2018-06-30": "1082.00000", "2018-03-31": "1005.00000", "2017-12-31": "1177.00000", "2017-09-30": "1362.00000", "2017-06-30": "1069.00000", "2017-03-31": "1139.00000", "2016-12-31": "", "2016-09-30": "1348.00000", "2016-06-30": "1444.00000", "2015-12-31": ""}, "Gross Profit": {"2020-09-30": "-3019.00000", "2020-06-30": "-2037.00000", "2020-03-31": "7539.00000", "2019-12-31": "-696.00000", "2019-09-30": "1596.00000", "2019-06-30": "1260.00000", "2019-03-31": "-339.00000", "2018-12-31": "2857.00000", "2018-09-30": "327.00000", "2018-06-30": "620.00000", "2018-03-31": "810.00000", "2017-12-31": "703.00000", "2017-09-30": "610.00000", "2017-06-30": "956.00000", "2017-03-31": "-174.00000", "2016-12-31": "", "2016-09-30": "418.00000", "2016-06-30": "-2028.00000", "2015-12-31": ""}, "Research And Development Expenses": {"2020-09-30": "", "2020-06-30": "", "2020-03-31": "", "2019-12-31": "", "2019-09-30": "", "2019-06-30": "", "2019-03-31": "", "2018-12-31": "", "2018-09-30": "", "2018-06-30": "", "2018-03-31": "", "2017-12-31": "", "2017-09-30": "", "2017-06-30": "", "2017-03-31": "", "2016-12-31": "", "2016-09-30": "", "2016-06-30": "", "2015-12-31": ""}, "SG&A Expenses": {"2020-09-30": "244.00000", "2020-06-30": "-92.00000", "2020-03-31": "770.00000", "2019-12-31": "9.00000", "2019-09-30": "181.00000", "2019-06-30": "170.00000", "2019-03-31": "22.00000", "2018-12-31": "469.00000", "2018-09-30": "30.00000", "2018-06-30": "246.00000", "2018-03-31": "305.00000", "2017-12-31": "231.00000", "2017-09-30": "123.00000", "2017-06-30": "21.00000", "2017-03-31": "-148.00000", "2016-12-31": "", "2016-09-30": "-10.00000", "2016-06-30": "-281.00000", "2015-12-31": ""}, "Other Operating Income Or Expenses": {"2020-09-30": "-580.00000", "2020-06-30": "-577.00000", "2020-03-31": "-517.00000", "2019-12-31": "-667.00000", "2019-09-30": "-611.00000", "2019-06-30": "-621.00000", "2019-03-31": "-592.00000", "2018-12-31": "-601.00000", "2018-09-30": "-665.00000", "2018-06-30": "-691.00000", "2018-03-31": "-618.00000", "2017-12-31": "-694.00000", "2017-09-30": "-611.00000", "2017-06-30": "-614.00000", "2017-03-31": "-564.00000", "2016-12-31": "", "2016-09-30": "-519.00000", "2016-06-30": "-493.00000", "2015-12-31": ""}, "Operating Expenses": {"2020-09-30": "4152.00000", "2020-06-30": "1600.00000", "2020-03-31": "2733.00000", "2019-12-31": "1678.00000", "2019-09-30": "2383.00000", "2019-06-30": "1901.00000", "2019-03-31": "1644.00000", "2018-12-31": "2239.00000", "2018-09-30": "1790.00000", "2018-06-30": "2019.00000", "2018-03-31": "1928.00000", "2017-12-31": "2102.00000", "2017-09-30": "2096.00000", "2017-06-30": "1704.00000", "2017-03-31": "1555.00000", "2016-12-31": "", "2016-09-30": "2018.00000", "2016-06-30": "1656.00000", "2015-12-31": ""}, "Operating Income": {"2020-09-30": "-3843.00000", "2020-06-30": "-2522.00000", "2020-03-31": "6252.00000", "2019-12-31": "-1372.00000", "2019-09-30": "804.00000", "2019-06-30": "469.00000", "2019-03-31": "-953.00000", "2018-12-31": "1787.00000", "2018-09-30": "-368.00000", "2018-06-30": "-317.00000", "2018-03-31": "-113.00000", "2017-12-31": "-222.00000", "2017-09-30": "-124.00000", "2017-06-30": "321.00000", "2017-03-31": "-590.00000", "2016-12-31": "", "2016-09-30": "-252.00000", "2016-06-30": "-2240.00000", "2015-12-31": ""}, "Total Non-Operating Income/Expense": {"2020-09-30": "", "2020-06-30": "", "2020-03-31": "", "2019-12-31": "", "2019-09-30": "", "2019-06-30": "", "2019-03-31": "", "2018-12-31": "", "2018-09-30": "", "2018-06-30": "", "2018-03-31": "", "2017-12-31": "", "2017-09-30": "", "2017-06-30": "", "2017-03-31": "", "2016-12-31": "", "2016-09-30": "", "2016-06-30": "", "2015-12-31": ""}, "Pre-Tax Income": {"2020-09-30": "-3843.00000", "2020-06-30": "-2522.00000", "2020-03-31": "6252.00000", "2019-12-31": "-1372.00000", "2019-09-30": "804.00000", "2019-06-30": "469.00000", "2019-03-31": "-953.00000", "2018-12-31": "1787.00000", "2018-09-30": "-368.00000", "2018-06-30": "-317.00000", "2018-03-31": "-113.00000", "2017-12-31": "-222.00000", "2017-09-30": "-124.00000", "2017-06-30": "321.00000", "2017-03-31": "-590.00000", "2016-12-31": "", "2016-09-30": "-252.00000", "2016-06-30": "-2240.00000", "2015-12-31": ""}, "Income Taxes": {"2020-09-30": "-850.00000", "2020-06-30": "-531.00000", "2020-03-31": "1293.00000", "2019-12-31": "-303.00000", "2019-09-30": "119.00000", "2019-06-30": "85.00000", "2019-03-31": "-218.00000", "2018-12-31": "345.00000", "2018-09-30": "-99.00000", "2018-06-30": "-79.00000", "2018-03-31": "-48.00000", "2017-12-31": "-890.00000", "2017-09-30": "819.00000", "2017-06-30": "75.00000", "2017-03-31": "-241.00000", "2016-12-31": "", "2016-09-30": "-94.00000", "2016-06-30": "-817.00000", "2015-12-31": ""}, "Income After Taxes": {"2020-09-30": "-2993.00000", "2020-06-30": "-1991.00000", "2020-03-31": "4959.00000", "2019-12-31": "-1069.00000", "2019-09-30": "685.00000", "2019-06-30": "384.00000", "2019-03-31": "-735.00000", "2018-12-31": "1442.00000", "2018-09-30": "-269.00000", "2018-06-30": "-238.00000", "2018-03-31": "-65.00000", "2017-12-31": "668.00000", "2017-09-30": "-943.00000", "2017-06-30": "246.00000", "2017-03-31": "-349.00000", "2016-12-31": "", "2016-09-30": "-158.00000", "2016-06-30": "-1423.00000", "2015-12-31": ""}, "Other Income": {"2020-09-30": "", "2020-06-30": "", "2020-03-31": "", "2019-12-31": "", "2019-09-30": "", "2019-06-30": "", "2019-03-31": "", "2018-12-31": "", "2018-09-30": "", "2018-06-30": "", "2018-03-31": "", "2017-12-31": "", "2017-09-30": "", "2017-06-30": "", "2017-03-31": "", "2016-12-31": "", "2016-09-30": "", "2016-06-30": "", "2015-12-31": ""}, "Income From Continuous Operations": {"2020-09-30": "-2993.00000", "2020-06-30": "-1991.00000", "2020-03-31": "4959.00000", "2019-12-31": "-1069.00000", "2019-09-30": "685.00000", "2019-06-30": "384.00000", "2019-03-31": "-735.00000", "2018-12-31": "1442.00000", "2018-09-30": "-269.00000", "2018-06-30": "-238.00000", "2018-03-31": "-65.00000", "2017-12-31": "668.00000", "2017-09-30": "-943.00000", "2017-06-30": "246.00000", "2017-03-31": "-349.00000", "2016-12-31": "", "2016-09-30": "-158.00000", "2016-06-30": "-1423.00000", "2015-12-31": ""}, "Income From Discontinued Operations": {"2020-09-30": "", "2020-06-30": "", "2020-03-31": "", "2019-12-31": "", "2019-09-30": "", "2019-06-30": "", "2019-03-31": "", "2018-12-31": "", "2018-09-30": "", "2018-06-30": "", "2018-03-31": "", "2017-12-31": "", "2017-09-30": "", "2017-06-30": "", "2017-03-31": "", "2016-12-31": "", "2016-09-30": "", "2016-06-30": "", "2015-12-31": ""}, "Net Income": {"2020-09-30": "-3012.00000", "2020-06-30": "-1998.00000", "2020-03-31": "4950.00000", "2019-12-31": "-1077.00000", "2019-09-30": "676.00000", "2019-06-30": "377.00000", "2019-03-31": "-737.00000", "2018-12-31": "1442.00000", "2018-09-30": "-271.00000", "2018-06-30": "-239.00000", "2018-03-31": "-67.00000", "2017-12-31": "668.00000", "2017-09-30": "-943.00000", "2017-06-30": "246.00000", "2017-03-31": "-349.00000", "2016-12-31": "", "2016-09-30": "-158.00000", "2016-06-30": "-1423.00000", "2015-12-31": ""}, "EBITDA": {"2020-09-30": "-3843.00000", "2020-06-30": "-2522.00000", "2020-03-31": "6252.00000", "2019-12-31": "-1372.00000", "2019-09-30": "804.00000", "2019-06-30": "469.00000", "2019-03-31": "-953.00000", "2018-12-31": "1787.00000", "2018-09-30": "-368.00000", "2018-06-30": "-317.00000", "2018-03-31": "-113.00000", "2017-12-31": "-222.00000", "2017-09-30": "-124.00000", "2017-06-30": "321.00000", "2017-03-31": "-590.00000", "2016-12-31": "", "2016-09-30": "-252.00000", "2016-06-30": "-2240.00000", "2015-12-31": ""}, "EBIT": {"2020-09-30": "-3843.00000", "2020-06-30": "-2522.00000", "2020-03-31": "6252.00000", "2019-12-31": "-1372.00000", "2019-09-30": "804.00000", "2019-06-30": "469.00000", "2019-03-31": "-953.00000", "2018-12-31": "1787.00000", "2018-09-30": "-368.00000", "2018-06-30": "-317.00000", "2018-03-31": "-113.00000", "2017-12-31": "-222.00000", "2017-09-30": "-124.00000", "2017-06-30": "321.00000", "2017-03-31": "-590.00000", "2016-12-31": "", "2016-09-30": "-252.00000", "2016-06-30": "-2240.00000", "2015-12-31": ""}, "Basic Shares Outstanding": {"2020-09-30": "92.69320", "2020-06-30": "94.69800", "2020-03-31": "104.75930", "2019-12-31": "112.50870", "2019-09-30": "110.91540", "2019-06-30": "114.93100", "2019-03-31": "116.80540", "2018-12-31": "119.38630", "2018-09-30": "119.65700", "2018-06-30": "119.77300", "2018-03-31": "119.77300", "2017-12-31": "119.77310", "2017-09-30": "119.77300", "2017-06-30": "119.77310", "2017-03-31": "119.77300", "2016-12-31": "", "2016-09-30": "119.77300", "2016-06-30": "119.77310", "2015-12-31": ""}, "Shares Outstanding": {"2020-09-30": "92.69320", "2020-06-30": "94.69800", "2020-03-31": "105.09350", "2019-12-31": "112.50870", "2019-09-30": "111.52750", "2019-06-30": "115.53700", "2019-03-31": "116.80540", "2018-12-31": "119.82750", "2018-09-30": "119.65700", "2018-06-30": "119.77300", "2018-03-31": "119.77300", "2017-12-31": "119.77310", "2017-09-30": "119.77300", "2017-06-30": "119.77310", "2017-03-31": "119.77300", "2016-12-31": "", "2016-09-30": "119.77300", "2016-06-30": "119.77310", "2015-12-31": ""}, "Basic EPS": {"2020-09-30": "-32.49000", "2020-06-30": "-21.10000", "2020-03-31": "47.26000", "2019-12-31": "-9.82000", "2019-09-30": "6.09000", "2019-06-30": "3.28000", "2019-03-31": "-6.31000", "2018-12-31": "12.07000", "2018-09-30": "-2.26000", "2018-06-30": "-2.01000", "2018-03-31": "-0.56000", "2017-12-31": "5.57000", "2017-09-30": "-7.87000", "2017-06-30": "2.05000", "2017-03-31": "-2.91000", "2016-12-31": "", "2016-09-30": "-1.32000", "2016-06-30": "-11.88000", "2015-12-31": ""}, "EPS - Earnings Per Share": {"2020-09-30": "-32.49000", "2020-06-30": "-21.10000", "2020-03-31": "47.11000", "2019-12-31": "-9.78000", "2019-09-30": "6.06000", "2019-06-30": "3.27000", "2019-03-31": "-6.31000", "2018-12-31": "12.04000", "2018-09-30": "-2.26000", "2018-06-30": "-2.01000", "2018-03-31": "-0.56000", "2017-12-31": "5.57000", "2017-09-30": "-7.87000", "2017-06-30": "2.05000", "2017-03-31": "-2.91000", "2016-12-31": "0.00000", "2016-09-30": "-1.32000", "2016-06-30": "-11.88000", "2015-12-31": "0.00000"}}, "balance sheet": {"Cash On Hand": {"2019-12-31": "2877.00000", "2018-12-31": "4145.00000", "2017-12-31": "1857.00000", "2016-12-31": "5228.00000", "2015-12-31": ""}, "Receivables": {"2019-12-31": "14760.00000", "2018-12-31": "13697.00000", "2017-12-31": "13525.00000", "2016-12-31": "14647.00000", "2015-12-31": ""}, "Inventory": {"2019-12-31": "", "2018-12-31": "", "2017-12-31": "", "2016-12-31": "", "2015-12-31": ""}, "Pre-Paid Expenses": {"2019-12-31": "", "2018-12-31": "", "2017-12-31": "", "2016-12-31": "", "2015-12-31": ""}, "Other Current Assets": {"2019-12-31": "", "2018-12-31": "", "2017-12-31": "", "2016-12-31": "", "2015-12-31": ""}, "Total Current Assets": {"2019-12-31": "17637.00000", "2018-12-31": "17842.00000", "2017-12-31": "15382.00000", "2016-12-31": "19875.00000", "2015-12-31": ""}, "Property, Plant, And Equipment": {"2019-12-31": "", "2018-12-31": "", "2017-12-31": "", "2016-12-31": "", "2015-12-31": ""}, "Long-Term Investments": {"2019-12-31": "96466.00000", "2018-12-31": "83905.00000", "2017-12-31": "82939.00000", "2016-12-31": "81325.00000", "2015-12-31": ""}, "Goodwill And Intangible Assets": {"2019-12-31": "", "2018-12-31": "", "2017-12-31": "", "2016-12-31": "", "2015-12-31": "0.00000"}, "Other Long-Term Assets": {"2019-12-31": "107708.00000", "2018-12-31": "98830.00000", "2017-12-31": "119585.00000", "2016-12-31": "114437.00000", "2015-12-31": ""}, "Total Long-Term Assets": {"2019-12-31": "209622.00000", "2018-12-31": "188452.00000", "2017-12-31": "208810.00000", "2016-12-31": "202055.00000", "2015-12-31": ""}, "Total Assets": {"2019-12-31": "227259.00000", "2018-12-31": "206294.00000", "2017-12-31": "224192.00000", "2016-12-31": "221930.00000", "2015-12-31": "0.00000"}, "Total Current Liabilities": {"2019-12-31": "39686.00000", "2018-12-31": "36209.00000", "2017-12-31": "36616.00000", "2016-12-31": "33372.00000", "2015-12-31": ""}, "Long Term Debt": {"2019-12-31": "4365.00000", "2018-12-31": "3963.00000", "2017-12-31": "3612.00000", "2016-12-31": "1910.00000", "2015-12-31": ""}, "Other Non-Current Liabilities": {"2019-12-31": "165616.00000", "2018-12-31": "150652.00000", "2017-12-31": "168457.00000", "2016-12-31": "169730.00000", "2015-12-31": ""}, "Total Long Term Liabilities": {"2019-12-31": "171336.00000", "2018-12-31": "155602.00000", "2017-12-31": "172996.00000", "2016-12-31": "173696.00000", "2015-12-31": ""}, "Total Liabilities": {"2019-12-31": "211022.00000", "2018-12-31": "191811.00000", "2017-12-31": "209612.00000", "2016-12-31": "207068.00000", "2015-12-31": "0.00000"}, "Common Stock Net": {"2019-12-31": "1.00000", "2018-12-31": "1.00000", "2017-12-31": "1.00000", "2016-12-31": "13597.00000", "2015-12-31": "0.00000"}, "Retained Earnings (Accumulated Deficit)": {"2019-12-31": "585.00000", "2018-12-31": "1346.00000", "2017-12-31": "406.00000", "2016-12-31": "", "2015-12-31": ""}, "Comprehensive Income": {"2019-12-31": "3240.00000", "2018-12-31": "716.00000", "2017-12-31": "1676.00000", "2016-12-31": "1265.00000", "2015-12-31": ""}, "Other Share Holders Equity": {"2019-12-31": "", "2018-12-31": "", "2017-12-31": "", "2016-12-31": "", "2015-12-31": "0.00000"}, "Share Holder Equity": {"2019-12-31": "16237.00000", "2018-12-31": "14483.00000", "2017-12-31": "14580.00000", "2016-12-31": "14862.00000", "2015-12-31": "0.00000"}, "Total Liabilities And Share Holders Equity": {"2019-12-31": "227259.00000", "2018-12-31": "206294.00000", "2017-12-31": "224192.00000", "2016-12-31": "221930.00000", "2015-12-31": "0.00000"}}, "balance sheet, quarterly": {"Cash On Hand": {"2020-09-30": "6189.00000", "2020-06-30": "7325.00000", "2020-03-31": "8930.00000", "2019-12-31": "2877.00000", "2019-09-30": "4289.00000", "2019-06-30": "3981.00000", "2019-03-31": "3864.00000", "2018-12-31": "4145.00000", "2018-09-30": "2144.00000", "2018-06-30": "2135.00000", "2018-03-31": "1888.00000", "2017-12-31": "1857.00000", "2017-09-30": "1698.00000", "2017-06-30": "4443.00000", "2017-03-31": "", "2016-12-31": "", "2016-09-30": "", "2016-06-30": "", "2015-12-31": ""}, "Receivables": {"2020-09-30": "16087.00000", "2020-06-30": "15218.00000", "2020-03-31": "14994.00000", "2019-12-31": "14760.00000", "2019-09-30": "14385.00000", "2019-06-30": "14231.00000", "2019-03-31": "14026.00000", "2018-12-31": "13697.00000", "2018-09-30": "13551.00000", "2018-06-30": "13593.00000", "2018-03-31": "13527.00000", "2017-12-31": "13525.00000", "2017-09-30": "13591.00000", "2017-06-30": "13415.00000", "2017-03-31": "", "2016-12-31": "", "2016-09-30": "", "2016-06-30": "", "2015-12-31": ""}, "Inventory": {"2020-09-30": "", "2020-06-30": "", "2020-03-31": "", "2019-12-31": "", "2019-09-30": "", "2019-06-30": "", "2019-03-31": "", "2018-12-31": "", "2018-09-30": "", "2018-06-30": "", "2018-03-31": "", "2017-12-31": "", "2017-09-30": "", "2017-06-30": "", "2017-03-31": "", "2016-12-31": "", "2016-09-30": "", "2016-06-30": "", "2015-12-31": ""}, "Pre-Paid Expenses": {"2020-09-30": "", "2020-06-30": "", "2020-03-31": "", "2019-12-31": "", "2019-09-30": "", "2019-06-30": "", "2019-03-31": "", "2018-12-31": "", "2018-09-30": "", "2018-06-30": "", "2018-03-31": "", "2017-12-31": "", "2017-09-30": "", "2017-06-30": "", "2017-03-31": "", "2016-12-31": "", "2016-09-30": "", "2016-06-30": "", "2015-12-31": ""}, "Other Current Assets": {"2020-09-30": "", "2020-06-30": "", "2020-03-31": "", "2019-12-31": "", "2019-09-30": "", "2019-06-30": "", "2019-03-31": "", "2018-12-31": "", "2018-09-30": "", "2018-06-30": "", "2018-03-31": "", "2017-12-31": "", "2017-09-30": "", "2017-06-30": "", "2017-03-31": "", "2016-12-31": "", "2016-09-30": "", "2016-06-30": "", "2015-12-31": ""}, "Total Current Assets": {"2020-09-30": "22276.00000", "2020-06-30": "22543.00000", "2020-03-31": "23924.00000", "2019-12-31": "17637.00000", "2019-09-30": "18674.00000", "2019-06-30": "18212.00000", "2019-03-31": "17890.00000", "2018-12-31": "17842.00000", "2018-09-30": "15695.00000", "2018-06-30": "15728.00000", "2018-03-31": "15415.00000", "2017-12-31": "15382.00000", "2017-09-30": "15289.00000", "2017-06-30": "17858.00000", "2017-03-31": "", "2016-12-31": "", "2016-09-30": "", "2016-06-30": "", "2015-12-31": ""}, "Property, Plant, And Equipment": {"2020-09-30": "", "2020-06-30": "", "2020-03-31": "", "2019-12-31": "", "2019-09-30": "", "2019-06-30": "", "2019-03-31": "", "2018-12-31": "", "2018-09-30": "", "2018-06-30": "", "2018-03-31": "", "2017-12-31": "", "2017-09-30": "", "2017-06-30": "", "2017-03-31": "", "2016-12-31": "", "2016-09-30": "", "2016-06-30": "", "2015-12-31": ""}, "Long-Term Investments": {"2020-09-30": "109110.00000", "2020-06-30": "107836.00000", "2020-03-31": "105600.00000", "2019-12-31": "96466.00000", "2019-09-30": "97366.00000", "2019-06-30": "90684.00000", "2019-03-31": "87031.00000", "2018-12-31": "83905.00000", "2018-09-30": "82004.00000", "2018-06-30": "81535.00000", "2018-03-31": "81689.00000", "2017-12-31": "82939.00000", "2017-09-30": "82300.00000", "2017-06-30": "82417.00000", "2017-03-31": "", "2016-12-31": "", "2016-09-30": "", "2016-06-30": "", "2015-12-31": ""}, "Goodwill And Intangible Assets": {"2020-09-30": "", "2020-06-30": "", "2020-03-31": "", "2019-12-31": "", "2019-09-30": "", "2019-06-30": "", "2019-03-31": "", "2018-12-31": "", "2018-09-30": "", "2018-06-30": "", "2018-03-31": "", "2017-12-31": "", "2017-09-30": "", "2017-06-30": "", "2017-03-31": "0.00000", "2016-12-31": "", "2016-09-30": "0.00000", "2016-06-30": "0.00000", "2015-12-31": "0.00000"}, "Other Long-Term Assets": {"2020-09-30": "103631.00000", "2020-06-30": "100132.00000", "2020-03-31": "89567.00000", "2019-12-31": "107708.00000", "2019-09-30": "104519.00000", "2019-06-30": "106824.00000", "2019-03-31": "105829.00000", "2018-12-31": "98830.00000", "2018-09-30": "113197.00000", "2018-06-30": "112981.00000", "2018-03-31": "115810.00000", "2017-12-31": "119585.00000", "2017-09-30": "119276.00000", "2017-06-30": "117589.00000", "2017-03-31": "", "2016-12-31": "", "2016-09-30": "", "2016-06-30": "", "2015-12-31": ""}, "Total Long-Term Assets": {"2020-09-30": "217405.00000", "2020-06-30": "212824.00000", "2020-03-31": "200029.00000", "2019-12-31": "209622.00000", "2019-09-30": "207202.00000", "2019-06-30": "203000.00000", "2019-03-31": "198540.00000", "2018-12-31": "188452.00000", "2018-09-30": "201251.00000", "2018-06-30": "200484.00000", "2018-03-31": "203582.00000", "2017-12-31": "208810.00000", "2017-09-30": "207990.00000", "2017-06-30": "206470.00000", "2017-03-31": "", "2016-12-31": "", "2016-09-30": "", "2016-06-30": "", "2015-12-31": ""}, "Total Assets": {"2020-09-30": "239681.00000", "2020-06-30": "235367.00000", "2020-03-31": "223953.00000", "2019-12-31": "227259.00000", "2019-09-30": "225876.00000", "2019-06-30": "221212.00000", "2019-03-31": "216430.00000", "2018-12-31": "206294.00000", "2018-09-30": "216946.00000", "2018-06-30": "216212.00000", "2018-03-31": "218997.00000", "2017-12-31": "224192.00000", "2017-09-30": "223279.00000", "2017-06-30": "224328.00000", "2017-03-31": "0.00000", "2016-12-31": "0.00000", "2016-09-30": "0.00000", "2016-06-30": "0.00000", "2015-12-31": "0.00000"}, "Total Current Liabilities": {"2020-09-30": "44537.00000", "2020-06-30": "41841.00000", "2020-03-31": "40653.00000", "2019-12-31": "39686.00000", "2019-09-30": "39846.00000", "2019-06-30": "38280.00000", "2019-03-31": "37157.00000", "2018-12-31": "36209.00000", "2018-09-30": "35748.00000", "2018-06-30": "35816.00000", "2018-03-31": "36223.00000", "2017-12-31": "36616.00000", "2017-09-30": "36035.00000", "2017-06-30": "34352.00000", "2017-03-31": "", "2016-12-31": "", "2016-09-30": "", "2016-06-30": "", "2015-12-31": ""}, "Long Term Debt": {"2020-09-30": "3979.00000", "2020-06-30": "3979.00000", "2020-03-31": "4365.00000", "2019-12-31": "4365.00000", "2019-09-30": "4365.00000", "2019-06-30": "4365.00000", "2019-03-31": "4364.00000", "2018-12-31": "3963.00000", "2018-09-30": "3966.00000", "2018-06-30": "3607.00000", "2018-03-31": "3609.00000", "2017-12-31": "3612.00000", "2017-09-30": "3615.00000", "2017-06-30": "3016.00000", "2017-03-31": "", "2016-12-31": "", "2016-09-30": "", "2016-06-30": "", "2015-12-31": ""}, "Other Non-Current Liabilities": {"2020-09-30": "170946.00000", "2020-06-30": "166006.00000", "2020-03-31": "156014.00000", "2019-12-31": "165616.00000", "2019-09-30": "162156.00000", "2019-06-30": "160848.00000", "2019-03-31": "158821.00000", "2018-12-31": "150652.00000", "2018-09-30": "163707.00000", "2018-06-30": "162605.00000", "2018-03-31": "164740.00000", "2017-12-31": "168457.00000", "2017-09-30": "167682.00000", "2017-06-30": "168158.00000", "2017-03-31": "", "2016-12-31": "", "2016-09-30": "", "2016-06-30": "", "2015-12-31": ""}, "Total Long Term Liabilities": {"2020-09-30": "176813.00000", "2020-06-30": "172552.00000", "2020-03-31": "162861.00000", "2019-12-31": "171336.00000", "2019-09-30": "168270.00000", "2019-06-30": "166591.00000", "2019-03-31": "164209.00000", "2018-12-31": "155602.00000", "2018-09-30": "168249.00000", "2018-06-30": "166896.00000", "2018-03-31": "169101.00000", "2017-12-31": "172996.00000", "2017-09-30": "173413.00000", "2017-06-30": "173511.00000", "2017-03-31": "", "2016-12-31": "", "2016-09-30": "", "2016-06-30": "", "2015-12-31": ""}, "Total Liabilities": {"2020-09-30": "221350.00000", "2020-06-30": "214393.00000", "2020-03-31": "203514.00000", "2019-12-31": "211022.00000", "2019-09-30": "208116.00000", "2019-06-30": "204871.00000", "2019-03-31": "201366.00000", "2018-12-31": "191811.00000", "2018-09-30": "203997.00000", "2018-06-30": "202712.00000", "2018-03-31": "205324.00000", "2017-12-31": "209612.00000", "2017-09-30": "209448.00000", "2017-06-30": "207863.00000", "2017-03-31": "0.00000", "2016-12-31": "", "2016-09-30": "0.00000", "2016-06-30": "0.00000", "2015-12-31": "0.00000"}, "Common Stock Net": {"2020-09-30": "1.00000", "2020-06-30": "1.00000", "2020-03-31": "1.00000", "2019-12-31": "1.00000", "2019-09-30": "1.00000", "2019-06-30": "1.00000", "2019-03-31": "1.00000", "2018-12-31": "1.00000", "2018-09-30": "1.00000", "2018-06-30": "1.00000", "2018-03-31": "1.00000", "2017-12-31": "1.00000", "2017-09-30": "1.00000", "2017-06-30": "14521.00000", "2017-03-31": "0.00000", "2016-12-31": "", "2016-09-30": "0.00000", "2016-06-30": "0.00000", "2015-12-31": "0.00000"}, "Retained Earnings (Accumulated Deficit)": {"2020-09-30": "511.00000", "2020-06-30": "3523.00000", "2020-03-31": "5521.00000", "2019-12-31": "585.00000", "2019-09-30": "1662.00000", "2019-06-30": "986.00000", "2019-03-31": "609.00000", "2018-12-31": "1346.00000", "2018-09-30": "-96.00000", "2018-06-30": "175.00000", "2018-03-31": "374.00000", "2017-12-31": "406.00000", "2017-09-30": "39.00000", "2017-06-30": "", "2017-03-31": "", "2016-12-31": "", "2016-09-30": "", "2016-06-30": "", "2015-12-31": ""}, "Comprehensive Income": {"2020-09-30": "5381.00000", "2020-06-30": "4965.00000", "2020-03-31": "2647.00000", "2019-12-31": "3240.00000", "2019-09-30": "3567.00000", "2019-06-30": "2702.00000", "2019-03-31": "1670.00000", "2018-12-31": "716.00000", "2018-09-30": "552.00000", "2018-06-30": "815.00000", "2018-03-31": "801.00000", "2017-12-31": "1676.00000", "2017-09-30": "1308.00000", "2017-06-30": "1894.00000", "2017-03-31": "", "2016-12-31": "", "2016-09-30": "", "2016-06-30": "", "2015-12-31": ""}, "Other Share Holders Equity": {"2020-09-30": "", "2020-06-30": "", "2020-03-31": "", "2019-12-31": "", "2019-09-30": "", "2019-06-30": "", "2019-03-31": "", "2018-12-31": "", "2018-09-30": "", "2018-06-30": "", "2018-03-31": "", "2017-12-31": "", "2017-09-30": "", "2017-06-30": "", "2017-03-31": "0.00000", "2016-12-31": "", "2016-09-30": "0.00000", "2016-06-30": "0.00000", "2015-12-31": "0.00000"}, "Share Holder Equity": {"2020-09-30": "18331.00000", "2020-06-30": "20974.00000", "2020-03-31": "20439.00000", "2019-12-31": "16237.00000", "2019-09-30": "17760.00000", "2019-06-30": "16341.00000", "2019-03-31": "15064.00000", "2018-12-31": "14483.00000", "2018-09-30": "12949.00000", "2018-06-30": "13500.00000", "2018-03-31": "13673.00000", "2017-12-31": "14580.00000", "2017-09-30": "13831.00000", "2017-06-30": "16465.00000", "2017-03-31": "0.00000", "2016-12-31": "", "2016-09-30": "0.00000", "2016-06-30": "0.00000", "2015-12-31": "0.00000"}, "Total Liabilities And Share Holders Equity": {"2020-09-30": "239681.00000", "2020-06-30": "235367.00000", "2020-03-31": "223953.00000", "2019-12-31": "227259.00000", "2019-09-30": "225876.00000", "2019-06-30": "221212.00000", "2019-03-31": "216430.00000", "2018-12-31": "206294.00000", "2018-09-30": "216946.00000", "2018-06-30": "216212.00000", "2018-03-31": "218997.00000", "2017-12-31": "224192.00000", "2017-09-30": "223279.00000", "2017-06-30": "224328.00000", "2017-03-31": "0.00000", "2016-12-31": "", "2016-09-30": "0.00000", "2016-06-30": "0.00000", "2015-12-31": "0.00000"}}, "cash flow statement": {"Net Income/Loss": {"2019-12-31": "-735.00000", "2018-12-31": "870.00000", "2017-12-31": "-378.00000", "2016-12-31": "-2939.00000", "2015-12-31": "1119.00000"}, "Total Depreciation And Amortization - Cash Flow": {"2019-12-31": "-283.00000", "2018-12-31": "-264.00000", "2017-12-31": "-276.00000", "2016-12-31": "-57.00000", "2015-12-31": "-214.00000"}, "Other Non-Cash Items": {"2019-12-31": "-12.00000", "2018-12-31": "-2660.00000", "2017-12-31": "195.00000", "2016-12-31": "4547.00000", "2015-12-31": "-1419.00000"}, "Total Non-Cash Items": {"2019-12-31": "-295.00000", "2018-12-31": "-2924.00000", "2017-12-31": "-81.00000", "2016-12-31": "4490.00000", "2015-12-31": "-1633.00000"}, "Change In Accounts Receivable": {"2019-12-31": "-629.00000", "2018-12-31": "-207.00000", "2017-12-31": "197.00000", "2016-12-31": "40.00000", "2015-12-31": "-394.00000"}, "Change In Inventories": {"2019-12-31": "", "2018-12-31": "", "2017-12-31": "", "2016-12-31": "", "2015-12-31": ""}, "Change In Accounts Payable": {"2019-12-31": "84.00000", "2018-12-31": "-171.00000", "2017-12-31": "-80.00000", "2016-12-31": "-33.00000", "2015-12-31": "1.00000"}, "Change In Assets/Liabilities": {"2019-12-31": "3644.00000", "2018-12-31": "4298.00000", "2017-12-31": "3726.00000", "2016-12-31": "4130.00000", "2015-12-31": "4778.00000"}, "Total Change In Assets/Liabilities": {"2019-12-31": "2783.00000", "2018-12-31": "5002.00000", "2017-12-31": "3726.00000", "2016-12-31": "2053.00000", "2015-12-31": "5116.00000"}, "Cash Flow From Operating Activities": {"2019-12-31": "1828.00000", "2018-12-31": "3062.00000", "2017-12-31": "3396.00000", "2016-12-31": "3736.00000", "2015-12-31": "4631.00000"}, "Net Change In Property, Plant, And Equipment": {"2019-12-31": "", "2018-12-31": "", "2017-12-31": "", "2016-12-31": "", "2015-12-31": ""}, "Net Change In Intangible Assets": {"2019-12-31": "", "2018-12-31": "", "2017-12-31": "", "2016-12-31": "", "2015-12-31": ""}, "Net Acquisitions/Divestitures": {"2019-12-31": "", "2018-12-31": "", "2017-12-31": "", "2016-12-31": "", "2015-12-31": ""}, "Net Change In Short-term Investments": {"2019-12-31": "-1942.00000", "2018-12-31": "312.00000", "2017-12-31": "1030.00000", "2016-12-31": "616.00000", "2015-12-31": "-316.00000"}, "Net Change In Long-Term Investments": {"2019-12-31": "-4967.00000", "2018-12-31": "-3797.00000", "2017-12-31": "-2962.00000", "2016-12-31": "5945.00000", "2015-12-31": "-6007.00000"}, "Net Change In Investments - Total": {"2019-12-31": "-6909.00000", "2018-12-31": "-3485.00000", "2017-12-31": "-1932.00000", "2016-12-31": "6561.00000", "2015-12-31": "-6323.00000"}, "Investing Activities - Other": {"2019-12-31": "-432.00000", "2018-12-31": "-1053.00000", "2017-12-31": "-1983.00000", "2016-12-31": "-1887.00000", "2015-12-31": "-719.00000"}, "Cash Flow From Investing Activities": {"2019-12-31": "-7341.00000", "2018-12-31": "-4538.00000", "2017-12-31": "-3915.00000", "2016-12-31": "4674.00000", "2015-12-31": "-7042.00000"}, "Net Long-Term Debt": {"2019-12-31": "4555.00000", "2018-12-31": "4240.00000", "2017-12-31": "-482.00000", "2016-12-31": "-4940.00000", "2015-12-31": "2841.00000"}, "Net Current Debt": {"2019-12-31": "", "2018-12-31": "", "2017-12-31": "", "2016-12-31": "", "2015-12-31": ""}, "Debt Issuance/Retirement Net - Total": {"2019-12-31": "4555.00000", "2018-12-31": "4240.00000", "2017-12-31": "-482.00000", "2016-12-31": "-4940.00000", "2015-12-31": "2841.00000"}, "Net Common Equity Issued/Repurchased": {"2019-12-31": "-442.00000", "2018-12-31": "-105.00000", "2017-12-31": "293.00000", "2016-12-31": "1833.00000", "2015-12-31": "406.00000"}, "Net Total Equity Issued/Repurchased": {"2019-12-31": "-30.00000", "2018-12-31": "-105.00000", "2017-12-31": "293.00000", "2016-12-31": "1833.00000", "2015-12-31": "406.00000"}, "Total Common And Preferred Stock Dividends Paid": {"2019-12-31": "-21.00000", "2018-12-31": "", "2017-12-31": "-668.00000", "2016-12-31": "-634.00000", "2015-12-31": "-771.00000"}, "Financial Activities - Other": {"2019-12-31": "-259.00000", "2018-12-31": "-371.00000", "2017-12-31": "-1995.00000", "2016-12-31": "-1011.00000", "2015-12-31": "-96.00000"}, "Cash Flow From Financial Activities": {"2019-12-31": "4245.00000", "2018-12-31": "3764.00000", "2017-12-31": "-2852.00000", "2016-12-31": "-4752.00000", "2015-12-31": "2380.00000"}, "Net Cash Flow": {"2019-12-31": "-1268.00000", "2018-12-31": "2288.00000", "2017-12-31": "-3371.00000", "2016-12-31": "3658.00000", "2015-12-31": "-33.00000"}, "Stock-Based Compensation": {"2019-12-31": "", "2018-12-31": "", "2017-12-31": "", "2016-12-31": "", "2015-12-31": ""}, "Common Stock Dividends Paid": {"2019-12-31": "", "2018-12-31": "", "2017-12-31": "-668.00000", "2016-12-31": "-634.00000", "2015-12-31": "-771.00000"}}, "cash flow statement, quarterly": {"Net Income/Loss": {"2020-09-30": 0, "2020-06-30": 0, "2020-03-31": "0.00000", "2019-12-31": -735, "2019-09-30": 0, "2019-06-30": 0, "2019-03-31": "0.00000", "2018-12-31": 870, "2018-09-30": 0, "2018-06-30": 0, "2018-03-31": "0.00000", "2017-12-31": -378, "2017-09-30": 0, "2017-06-30": 0, "2017-03-31": "0.00000", "2016-12-31": -2939, "2016-09-30": 0, "2016-06-30": -1119, "2015-12-31": 1119}, "Total Depreciation And Amortization - Cash Flow": {"2020-09-30": 0, "2020-06-30": 0, "2020-03-31": "", "2019-12-31": -283, "2019-09-30": 0, "2019-06-30": 0, "2019-03-31": "", "2018-12-31": -264, "2018-09-30": 0, "2018-06-30": 0, "2018-03-31": "", "2017-12-31": -276, "2017-09-30": 0, "2017-06-30": 0, "2017-03-31": "", "2016-12-31": -57, "2016-09-30": 0, "2016-06-30": 214, "2015-12-31": -214}, "Other Non-Cash Items": {"2020-09-30": 0, "2020-06-30": 0, "2020-03-31": "", "2019-12-31": -12, "2019-09-30": 0, "2019-06-30": 0, "2019-03-31": "", "2018-12-31": -2660, "2018-09-30": 0, "2018-06-30": 0, "2018-03-31": "", "2017-12-31": 195, "2017-09-30": 0, "2017-06-30": 0, "2017-03-31": "", "2016-12-31": 0, "2016-09-30": 0, "2016-06-30": 0, "2015-12-31": 0}, "Total Non-Cash Items": {"2020-09-30": 0, "2020-06-30": 0, "2020-03-31": "", "2019-12-31": -295, "2019-09-30": 0, "2019-06-30": 0, "2019-03-31": "", "2018-12-31": -2924, "2018-09-30": 0, "2018-06-30": 0, "2018-03-31": "", "2017-12-31": -81, "2017-09-30": 0, "2017-06-30": 0, "2017-03-31": "", "2016-12-31": -57, "2016-09-30": 0, "2016-06-30": 214, "2015-12-31": -214}, "Change In Accounts Receivable": {"2020-09-30": 0, "2020-06-30": 0, "2020-03-31": "", "2019-12-31": -629, "2019-09-30": 0, "2019-06-30": 0, "2019-03-31": "", "2018-12-31": -207, "2018-09-30": 0, "2018-06-30": 0, "2018-03-31": "", "2017-12-31": 197, "2017-09-30": 0, "2017-06-30": 0, "2017-03-31": "", "2016-12-31": 0, "2016-09-30": 0, "2016-06-30": 0, "2015-12-31": 0}, "Change In Inventories": {"2020-09-30": 0, "2020-06-30": 0, "2020-03-31": "", "2019-12-31": 0, "2019-09-30": 0, "2019-06-30": 0, "2019-03-31": "", "2018-12-31": 0, "2018-09-30": 0, "2018-06-30": 0, "2018-03-31": "", "2017-12-31": 0, "2017-09-30": 0, "2017-06-30": 0, "2017-03-31": "", "2016-12-31": 0, "2016-09-30": 0, "2016-06-30": 0, "2015-12-31": 0}, "Change In Accounts Payable": {"2020-09-30": 0, "2020-06-30": 0, "2020-03-31": "", "2019-12-31": 84, "2019-09-30": 0, "2019-06-30": 0, "2019-03-31": "", "2018-12-31": -171, "2018-09-30": 0, "2018-06-30": 0, "2018-03-31": "", "2017-12-31": -80, "2017-09-30": 0, "2017-06-30": 0, "2017-03-31": "", "2016-12-31": 0, "2016-09-30": 0, "2016-06-30": 0, "2015-12-31": 0}, "Change In Assets/Liabilities": {"2020-09-30": 0, "2020-06-30": 0, "2020-03-31": "", "2019-12-31": 3644, "2019-09-30": 0, "2019-06-30": 0, "2019-03-31": "", "2018-12-31": 4298, "2018-09-30": 0, "2018-06-30": 0, "2018-03-31": "", "2017-12-31": 3726, "2017-09-30": 0, "2017-06-30": 0, "2017-03-31": "", "2016-12-31": 0, "2016-09-30": 0, "2016-06-30": 0, "2015-12-31": 0}, "Total Change In Assets/Liabilities": {"2020-09-30": 0, "2020-06-30": 0, "2020-03-31": "", "2019-12-31": 2783, "2019-09-30": 0, "2019-06-30": 0, "2019-03-31": "", "2018-12-31": 5002, "2018-09-30": 0, "2018-06-30": 0, "2018-03-31": "", "2017-12-31": 3726, "2017-09-30": 0, "2017-06-30": 0, "2017-03-31": "", "2016-12-31": 2053, "2016-09-30": 0, "2016-06-30": -5116, "2015-12-31": 5116}, "Cash Flow From Operating Activities": {"2020-09-30": 48, "2020-06-30": 371, "2020-03-31": "96.00000", "2019-12-31": 506, "2019-09-30": 513, "2019-06-30": 433, "2019-03-31": "376.00000", "2018-12-31": 1566, "2018-09-30": 479, "2018-06-30": 726, "2018-03-31": "291.00000", "2017-12-31": 1366, "2017-09-30": 705, "2017-06-30": 965, "2017-03-31": "360.00000", "2016-12-31": 1131, "2016-09-30": 471, "2016-06-30": -2497, "2015-12-31": 4631}, "Net Change In Property, Plant, And Equipment": {"2020-09-30": 0, "2020-06-30": 0, "2020-03-31": "", "2019-12-31": 0, "2019-09-30": 0, "2019-06-30": 0, "2019-03-31": "", "2018-12-31": 0, "2018-09-30": 0, "2018-06-30": 0, "2018-03-31": "", "2017-12-31": 0, "2017-09-30": 0, "2017-06-30": 0, "2017-03-31": "", "2016-12-31": 0, "2016-09-30": 0, "2016-06-30": 0, "2015-12-31": 0}, "Net Change In Intangible Assets": {"2020-09-30": 0, "2020-06-30": 0, "2020-03-31": "", "2019-12-31": 0, "2019-09-30": 0, "2019-06-30": 0, "2019-03-31": "", "2018-12-31": 0, "2018-09-30": 0, "2018-06-30": 0, "2018-03-31": "", "2017-12-31": 0, "2017-09-30": 0, "2017-06-30": 0, "2017-03-31": "", "2016-12-31": 0, "2016-09-30": 0, "2016-06-30": 0, "2015-12-31": 0}, "Net Acquisitions/Divestitures": {"2020-09-30": 0, "2020-06-30": 0, "2020-03-31": "", "2019-12-31": 0, "2019-09-30": 0, "2019-06-30": 0, "2019-03-31": "", "2018-12-31": 0, "2018-09-30": 0, "2018-06-30": 0, "2018-03-31": "", "2017-12-31": 0, "2017-09-30": 0, "2017-06-30": 0, "2017-03-31": "", "2016-12-31": 0, "2016-09-30": 0, "2016-06-30": 0, "2015-12-31": 0}, "Net Change In Short-term Investments": {"2020-09-30": 296, "2020-06-30": -178, "2020-03-31": "-2387.00000", "2019-12-31": 35, "2019-09-30": -1188, "2019-06-30": 10, "2019-03-31": "-799.00000", "2018-12-31": 116, "2018-09-30": 61, "2018-06-30": 116, "2018-03-31": "19.00000", "2017-12-31": 850, "2017-09-30": 137, "2017-06-30": -228, "2017-03-31": "271.00000", "2016-12-31": 1740, "2016-09-30": -932, "2016-06-30": -808, "2015-12-31": 0}, "Net Change In Long-Term Investments": {"2020-09-30": -1438, "2020-06-30": -1686, "2020-03-31": "-760.00000", "2019-12-31": -1661, "2019-09-30": -1662, "2019-06-30": -1074, "2019-03-31": "-570.00000", "2018-12-31": -1160, "2018-09-30": -1269, "2018-06-30": -1119, "2018-03-31": "-249.00000", "2017-12-31": -1769, "2017-09-30": 255, "2017-06-30": -1671, "2017-03-31": "223.00000", "2016-12-31": 2321, "2016-09-30": 1225, "2016-06-30": -3546, "2015-12-31": 0}, "Net Change In Investments - Total": {"2020-09-30": -1142, "2020-06-30": -1864, "2020-03-31": "-3147.00000", "2019-12-31": -1626, "2019-09-30": -2850, "2019-06-30": -1064, "2019-03-31": "-1369.00000", "2018-12-31": -1044, "2018-09-30": -1208, "2018-06-30": -1003, "2018-03-31": "-230.00000", "2017-12-31": -919, "2017-09-30": 392, "2017-06-30": -1899, "2017-03-31": "494.00000", "2016-12-31": 10622, "2016-09-30": 293, "2016-06-30": 1969, "2015-12-31": -6323}, "Investing Activities - Other": {"2020-09-30": -917, "2020-06-30": 1223, "2020-03-31": "1663.00000", "2019-12-31": -16, "2019-09-30": 83, "2019-06-30": -596, "2019-03-31": "97.00000", "2018-12-31": -25, "2018-09-30": -238, "2018-06-30": -117, "2018-03-31": "-673.00000", "2017-12-31": -442, "2017-09-30": -585, "2017-06-30": -440, "2017-03-31": "-516.00000", "2016-12-31": -874, "2016-09-30": -854, "2016-06-30": 560, "2015-12-31": -719}, "Cash Flow From Investing Activities": {"2020-09-30": -2059, "2020-06-30": -641, "2020-03-31": "-1484.00000", "2019-12-31": -1642, "2019-09-30": -2767, "2019-06-30": -1660, "2019-03-31": "-1272.00000", "2018-12-31": -1069, "2018-09-30": -1446, "2018-06-30": -1120, "2018-03-31": "-903.00000", "2017-12-31": -1361, "2017-09-30": -193, "2017-06-30": -2339, "2017-03-31": "-22.00000", "2016-12-31": 9748, "2016-09-30": -561, "2016-06-30": 2529, "2015-12-31": -7042}, "Net Long-Term Debt": {"2020-09-30": 1022, "2020-06-30": -1313, "2020-03-31": "8093.00000", "2019-12-31": 254, "2019-09-30": 2575, "2019-06-30": 1446, "2019-03-31": "280.00000", "2018-12-31": 1495, "2018-09-30": 1204, "2018-06-30": 725, "2018-03-31": "816.00000", "2017-12-31": 288, "2017-09-30": -1377, "2017-06-30": 589, "2017-03-31": "18.00000", "2016-12-31": -2284, "2016-09-30": 453, "2016-06-30": 1831, "2015-12-31": 0}, "Net Current Debt": {"2020-09-30": 0, "2020-06-30": 0, "2020-03-31": "", "2019-12-31": 0, "2019-09-30": 0, "2019-06-30": 0, "2019-03-31": "", "2018-12-31": 0, "2018-09-30": 0, "2018-06-30": 0, "2018-03-31": "", "2017-12-31": 0, "2017-09-30": 0, "2017-06-30": 0, "2017-03-31": "", "2016-12-31": 0, "2016-09-30": 0, "2016-06-30": 0, "2015-12-31": 0}, "Debt Issuance/Retirement Net - Total": {"2020-09-30": 1022, "2020-06-30": -1313, "2020-03-31": "8093.00000", "2019-12-31": 254, "2019-09-30": 2575, "2019-06-30": 1446, "2019-03-31": "280.00000", "2018-12-31": 1495, "2018-09-30": 1204, "2018-06-30": 725, "2018-03-31": "816.00000", "2017-12-31": 288, "2017-09-30": -1377, "2017-06-30": 589, "2017-03-31": "18.00000", "2016-12-31": -7224, "2016-09-30": 453, "2016-06-30": -1010, "2015-12-31": 2841}, "Net Common Equity Issued/Repurchased": {"2020-09-30": -54, "2020-06-30": -180, "2020-03-31": "-142.00000", "2019-12-31": -128, "2019-09-30": -126, "2019-06-30": -136, "2019-03-31": "-52.00000", "2018-12-31": -63, "2018-09-30": -42, "2018-06-30": 0, "2018-03-31": "", "2017-12-31": 0, "2017-09-30": 0, "2017-06-30": 269, "2017-03-31": "24.00000", "2016-12-31": 58, "2016-09-30": -1718, "2016-06-30": 1660, "2015-12-31": 0}, "Net Total Equity Issued/Repurchased": {"2020-09-30": -54, "2020-06-30": 210, "2020-03-31": "-142.00000", "2019-12-31": -128, "2019-09-30": -126, "2019-06-30": -136, "2019-03-31": "360.00000", "2018-12-31": -63, "2018-09-30": -42, "2018-06-30": 0, "2018-03-31": "", "2017-12-31": 0, "2017-09-30": 0, "2017-06-30": 269, "2017-03-31": "24.00000", "2016-12-31": 1891, "2016-09-30": -1718, "2016-06-30": 1254, "2015-12-31": 406}, "Total Common And Preferred Stock Dividends Paid": {"2020-09-30": -17, "2020-06-30": -7, "2020-03-31": "-7.00000", "2019-12-31": -7, "2019-09-30": -7, "2019-06-30": -7, "2019-03-31": "", "2018-12-31": 0, "2018-09-30": 0, "2018-06-30": 0, "2018-03-31": "", "2017-12-31": 0, "2017-09-30": 0, "2017-06-30": -648, "2017-03-31": "-20.00000", "2016-12-31": -2360, "2016-09-30": 1763, "2016-06-30": 734, "2015-12-31": -771}, "Financial Activities - Other": {"2020-09-30": -76, "2020-06-30": -225, "2020-03-31": "-503.00000", "2019-12-31": -395, "2019-09-30": 120, "2019-06-30": 41, "2019-03-31": "-25.00000", "2018-12-31": 72, "2018-09-30": -186, "2018-06-30": -84, "2018-03-31": "-173.00000", "2017-12-31": -134, "2017-09-30": -1880, "2017-06-30": -205, "2017-03-31": "224.00000", "2016-12-31": -783, "2016-09-30": -104, "2016-06-30": -28, "2015-12-31": -96}, "Cash Flow From Financial Activities": {"2020-09-30": 875, "2020-06-30": -1335, "2020-03-31": "7441.00000", "2019-12-31": -276, "2019-09-30": 2562, "2019-06-30": 1344, "2019-03-31": "615.00000", "2018-12-31": 1504, "2018-09-30": 976, "2018-06-30": 641, "2018-03-31": "643.00000", "2017-12-31": 154, "2017-09-30": -3257, "2017-06-30": 5, "2017-03-31": "246.00000", "2016-12-31": -8476, "2016-09-30": 394, "2016-06-30": 950, "2015-12-31": 2380}, "Net Cash Flow": {"2020-09-30": -1136, "2020-06-30": -1605, "2020-03-31": "6053.00000", "2019-12-31": -1412, "2019-09-30": 308, "2019-06-30": 117, "2019-03-31": "-281.00000", "2018-12-31": 2001, "2018-09-30": 9, "2018-06-30": 247, "2018-03-31": "31.00000", "2017-12-31": 159, "2017-09-30": -2745, "2017-06-30": -1369, "2017-03-31": "584.00000", "2016-12-31": 2403, "2016-09-30": 304, "2016-06-30": 984, "2015-12-31": -33}, "Stock-Based Compensation": {"2020-09-30": 0, "2020-06-30": 0, "2020-03-31": "", "2019-12-31": 0, "2019-09-30": 0, "2019-06-30": 0, "2019-03-31": "", "2018-12-31": 0, "2018-09-30": 0, "2018-06-30": 0, "2018-03-31": "", "2017-12-31": 0, "2017-09-30": 0, "2017-06-30": 0, "2017-03-31": "", "2016-12-31": 0, "2016-09-30": 0, "2016-06-30": 0, "2015-12-31": 0}, "Common Stock Dividends Paid": {"2020-09-30": 0, "2020-06-30": 0, "2020-03-31": "", "2019-12-31": 0, "2019-09-30": 0, "2019-06-30": 0, "2019-03-31": "", "2018-12-31": 0, "2018-09-30": 0, "2018-06-30": 0, "2018-03-31": "", "2017-12-31": 0, "2017-09-30": 0, "2017-06-30": -648, "2017-03-31": "-20.00000", "2016-12-31": -1726, "2016-09-30": 1763, "2016-06-30": -37, "2015-12-31": 0}}, "financial ratios": {"Current Ratio": {"2019-12-31": "", "2018-12-31": "", "2017-12-31": "", "2016-12-31": "", "2015-12-31": ""}, "Long-term Debt / Capital": {"2019-12-31": "0.21190", "2018-12-31": "0.21480", "2017-12-31": "0.19850", "2016-12-31": "0.11390", "2015-12-31": ""}, "Debt/Equity Ratio": {"2019-12-31": "0.26880", "2018-12-31": "0.27360", "2017-12-31": "0.24770", "2016-12-31": "0.12850", "2015-12-31": ""}, "Gross Margin": {"2019-12-31": "", "2018-12-31": "", "2017-12-31": "", "2016-12-31": "", "2015-12-31": ""}, "Operating Margin": {"2019-12-31": "-16.05130", "2018-12-31": "11.03180", "2017-12-31": "-8.98860", "2016-12-31": "-155.89790", "2015-12-31": "16.44360"}, "EBIT Margin": {"2019-12-31": "-16.05130", "2018-12-31": "11.03180", "2017-12-31": "-8.98860", "2016-12-31": "-155.89790", "2015-12-31": "16.44360"}, "EBITDA Margin": {"2019-12-31": "-20.36920", "2018-12-31": "8.08700", "2017-12-31": "-13.02250", "2016-12-31": "-157.78660", "2015-12-31": "14.03670"}, "Pre-Tax Profit Margin": {"2019-12-31": "-16.05130", "2018-12-31": "11.03180", "2017-12-31": "-8.98860", "2016-12-31": "-155.89790", "2015-12-31": "16.44360"}, "Net Profit Margin": {"2019-12-31": "-11.61120", "2018-12-31": "9.64860", "2017-12-31": "-5.52470", "2016-12-31": "-97.38240", "2015-12-31": "12.58580"}, "Asset Turnover": {"2019-12-31": "0.02880", "2018-12-31": "0.04350", "2017-12-31": "0.03050", "2016-12-31": "0.01360", "2015-12-31": ""}, "Inventory Turnover Ratio": {"2019-12-31": "", "2018-12-31": "", "2017-12-31": "", "2016-12-31": "", "2015-12-31": ""}, "Receiveable Turnover": {"2019-12-31": "", "2018-12-31": "", "2017-12-31": "", "2016-12-31": "", "2015-12-31": ""}, "Days Sales In Receivables": {"2019-12-31": "", "2018-12-31": "", "2017-12-31": "", "2016-12-31": "", "2015-12-31": ""}, "ROE - Return On Equity": {"2019-12-31": "-4.52670", "2018-12-31": "6.00700", "2017-12-31": "-2.59260", "2016-12-31": "-19.77530", "2015-12-31": ""}, "Return On Tangible Equity": {"2019-12-31": "-4.52670", "2018-12-31": "6.00700", "2017-12-31": "-2.59260", "2016-12-31": "-19.77530", "2015-12-31": ""}, "ROA - Return On Assets": {"2019-12-31": "-0.32340", "2018-12-31": "0.42170", "2017-12-31": "-0.16860", "2016-12-31": "-1.32430", "2015-12-31": ""}, "ROI - Return On Investment": {"2019-12-31": "-3.56760", "2018-12-31": "4.71650", "2017-12-31": "-2.07780", "2016-12-31": "-17.52330", "2015-12-31": ""}, "Book Value Per Share": {"2019-12-31": "153.14020", "2018-12-31": "123.22600", "2017-12-31": "121.73030", "2016-12-31": "148620.00000", "2015-12-31": ""}, "Operating Cash Flow Per Share": {"2019-12-31": -9.3058, "2018-12-31": -2.8002, "2017-12-31": -2.8387, "2016-12-31": -7.4725, "2015-12-31": 38.6648}, "Free Cash Flow Per Share": {"2019-12-31": -9.3058, "2018-12-31": -2.8002, "2017-12-31": -2.8387, "2016-12-31": -7.4725, "2015-12-31": 38.6648}}, "financial ratios, quarterly": {"Current Ratio": {"2020-09-30": "", "2020-06-30": "", "2020-03-31": "", "2019-12-31": "", "2019-09-30": "", "2019-06-30": "", "2019-03-31": "", "2018-12-31": "", "2018-09-30": "", "2018-06-30": "", "2018-03-31": "", "2017-12-31": "", "2017-09-30": "", "2017-06-30": "", "2017-03-31": "", "2016-12-31": "", "2016-09-30": "", "2016-06-30": "", "2015-12-31": ""}, "Long-term Debt / Capital": {"2020-09-30": "0.17840", "2020-06-30": "0.15950", "2020-03-31": "0.17600", "2019-12-31": "0.21190", "2019-09-30": "0.19730", "2019-06-30": "0.21080", "2019-03-31": "0.22460", "2018-12-31": "0.21480", "2018-09-30": "0.23450", "2018-06-30": "0.21080", "2018-03-31": "0.20880", "2017-12-31": "0.19850", "2017-09-30": "0.20720", "2017-06-30": "0.15480", "2017-03-31": "", "2016-12-31": "", "2016-09-30": "", "2016-06-30": "", "2015-12-31": ""}, "Debt/Equity Ratio": {"2020-09-30": "0.21710", "2020-06-30": "0.18970", "2020-03-31": "0.21360", "2019-12-31": "0.26880", "2019-09-30": "0.24580", "2019-06-30": "0.26710", "2019-03-31": "0.28970", "2018-12-31": "0.27360", "2018-09-30": "0.30630", "2018-06-30": "0.26720", "2018-03-31": "0.26400", "2017-12-31": "0.24770", "2017-09-30": "0.26140", "2017-06-30": "0.18320", "2017-03-31": "", "2016-12-31": "", "2016-09-30": "", "2016-06-30": "", "2015-12-31": ""}, "Gross Margin": {"2020-09-30": "", "2020-06-30": "", "2020-03-31": "", "2019-12-31": "", "2019-09-30": "", "2019-06-30": "", "2019-03-31": "", "2018-12-31": "", "2018-09-30": "", "2018-06-30": "", "2018-03-31": "", "2017-12-31": "", "2017-09-30": "", "2017-06-30": "", "2017-03-31": "", "2016-12-31": "", "2016-09-30": "", "2016-06-30": "", "2015-12-31": ""}, "Operating Margin": {"2020-09-30": "-1243.68900", "2020-06-30": "273.53580", "2020-03-31": "69.58260", "2019-12-31": "-448.36600", "2019-09-30": "25.22750", "2019-06-30": "19.78900", "2019-03-31": "-137.91610", "2018-12-31": "44.38650", "2018-09-30": "-25.87900", "2018-06-30": "-18.62520", "2018-03-31": "-6.22590", "2017-12-31": "-11.80850", "2017-09-30": "-6.28800", "2017-06-30": "15.85190", "2017-03-31": "-61.13990", "2016-12-31": "", "2016-09-30": "-14.26950", "2016-06-30": "383.56160", "2015-12-31": ""}, "EBIT Margin": {"2020-09-30": "-1243.68900", "2020-06-30": "273.53580", "2020-03-31": "69.58260", "2019-12-31": "-448.36600", "2019-09-30": "25.22750", "2019-06-30": "19.78900", "2019-03-31": "-137.91610", "2018-12-31": "44.38650", "2018-09-30": "-25.87900", "2018-06-30": "-18.62520", "2018-03-31": "-6.22590", "2017-12-31": "-11.80850", "2017-09-30": "-6.28800", "2017-06-30": "15.85190", "2017-03-31": "-61.13990", "2016-12-31": "", "2016-09-30": "-14.26950", "2016-06-30": "383.56160", "2015-12-31": ""}, "EBITDA Margin": {"2020-09-30": "", "2020-06-30": "", "2020-03-31": "", "2019-12-31": "", "2019-09-30": "", "2019-06-30": "", "2019-03-31": "", "2018-12-31": "", "2018-09-30": "", "2018-06-30": "", "2018-03-31": "", "2017-12-31": "", "2017-09-30": "", "2017-06-30": "", "2017-03-31": "", "2016-12-31": "", "2016-09-30": "", "2016-06-30": "", "2015-12-31": ""}, "Pre-Tax Profit Margin": {"2020-09-30": "-1243.68900", "2020-06-30": "273.53580", "2020-03-31": "69.58260", "2019-12-31": "-448.36600", "2019-09-30": "25.22750", "2019-06-30": "19.78900", "2019-03-31": "-137.91610", "2018-12-31": "44.38650", "2018-09-30": "-25.87900", "2018-06-30": "-18.62520", "2018-03-31": "-6.22590", "2017-12-31": "-11.80850", "2017-09-30": "-6.28800", "2017-06-30": "15.85190", "2017-03-31": "-61.13990", "2016-12-31": "", "2016-09-30": "-14.26950", "2016-06-30": "383.56160", "2015-12-31": ""}, "Net Profit Margin": {"2020-09-30": "-974.75730", "2020-06-30": "216.70280", "2020-03-31": "55.09180", "2019-12-31": "-351.96080", "2019-09-30": "21.21120", "2019-06-30": "15.90720", "2019-03-31": "-106.65700", "2018-12-31": "35.81720", "2018-09-30": "-19.05770", "2018-06-30": "-14.04230", "2018-03-31": "-3.69150", "2017-12-31": "35.53190", "2017-09-30": "-47.81950", "2017-06-30": "12.14820", "2017-03-31": "-36.16580", "2016-12-31": "", "2016-09-30": "-8.94680", "2016-06-30": "243.66440", "2015-12-31": ""}, "Asset Turnover": {"2020-09-30": "0.00130", "2020-06-30": "-0.00390", "2020-03-31": "0.04010", "2019-12-31": "0.00130", "2019-09-30": "0.01410", "2019-06-30": "0.01070", "2019-03-31": "0.00320", "2018-12-31": "0.01950", "2018-09-30": "0.00660", "2018-06-30": "0.00790", "2018-03-31": "0.00830", "2017-12-31": "0.00840", "2017-09-30": "0.00880", "2017-06-30": "0.00900", "2017-03-31": "", "2016-12-31": "", "2016-09-30": "", "2016-06-30": "", "2015-12-31": ""}, "Inventory Turnover Ratio": {"2020-09-30": "", "2020-06-30": "", "2020-03-31": "", "2019-12-31": "", "2019-09-30": "", "2019-06-30": "", "2019-03-31": "", "2018-12-31": "", "2018-09-30": "", "2018-06-30": "", "2018-03-31": "", "2017-12-31": "", "2017-09-30": "", "2017-06-30": "", "2017-03-31": "", "2016-12-31": "", "2016-09-30": "", "2016-06-30": "", "2015-12-31": ""}, "Receiveable Turnover": {"2020-09-30": "", "2020-06-30": "", "2020-03-31": "", "2019-12-31": "", "2019-09-30": "", "2019-06-30": "", "2019-03-31": "", "2018-12-31": "", "2018-09-30": "", "2018-06-30": "", "2018-03-31": "", "2017-12-31": "", "2017-09-30": "", "2017-06-30": "", "2017-03-31": "", "2016-12-31": "", "2016-09-30": "", "2016-06-30": "", "2015-12-31": ""}, "Days Sales In Receivables": {"2020-09-30": "", "2020-06-30": "", "2020-03-31": "", "2019-12-31": "", "2019-09-30": "", "2019-06-30": "", "2019-03-31": "", "2018-12-31": "", "2018-09-30": "", "2018-06-30": "", "2018-03-31": "", "2017-12-31": "", "2017-09-30": "", "2017-06-30": "", "2017-03-31": "", "2016-12-31": "", "2016-09-30": "", "2016-06-30": "", "2015-12-31": ""}, "ROE - Return On Equity": {"2020-09-30": "-16.32750", "2020-06-30": "-9.49270", "2020-03-31": "24.26240", "2019-12-31": "-6.58370", "2019-09-30": "3.85700", "2019-06-30": "2.34990", "2019-03-31": "-4.87920", "2018-12-31": "9.95650", "2018-09-30": "-2.07740", "2018-06-30": "-1.76300", "2018-03-31": "-0.47540", "2017-12-31": "4.58160", "2017-09-30": "-6.81800", "2017-06-30": "1.49410", "2017-03-31": "", "2016-12-31": "", "2016-09-30": "", "2016-06-30": "", "2015-12-31": ""}, "Return On Tangible Equity": {"2020-09-30": "-16.32750", "2020-06-30": "-9.49270", "2020-03-31": "24.26240", "2019-12-31": "-6.58370", "2019-09-30": "3.85700", "2019-06-30": "2.34990", "2019-03-31": "-4.87920", "2018-12-31": "9.95650", "2018-09-30": "-2.07740", "2018-06-30": "-1.76300", "2018-03-31": "-0.47540", "2017-12-31": "4.58160", "2017-09-30": "-6.81800", "2017-06-30": "1.49410", "2017-03-31": "", "2016-12-31": "", "2016-09-30": "", "2016-06-30": "", "2015-12-31": ""}, "ROA - Return On Assets": {"2020-09-30": "-1.24870", "2020-06-30": "-0.84590", "2020-03-31": "2.21430", "2019-12-31": "-0.47040", "2019-09-30": "0.30330", "2019-06-30": "0.17360", "2019-03-31": "-0.33960", "2018-12-31": "0.69900", "2018-09-30": "-0.12400", "2018-06-30": "-0.11010", "2018-03-31": "-0.02970", "2017-12-31": "0.29800", "2017-09-30": "-0.42230", "2017-06-30": "0.10970", "2017-03-31": "", "2016-12-31": "", "2016-09-30": "", "2016-06-30": "", "2015-12-31": ""}, "ROI - Return On Investment": {"2020-09-30": "-13.41550", "2020-06-30": "-7.97900", "2020-03-31": "19.99270", "2019-12-31": "-5.18880", "2019-09-30": "3.09600", "2019-06-30": "1.85450", "2019-03-31": "-3.78320", "2018-12-31": "7.81740", "2018-09-30": "-1.59030", "2018-06-30": "-1.39120", "2018-03-31": "-0.37610", "2017-12-31": "3.67190", "2017-09-30": "-5.40530", "2017-06-30": "1.26280", "2017-03-31": "", "2016-12-31": "", "2016-09-30": "", "2016-06-30": "", "2015-12-31": ""}, "Book Value Per Share": {"2020-09-30": "201.08820", "2020-06-30": "225.57540", "2020-03-31": "203.36910", "2019-12-31": "153.14020", "2019-09-30": "162.54210", "2019-06-30": "145.06640", "2019-03-31": "129.65750", "2018-12-31": "123.22600", "2018-09-30": "108.99740", "2018-06-30": "112.71320", "2018-03-31": "114.15760", "2017-12-31": "121.73030", "2017-09-30": "115.47680", "2017-06-30": "137.46840", "2017-03-31": "", "2016-12-31": "", "2016-09-30": "", "2016-06-30": "", "2015-12-31": ""}, "Operating Cash Flow Per Share": {"2020-09-30": 0.6245, "2020-06-30": 4.018, "2020-03-31": "0.91350", "2019-12-31": 4.394, "2019-09-30": 4.8515, "2019-06-30": 3.7831, "2019-03-31": "3.21900", "2018-12-31": 13.051, "2018-09-30": 4.0113, "2018-06-30": 6.0615, "2018-03-31": "2.42960", "2017-12-31": 11.4049, "2017-09-30": 5.8861, "2017-06-30": 8.0569, "2017-03-31": "3.00570", "2016-12-31": -21.7495, "2016-09-30": 3.9325, "2016-06-30": 17.817, "2015-12-31": 0}, "Free Cash Flow Per Share": {"2020-09-30": 0.6245, "2020-06-30": 4.018, "2020-03-31": "0.91350", "2019-12-31": 4.394, "2019-09-30": 4.8515, "2019-06-30": 3.7831, "2019-03-31": "3.21900", "2018-12-31": 13.051, "2018-09-30": 4.0113, "2018-06-30": 6.0615, "2018-03-31": "2.42960", "2017-12-31": 11.4049, "2017-09-30": 5.8861, "2017-06-30": 8.0569, "2017-03-31": "3.00570", "2016-12-31": -21.7495, "2016-09-30": 3.9325, "2016-06-30": 17.817, "2015-12-31": 0}}, "revenue": {"Brighthouse Financial Annual Revenue (Millions of US $)": {"2019": "$6,554", "2018": "$8,965", "2017": "$6,842", "2016": "$3,018", "2015": "$8,891"}, "Brighthouse Financial Quarterly Revenue (Millions of US $)": {"2020-09-30": "$309", "2020-06-30": "$-922", "2020-03-31": "$8,985", "2019-12-31": "$306", "2019-09-30": "$3,187", "2019-06-30": "$2,370", "2019-03-31": "$691", "2018-12-31": "$4,026", "2018-09-30": "$1,422", "2018-06-30": "$1,702", "2018-03-31": "$1,815", "2017-12-31": "$1,880", "2017-09-30": "$1,972", "2017-06-30": "$2,025", "2017-03-31": "$965", "2016-12-31": "", "2016-09-30": "$1,766", "2016-06-30": "$-584", "2015-12-31": ""}}, "gross-profit": {"Brighthouse Financial Annual Gross Profit (Millions of US $)": {"2019": "$1,821", "2018": "$4,614", "2017": "$2,095", "2016": "$-2,050", "2015": "$4,363"}, "Brighthouse Financial Quarterly Gross Profit (Millions of US $)": {"2020-09-30": "$-3,019", "2020-06-30": "$-2,037", "2020-03-31": "$7,539", "2019-12-31": "$-696", "2019-09-30": "$1,596", "2019-06-30": "$1,260", "2019-03-31": "$-339", "2018-12-31": "$2,857", "2018-09-30": "$327", "2018-06-30": "$620", "2018-03-31": "$810", "2017-12-31": "$703", "2017-09-30": "$610", "2017-06-30": "$956", "2017-03-31": "$-174", "2016-12-31": "", "2016-09-30": "$418", "2016-06-30": "$-2,028", "2015-12-31": ""}}, "operating-income": {"Brighthouse Financial Annual Operating Income (Millions of US $)": {"2019": "$-1,052", "2018": "$989", "2017": "$-615", "2016": "$-4,705", "2015": "$1,462"}, "Brighthouse Financial Quarterly Operating Income (Millions of US $)": {"2020-09-30": "$-3,843", "2020-06-30": "$-2,522", "2020-03-31": "$6,252", "2019-12-31": "$-1,372", "2019-09-30": "$804", "2019-06-30": "$469", "2019-03-31": "$-953", "2018-12-31": "$1,787", "2018-09-30": "$-368", "2018-06-30": "$-317", "2018-03-31": "$-113", "2017-12-31": "$-222", "2017-09-30": "$-124", "2017-06-30": "$321", "2017-03-31": "$-590", "2016-12-31": "", "2016-09-30": "$-252", "2016-06-30": "$-2,240", "2015-12-31": ""}}, "ebitda": {"Brighthouse Financial Annual EBITDA (Millions of US $)": {"2019": "$-1,335", "2018": "$725", "2017": "$-891", "2016": "$-4,762", "2015": "$1,248"}, "Brighthouse Financial Quarterly EBITDA (Millions of US $)": {"2020-09-30": "$-3,843", "2020-06-30": "$-2,522", "2020-03-31": "$6,252", "2019-12-31": "$-1,372", "2019-09-30": "$804", "2019-06-30": "$469", "2019-03-31": "$-953", "2018-12-31": "$1,787", "2018-09-30": "$-368", "2018-06-30": "$-317", "2018-03-31": "$-113", "2017-12-31": "$-222", "2017-09-30": "$-124", "2017-06-30": "$321", "2017-03-31": "$-590", "2016-12-31": "", "2016-09-30": "$-252", "2016-06-30": "$-2,240", "2015-12-31": ""}}, "net-income": {"Brighthouse Financial Annual Net Income (Millions of US $)": {"2019": "$-761", "2018": "$865", "2017": "$-378", "2016": "$-2,939", "2015": "$1,119"}, "Brighthouse Financial Quarterly Net Income (Millions of US $)": {"2020-09-30": "$-3,012", "2020-06-30": "$-1,998", "2020-03-31": "$4,950", "2019-12-31": "$-1,077", "2019-09-30": "$676", "2019-06-30": "$377", "2019-03-31": "$-737", "2018-12-31": "$1,442", "2018-09-30": "$-271", "2018-06-30": "$-239", "2018-03-31": "$-67", "2017-12-31": "$668", "2017-09-30": "$-943", "2017-06-30": "$246", "2017-03-31": "$-349", "2016-12-31": "", "2016-09-30": "$-158", "2016-06-30": "$-1,423", "2015-12-31": ""}}, "eps-earnings-per-share-diluted": {"Brighthouse Financial Annual EPS": {"2019": "$-6.76", "2018": "$7.21", "2017": "$-3.16", "2016": "$-24.54", "2015": "$9.34"}, "Brighthouse Financial Quarterly EPS": {"2020-09-30": "$-32.49", "2020-06-30": "$-21.10", "2020-03-31": "$47.11", "2019-12-31": "$-9.78", "2019-09-30": "$6.06", "2019-06-30": "$3.27", "2019-03-31": "$-6.31", "2018-12-31": "$12.04", "2018-09-30": "$-2.26", "2018-06-30": "$-2.01", "2018-03-31": "$-0.56", "2017-12-31": "$5.57", "2017-09-30": "$-7.87", "2017-06-30": "$2.05", "2017-03-31": "$-2.91", "2016-12-31": "$0.00", "2016-09-30": "$-1.32", "2016-06-30": "$-11.88", "2015-12-31": "$0.00"}}, "shares-outstanding": {"Brighthouse Financial Annual Shares Outstanding (Millions of Shares)": {"2019": "113", "2018": "120", "2017": "120", "2016": "120", "2015": "120"}, "Brighthouse Financial Quarterly Shares Outstanding (Millions of Shares)": {"2020-09-30": "93", "2020-06-30": "95", "2020-03-31": "105", "2019-12-31": "113", "2019-09-30": "112", "2019-06-30": "116", "2019-03-31": "117", "2018-12-31": "120", "2018-09-30": "120", "2018-06-30": "120", "2018-03-31": "120", "2017-12-31": "120", "2017-09-30": "120", "2017-06-30": "120", "2017-03-31": "120", "2016-12-31": "", "2016-09-30": "120", "2016-06-30": "120", "2015-12-31": ""}}, "total-assets": {"Brighthouse Financial Annual Total Assets (Millions of US $)": {"2019": "$227,259", "2018": "$206,294", "2017": "$224,192", "2016": "$221,930", "2015": "$0"}, "Brighthouse Financial Quarterly Total Assets (Millions of US $)": {"2020-09-30": "$239,681", "2020-06-30": "$235,367", "2020-03-31": "$223,953", "2019-12-31": "$227,259", "2019-09-30": "$225,876", "2019-06-30": "$221,212", "2019-03-31": "$216,430", "2018-12-31": "$206,294", "2018-09-30": "$216,946", "2018-06-30": "$216,212", "2018-03-31": "$218,997", "2017-12-31": "$224,192", "2017-09-30": "$223,279", "2017-06-30": "$224,328", "2017-03-31": "$0", "2016-12-31": "$0", "2016-09-30": "$0", "2016-06-30": "$0", "2015-12-31": "$0"}}, "cash-on-hand": {"Brighthouse Financial Annual Cash on Hand (Millions of US $)": {"2019": "$2,877", "2018": "$4,145", "2017": "$1,857", "2016": "$5,228", "2015": "$"}, "Brighthouse Financial Quarterly Cash on Hand (Millions of US $)": {"2020-09-30": "$6,189", "2020-06-30": "$7,325", "2020-03-31": "$8,930", "2019-12-31": "$2,877", "2019-09-30": "$4,289", "2019-06-30": "$3,981", "2019-03-31": "$3,864", "2018-12-31": "$4,145", "2018-09-30": "$2,144", "2018-06-30": "$2,135", "2018-03-31": "$1,888", "2017-12-31": "$1,857", "2017-09-30": "$1,698", "2017-06-30": "$4,443", "2017-03-31": "", "2016-12-31": "", "2016-09-30": "", "2016-06-30": "", "2015-12-31": ""}}, "long-term-debt": {"Brighthouse Financial Annual Long Term Debt (Millions of US $)": {"2019": "$4,365", "2018": "$3,963", "2017": "$3,612", "2016": "$1,910", "2015": "$"}, "Brighthouse Financial Quarterly Long Term Debt (Millions of US $)": {"2020-09-30": "$3,979", "2020-06-30": "$3,979", "2020-03-31": "$4,365", "2019-12-31": "$4,365", "2019-09-30": "$4,365", "2019-06-30": "$4,365", "2019-03-31": "$4,364", "2018-12-31": "$3,963", "2018-09-30": "$3,966", "2018-06-30": "$3,607", "2018-03-31": "$3,609", "2017-12-31": "$3,612", "2017-09-30": "$3,615", "2017-06-30": "$3,016", "2017-03-31": "", "2016-12-31": "", "2016-09-30": "", "2016-06-30": "", "2015-12-31": ""}}, "total-liabilities": {"Brighthouse Financial Annual Total Liabilities (Millions of US $)": {"2019": "$211,022", "2018": "$191,811", "2017": "$209,612", "2016": "$207,068", "2015": "$0"}, "Brighthouse Financial Quarterly Total Liabilities (Millions of US $)": {"2020-09-30": "$221,350", "2020-06-30": "$214,393", "2020-03-31": "$203,514", "2019-12-31": "$211,022", "2019-09-30": "$208,116", "2019-06-30": "$204,871", "2019-03-31": "$201,366", "2018-12-31": "$191,811", "2018-09-30": "$203,997", "2018-06-30": "$202,712", "2018-03-31": "$205,324", "2017-12-31": "$209,612", "2017-09-30": "$209,448", "2017-06-30": "$207,863", "2017-03-31": "$0", "2016-12-31": "", "2016-09-30": "$0", "2016-06-30": "$0", "2015-12-31": "$0"}}, "total-share-holder-equity": {"Brighthouse Financial Annual Share Holder Equity (Millions of US $)": {"2019": "$16,237", "2018": "$14,483", "2017": "$14,580", "2016": "$14,862", "2015": "$0"}, "Brighthouse Financial Quarterly Share Holder Equity (Millions of US $)": {"2020-09-30": "$18,331", "2020-06-30": "$20,974", "2020-03-31": "$20,439", "2019-12-31": "$16,237", "2019-09-30": "$17,760", "2019-06-30": "$16,341", "2019-03-31": "$15,064", "2018-12-31": "$14,483", "2018-09-30": "$12,949", "2018-06-30": "$13,500", "2018-03-31": "$13,673", "2017-12-31": "$14,580", "2017-09-30": "$13,831", "2017-06-30": "$16,465", "2017-03-31": "$0", "2016-12-31": "", "2016-09-30": "$0", "2016-06-30": "$0", "2015-12-31": "$0"}}, "profit-margins": {"current": "0%"}, "gross margin": {"2020-09-30": "20.59%", "2020-06-30": "55.40%", "2020-03-31": "65.32%", "2019-12-31": "27.78%", "2019-09-30": "52.31%", "2019-06-30": "48.24%", "2019-03-31": "44.19%", "2018-12-31": "51.47%", "2018-09-30": "36.08%", "2018-06-30": "37.22%", "2018-03-31": "40.03%", "2017-12-31": "30.62%", "2017-06-30": "25.23%", "2017-03-31": "-83.09%"}, "operating margin": {"2020-09-30": "-17.11%", "2020-06-30": "27.36%", "2020-03-31": "41.44%", "2019-12-31": "-16.05%", "2019-09-30": "20.51%", "2019-06-30": "10.99%", "2019-03-31": "1.90%", "2018-12-31": "11.03%", "2018-09-30": "-14.96%", "2018-06-30": "-10.53%", "2018-03-31": "-1.79%", "2017-12-31": "-8.99%", "2017-06-30": "-10.95%", "2017-03-31": "-143.55%"}, "ebitda margin": {"2020-09-30": "-17.11%", "2020-06-30": "27.36%", "2020-03-31": "41.44%", "2019-12-31": "-16.05%", "2019-09-30": "20.51%", "2019-06-30": "10.99%", "2019-03-31": "1.90%", "2018-12-31": "11.03%", "2018-09-30": "-14.96%", "2018-06-30": "-10.53%", "2018-03-31": "-1.79%", "2017-12-31": "-8.99%", "2017-06-30": "-10.95%", "2017-03-31": "-143.55%"}, "pre tax profit margin": {"2020-09-30": "-17.11%", "2020-06-30": "27.36%", "2020-03-31": "41.44%", "2019-12-31": "-16.05%", "2019-09-30": "20.51%", "2019-06-30": "10.99%", "2019-03-31": "1.90%", "2018-12-31": "11.03%", "2018-09-30": "-14.96%", "2018-06-30": "-10.53%", "2018-03-31": "-1.79%", "2017-12-31": "-8.99%", "2017-06-30": "-10.95%", "2017-03-31": "-143.55%"}, "net profit margin": {"2020-09-30": "-13.10%", "2020-06-30": "22.08%", "2020-03-31": "33.18%", "2019-12-31": "-11.61%", "2019-09-30": "17.11%", "2019-06-30": "9.53%", "2019-03-31": "2.49%", "2018-12-31": "9.65%", "2018-09-30": "1.33%", "2018-06-30": "-7.88%", "2018-03-31": "-1.25%", "2017-12-31": "-5.52%", "2017-06-30": "-5.49%", "2017-03-31": "-89.89%"}, "pe ratio": {"current": "4.14", "2021-02-05": "0.00", "2020-09-30": "0.00", "2020-06-30": "1.26", "2020-03-31": "0.52", "2019-12-31": "0.00", "2019-09-30": "2.67", "2019-06-30": "5.36", "2019-03-31": "23.26", "2018-12-31": "4.17", "2018-09-30": "58.99", "2018-06-30": "0.00"}, "price sales": {"2021-02-05": "0.49", "2020-09-30": "0.33", "2020-06-30": "0.26", "2020-03-31": "0.18", "2019-12-31": "0.68", "2019-09-30": "0.46", "2019-06-30": "0.51", "2019-03-31": "0.55", "2018-12-31": "0.41", "2018-09-30": "0.78", "2018-06-30": "0.65"}, "price book": {"current": "0.20", "2021-02-05": "0.20", "2020-09-30": "0.13", "2020-06-30": "0.12", "2020-03-31": "0.12", "2019-12-31": "0.26", "2019-09-30": "0.25", "2019-06-30": "0.25", "2019-03-31": "0.28", "2018-12-31": "0.25", "2018-09-30": "0.41", "2018-06-30": "0.36", "2018-03-31": "0.45", "2017-12-31": "0.48", "2017-09-30": "0.53"}, "price fcf": {"2021-02-05": "", "2020-09-30": "$9.95", "2020-06-30": "$14.18", "2020-03-31": "$13.94", "2019-12-31": "$16.25", "2019-09-30": "$24.90", "2019-06-30": "$24.06", "2019-03-31": "$26.34", "2018-12-31": "$25.55", "2018-09-30": "$23.91", "2018-06-30": "$36.84"}, "net worth": {"value": "$3.58B"}, "current ratio": {"2020-09-30": "0.50", "2020-06-30": "0.54", "2020-03-31": "0.59", "2019-12-31": "0.44", "2019-09-30": "0.47", "2019-06-30": "0.48", "2019-03-31": "0.48", "2018-12-31": "0.49", "2018-09-30": "0.44", "2018-06-30": "0.44", "2018-03-31": "0.43", "2017-12-31": "0.42", "2017-09-30": "0.42", "2017-06-30": "0.52", "2017-03-31": "0.00", "2016-12-31": "0.00", "2016-09-30": "0.00", "2016-06-30": "0.00", "2015-12-31": "0.00"}, "quick ratio": {"2020-09-30": "0.00", "2020-06-30": "0.00", "2020-03-31": "0.00", "2019-12-31": "0.00", "2019-09-30": "0.00", "2019-06-30": "0.00", "2019-03-31": "0.00", "2018-12-31": "0.00", "2018-09-30": "0.00", "2018-06-30": "0.00", "2018-03-31": "0.00", "2017-12-31": "0.00", "2017-09-30": "0.00", "2017-06-30": "0.00", "2017-03-31": "0.00", "2016-12-31": "0.00", "2016-09-30": "0.00", "2016-06-30": "0.00", "2015-12-31": "0.00"}, "debt equity ratio": {"current": "0.22", "2020-09-30": "12.08", "2020-06-30": "10.22", "2020-03-31": "9.96", "2019-12-31": "13.00", "2019-09-30": "11.72", "2019-06-30": "12.54", "2019-03-31": "13.37", "2018-12-31": "13.24", "2018-09-30": "15.75", "2018-06-30": "15.02", "2018-03-31": "15.02", "2017-12-31": "14.38", "2017-09-30": "15.14", "2017-06-30": "12.63", "2017-03-31": "0.00", "2016-12-31": "0.00", "2016-09-30": "0.00", "2016-06-30": "0.00", "2015-12-31": "0.00"}, "return on equity": {"2020-09-30": "-5.99%", "2020-06-30": "13.53%", "2020-03-31": "27.84%", "2019-12-31": "-4.65%", "2019-09-30": "11.05%", "2019-06-30": "5.51%", "2019-03-31": "1.39%", "2018-12-31": "6.34%", "2018-09-30": "0.67%", "2018-06-30": "-4.18%", "2018-03-31": "-0.66%", "2017-12-31": "-3.37%", "2017-06-30": "-6.34%", "2017-03-31": "inf%"}, "return on assets": {"2020-09-30": "-0.49%", "2020-06-30": "1.12%", "2020-03-31": "2.19%", "2019-12-31": "-0.34%", "2019-09-30": "0.81%", "2019-06-30": "0.38%", "2019-03-31": "0.09%", "2018-12-31": "0.40%", "2018-09-30": "0.04%", "2018-06-30": "-0.26%", "2018-03-31": "-0.04%", "2017-12-31": "-0.23%", "2017-06-30": "-0.47%", "2017-03-31": "inf%"}, "return on investments": {"2020-09-30": "-6.41%", "2020-06-30": "13.68%", "2020-03-31": "27.89%", "2019-12-31": "-5.08%", "2019-09-30": "10.44%", "2019-06-30": "4.95%", "2019-03-31": "0.83%", "2018-12-31": "5.67%", "2018-09-30": "-5.87%", "2018-06-30": "-4.43%", "2018-03-31": "-0.76%", "2017-12-31": "-4.46%", "2017-06-30": "-10.70%", "2017-03-31": "inf%"}, "return on tangible equity": {"2020-09-30": "-5.99%", "2020-06-30": "13.53%", "2020-03-31": "27.84%", "2019-12-31": "-4.65%", "2019-09-30": "11.05%", "2019-06-30": "5.51%", "2019-03-31": "1.39%", "2018-12-31": "6.34%", "2018-09-30": "0.67%", "2018-06-30": "-4.18%", "2018-03-31": "-0.66%", "2017-12-31": "-3.37%", "2017-06-30": "-6.34%", "2017-03-31": "inf%"}, "dividend yield history": {"last payout": "$0.00", "last yield": "0.00%"}}