{"ticker": "BFAM", "price": {"title": "Bright Horizons Family Solutions Historical Annual Stock Price Data", "value": 171.13, "historical": {"2020": {"Average Stock Price": "137.6819", "Year Open": "153.8600", "Year High": "174.8100", "Year Low": "69.9500", "Year Close": "172.9900", "Annual % Change": "15.10%"}, "2019": {"Average Stock Price": "140.2087", "Year Open": "110.2300", "Year High": "166.7500", "Year Low": "107.4900", "Year Close": "150.2900", "Annual % Change": "34.85%"}, "2018": {"Average Stock Price": "106.4384", "Year Open": "94.0300", "Year High": "123.7500", "Year Low": "91.7800", "Year Close": "111.4500", "Annual % Change": "18.56%"}, "2017": {"Average Stock Price": "78.6142", "Year Open": "69.1800", "Year High": "94.7100", "Year Low": "68.0100", "Year Close": "94.0000", "Annual % Change": "34.25%"}, "2016": {"Average Stock Price": "66.2181", "Year Open": "64.7600", "Year High": "72.3000", "Year Low": "60.5900", "Year Close": "70.0200", "Annual % Change": "4.82%"}, "2015": {"Average Stock Price": "57.7590", "Year Open": "45.3900", "Year High": "68.5800", "Year Low": "44.2200", "Year Close": "66.8000", "Annual % Change": "42.10%"}, "2014": {"Average Stock Price": "41.1721", "Year Open": "35.9400", "Year High": "47.1400", "Year Low": "35.9400", "Year Close": "47.0100", "Annual % Change": "27.95%"}, "2013": {"Average Stock Price": "34.2075", "Year Open": "28.3200", "Year High": "38.1500", "Year Low": "27.5000", "Year Close": "36.7400", "Annual % Change": "0.00%"}}}, "market cap": {"value": "$10.36B"}, "income statement": {"Revenue": {"2019-12-31": "2062.01700", "2018-12-31": "1903.18200", "2017-12-31": "1740.90500", "2016-12-31": "1569.84100", "2015-12-31": "1458.44500", "2014-12-31": "1352.99900", "2013-12-31": "1218.77600", "2012-12-31": "1070.93800", "2011-12-31": "973.70100", "2010-12-31": "878.15900"}, "Cost Of Goods Sold": {"2019-12-31": "1539.08100", "2018-12-31": "1429.92700", "2017-12-31": "1310.29500", "2016-12-31": "1178.99400", "2015-12-31": "1100.69000", "2014-12-31": "1039.39700", "2013-12-31": "937.84000", "2012-12-31": "825.16800", "2011-12-31": "766.50000", "2010-12-31": "698.26400"}, "Gross Profit": {"2019-12-31": "522.93600", "2018-12-31": "473.25500", "2017-12-31": "430.61000", "2016-12-31": "390.84690", "2015-12-31": "357.75500", "2014-12-31": "313.60210", "2013-12-31": "280.93600", "2012-12-31": "245.77000", "2011-12-31": "207.20100", "2010-12-31": "179.89500"}, "Research And Development Expenses": {"2019-12-31": "", "2018-12-31": "", "2017-12-31": "", "2016-12-31": "", "2015-12-31": "", "2014-12-31": "", "2013-12-31": "", "2012-12-31": "", "2011-12-31": "", "2010-12-31": ""}, "SG&A Expenses": {"2019-12-31": "221.49600", "2018-12-31": "201.59100", "2017-12-31": "188.93900", "2016-12-31": "163.96700", "2015-12-31": "148.16400", "2014-12-31": "137.68300", "2013-12-31": "141.82700", "2012-12-31": "123.37300", "2011-12-31": "92.93800", "2010-12-31": "83.60100"}, "Other Operating Income Or Expenses": {"2019-12-31": "", "2018-12-31": "", "2017-12-31": "-3.67100", "2016-12-31": "", "2015-12-31": "", "2014-12-31": "", "2013-12-31": "", "2012-12-31": "", "2011-12-31": "", "2010-12-31": ""}, "Operating Expenses": {"2019-12-31": "1794.19800", "2018-12-31": "1664.08700", "2017-12-31": "1535.46600", "2016-12-31": "1372.60300", "2015-12-31": "1276.84300", "2014-12-31": "1206.07900", "2013-12-31": "1109.74200", "2012-12-31": "975.47400", "2011-12-31": "886.86500", "2010-12-31": "809.49600"}, "Operating Income": {"2019-12-31": "267.81910", "2018-12-31": "239.09510", "2017-12-31": "205.43900", "2016-12-31": "197.23790", "2015-12-31": "181.60190", "2014-12-31": "146.92000", "2013-12-31": "109.03390", "2012-12-31": "95.46400", "2011-12-31": "86.83600", "2010-12-31": "68.66300"}, "Total Non-Operating Income/Expense": {"2019-12-31": "-45.15400", "2018-12-31": "-47.50800", "2017-12-31": "-44.03900", "2016-12-31": "-54.04100", "2015-12-31": "-41.44600", "2014-12-31": "-34.60600", "2013-12-31": "-104.22300", "2012-12-31": "-83.71200", "2011-12-31": "-81.24900", "2010-12-31": "-88.97100"}, "Pre-Tax Income": {"2019-12-31": "222.66500", "2018-12-31": "191.58700", "2017-12-31": "161.40000", "2016-12-31": "143.19700", "2015-12-31": "140.15600", "2014-12-31": "112.31400", "2013-12-31": "4.81100", "2012-12-31": "11.75200", "2011-12-31": "5.58700", "2010-12-31": "-20.30800"}, "Income Taxes": {"2019-12-31": "42.27900", "2018-12-31": "33.60600", "2017-12-31": "4.43700", "2016-12-31": "48.43700", "2015-12-31": "46.22900", "2014-12-31": "40.27900", "2013-12-31": "-7.53300", "2012-12-31": "3.24300", "2011-12-31": "0.82500", "2010-12-31": "-10.31400"}, "Income After Taxes": {"2019-12-31": "180.38600", "2018-12-31": "157.98100", "2017-12-31": "156.96300", "2016-12-31": "94.76000", "2015-12-31": "93.92700", "2014-12-31": "72.03500", "2013-12-31": "12.34400", "2012-12-31": "8.50900", "2011-12-31": "4.76200", "2010-12-31": "-9.99400"}, "Other Income": {"2019-12-31": "", "2018-12-31": "", "2017-12-31": "", "2016-12-31": "", "2015-12-31": "", "2014-12-31": "", "2013-12-31": "", "2012-12-31": "", "2011-12-31": "", "2010-12-31": ""}, "Income From Continuous Operations": {"2019-12-31": "180.38600", "2018-12-31": "157.98100", "2017-12-31": "156.96300", "2016-12-31": "94.76000", "2015-12-31": "93.92700", "2014-12-31": "72.03500", "2013-12-31": "12.34400", "2012-12-31": "8.50900", "2011-12-31": "4.76200", "2010-12-31": "-9.99400"}, "Income From Discontinued Operations": {"2019-12-31": "", "2018-12-31": "", "2017-12-31": "", "2016-12-31": "", "2015-12-31": "", "2014-12-31": "", "2013-12-31": "", "2012-12-31": "", "2011-12-31": "", "2010-12-31": ""}, "Net Income": {"2019-12-31": "180.38600", "2018-12-31": "157.98100", "2017-12-31": "156.96300", "2016-12-31": "93.91900", "2015-12-31": "93.28700", "2014-12-31": "71.75500", "2013-12-31": "12.62300", "2012-12-31": "-76.48500", "2011-12-31": "-68.08300", "2010-12-31": "-75.95700"}, "EBITDA": {"2019-12-31": "378.01710", "2018-12-31": "341.93910", "2017-12-31": "301.99100", "2016-12-31": "285.99590", "2015-12-31": "263.85090", "2014-12-31": "227.41900", "2013-12-31": "184.60490", "2012-12-31": "163.59500", "2011-12-31": "148.61700", "2010-12-31": "128.12600"}, "EBIT": {"2019-12-31": "267.81910", "2018-12-31": "239.09510", "2017-12-31": "205.43900", "2016-12-31": "197.23790", "2015-12-31": "181.60190", "2014-12-31": "146.92000", "2013-12-31": "109.03390", "2012-12-31": "95.46400", "2011-12-31": "86.83600", "2010-12-31": "68.66300"}, "Basic Shares Outstanding": {"2019-12-31": "57.83830", "2018-12-31": "57.81260", "2017-12-31": "58.87320", "2016-12-31": "59.22900", "2015-12-31": "60.83600", "2014-12-31": "65.61260", "2013-12-31": "62.65930", "2012-12-31": "6.05850", "2011-12-31": "6.01670", "2010-12-31": "6.00700"}, "Shares Outstanding": {"2019-12-31": "58.94720", "2018-12-31": "59.00070", "2017-12-31": "60.25370", "2016-12-31": "60.59500", "2015-12-31": "62.36100", "2014-12-31": "67.24420", "2013-12-31": "64.50900", "2012-12-31": "6.05850", "2011-12-31": "6.01670", "2010-12-31": "6.00700"}, "Basic EPS": {"2019-12-31": "3.10000", "2018-12-31": "2.72000", "2017-12-31": "2.65000", "2016-12-31": "1.59000", "2015-12-31": "1.53000", "2014-12-31": "1.09000", "2013-12-31": "0.20000", "2012-12-31": "-12.62000", "2011-12-31": "-11.32000", "2010-12-31": "-12.64000"}, "EPS - Earnings Per Share": {"2019-12-31": "3.05000", "2018-12-31": "2.66000", "2017-12-31": "2.59000", "2016-12-31": "1.55000", "2015-12-31": "1.50000", "2014-12-31": "1.07000", "2013-12-31": "0.20000", "2012-12-31": "-12.62000", "2011-12-31": "-11.32000", "2010-12-31": "-12.64000"}}, "income statement, quarterly": {"Revenue": {"2020-09-30": "337.92000", "2020-06-30": "293.77200", "2020-03-31": "506.32300", "2019-12-31": "520.61510", "2019-09-30": "511.58400", "2019-06-30": "528.06000", "2019-03-31": "501.75800", "2018-12-31": "478.24110", "2018-09-30": "471.58500", "2018-06-30": "489.69900", "2018-03-31": "463.65700", "2017-12-31": "439.87900", "2017-09-30": "433.31600", "2017-06-30": "445.54600", "2017-03-31": "422.16400", "2016-12-31": "398.53700", "2016-09-30": "383.92900", "2016-06-30": "402.05300", "2016-03-31": "385.32200", "2015-12-31": "371.59600", "2015-09-30": "365.94400", "2015-06-30": "370.46500", "2015-03-31": "350.44000", "2014-12-31": "337.76800", "2014-09-30": "334.97600", "2014-06-30": "348.10000", "2014-03-31": "332.15500", "2013-12-31": "319.17710", "2013-09-30": "308.66300", "2013-06-30": "310.81300", "2013-03-31": "280.12300", "2012-12-31": "273.42600", "2012-09-30": "267.92700", "2012-06-30": "271.46300", "2012-03-31": "258.12200", "2011-12-31": "", "2010-12-31": ""}, "Cost Of Goods Sold": {"2020-09-30": "282.74900", "2020-06-30": "228.53600", "2020-03-31": "397.46400", "2019-12-31": "389.46710", "2019-09-30": "386.36400", "2019-06-30": "388.43900", "2019-03-31": "374.81100", "2018-12-31": "357.60700", "2018-09-30": "358.54500", "2018-06-30": "363.66200", "2018-03-31": "350.11300", "2017-12-31": "331.73800", "2017-09-30": "330.12200", "2017-06-30": "331.20500", "2017-03-31": "317.23000", "2016-12-31": "299.32100", "2016-09-30": "292.45700", "2016-06-30": "297.67000", "2016-03-31": "289.54600", "2015-12-31": "281.69290", "2015-09-30": "280.56000", "2015-06-30": "274.60500", "2015-03-31": "263.83200", "2014-12-31": "257.29000", "2014-09-30": "262.11500", "2014-06-30": "264.98600", "2014-03-31": "255.00600", "2013-12-31": "247.96100", "2013-09-30": "240.15800", "2013-06-30": "235.38800", "2013-03-31": "214.33300", "2012-12-31": "210.32000", "2012-09-30": "207.83500", "2012-06-30": "206.91000", "2012-03-31": "200.10200", "2011-12-31": "", "2010-12-31": ""}, "Gross Profit": {"2020-09-30": "55.17100", "2020-06-30": "65.23600", "2020-03-31": "108.85900", "2019-12-31": "131.14800", "2019-09-30": "125.22000", "2019-06-30": "139.62100", "2019-03-31": "126.94700", "2018-12-31": "120.63410", "2018-09-30": "113.04000", "2018-06-30": "126.03700", "2018-03-31": "113.54400", "2017-12-31": "108.14100", "2017-09-30": "103.19400", "2017-06-30": "114.34100", "2017-03-31": "104.93400", "2016-12-31": "99.21610", "2016-09-30": "91.47200", "2016-06-30": "104.38300", "2016-03-31": "95.77600", "2015-12-31": "89.90310", "2015-09-30": "85.38400", "2015-06-30": "95.86000", "2015-03-31": "86.60800", "2014-12-31": "80.47790", "2014-09-30": "72.86100", "2014-06-30": "83.11400", "2014-03-31": "77.14900", "2013-12-31": "71.21610", "2013-09-30": "68.50500", "2013-06-30": "75.42500", "2013-03-31": "65.79000", "2012-12-31": "63.10600", "2012-09-30": "60.09200", "2012-06-30": "64.55300", "2012-03-31": "58.02000", "2011-12-31": "", "2010-12-31": ""}, "Research And Development Expenses": {"2020-09-30": "", "2020-06-30": "", "2020-03-31": "", "2019-12-31": "", "2019-09-30": "", "2019-06-30": "", "2019-03-31": "", "2018-12-31": "", "2018-09-30": "", "2018-06-30": "", "2018-03-31": "", "2017-12-31": "", "2017-09-30": "", "2017-06-30": "", "2017-03-31": "", "2016-12-31": "", "2016-09-30": "", "2016-06-30": "", "2016-03-31": "", "2015-12-31": "", "2015-09-30": "", "2015-06-30": "", "2015-03-31": "", "2014-12-31": "", "2014-09-30": "", "2014-06-30": "", "2014-03-31": "", "2013-12-31": "", "2013-09-30": "", "2013-06-30": "", "2013-03-31": "", "2012-12-31": "0.00000", "2012-09-30": "", "2012-06-30": "", "2012-03-31": "", "2011-12-31": "", "2010-12-31": ""}, "SG&A Expenses": {"2020-09-30": "53.30100", "2020-06-30": "49.24700", "2020-03-31": "57.36900", "2019-12-31": "55.16600", "2019-09-30": "53.96400", "2019-06-30": "56.49100", "2019-03-31": "55.87500", "2018-12-31": "48.81500", "2018-09-30": "49.42700", "2018-06-30": "53.13700", "2018-03-31": "50.21200", "2017-12-31": "47.55500", "2017-09-30": "46.36900", "2017-06-30": "48.86900", "2017-03-31": "46.14600", "2016-12-31": "43.56400", "2016-09-30": "39.61600", "2016-06-30": "40.75600", "2016-03-31": "40.03100", "2015-12-31": "38.01000", "2015-09-30": "36.41900", "2015-06-30": "36.89000", "2015-03-31": "36.84500", "2014-12-31": "36.21900", "2014-09-30": "32.85600", "2014-06-30": "33.20400", "2014-03-31": "35.40400", "2013-12-31": "32.77900", "2013-09-30": "33.01700", "2013-06-30": "32.42600", "2013-03-31": "43.60500", "2012-12-31": "28.54000", "2012-09-30": "27.62100", "2012-06-30": "41.85900", "2012-03-31": "25.36700", "2011-12-31": "", "2010-12-31": ""}, "Other Operating Income Or Expenses": {"2020-09-30": "", "2020-06-30": "", "2020-03-31": "", "2019-12-31": "", "2019-09-30": "", "2019-06-30": "", "2019-03-31": "", "2018-12-31": "", "2018-09-30": "", "2018-06-30": "", "2018-03-31": "", "2017-12-31": "", "2017-09-30": "-3.67100", "2017-06-30": "", "2017-03-31": "", "2016-12-31": "", "2016-09-30": "", "2016-06-30": "", "2016-03-31": "", "2015-12-31": "", "2015-09-30": "", "2015-06-30": "", "2015-03-31": "", "2014-12-31": "", "2014-09-30": "", "2014-06-30": "", "2014-03-31": "", "2013-12-31": "", "2013-09-30": "", "2013-06-30": "", "2013-03-31": "", "2012-12-31": "", "2012-09-30": "", "2012-06-30": "", "2012-03-31": "", "2011-12-31": "", "2010-12-31": ""}, "Operating Expenses": {"2020-09-30": "343.84700", "2020-06-30": "285.65800", "2020-03-31": "463.04200", "2019-12-31": "453.16790", "2019-09-30": "448.95500", "2019-06-30": "453.22700", "2019-03-31": "438.84800", "2018-12-31": "414.51390", "2018-09-30": "416.12500", "2018-06-30": "425.07500", "2018-03-31": "408.37300", "2017-12-31": "387.61300", "2017-09-30": "388.35300", "2017-06-30": "388.74000", "2017-03-31": "370.76000", "2016-12-31": "351.18900", "2016-09-30": "339.21400", "2016-06-30": "345.47500", "2016-03-31": "336.72500", "2015-12-31": "326.71400", "2015-09-30": "324.20300", "2015-06-30": "318.32700", "2015-03-31": "307.59900", "2014-12-31": "300.44000", "2014-09-30": "301.93000", "2014-06-30": "305.56500", "2014-03-31": "298.14400", "2013-12-31": "288.76600", "2013-09-30": "280.87400", "2013-06-30": "275.41600", "2013-03-31": "264.68600", "2012-12-31": "245.51000", "2012-09-30": "242.57200", "2012-06-30": "255.40200", "2012-03-31": "232.01800", "2011-12-31": "", "2010-12-31": ""}, "Operating Income": {"2020-09-30": "-5.92700", "2020-06-30": "8.11400", "2020-03-31": "43.28100", "2019-12-31": "67.44720", "2019-09-30": "62.62900", "2019-06-30": "74.83300", "2019-03-31": "62.91000", "2018-12-31": "63.72710", "2018-09-30": "55.46000", "2018-06-30": "64.62400", "2018-03-31": "55.28400", "2017-12-31": "52.26590", "2017-09-30": "44.96300", "2017-06-30": "56.80600", "2017-03-31": "51.40400", "2016-12-31": "47.34800", "2016-09-30": "44.71500", "2016-06-30": "56.57800", "2016-03-31": "48.59700", "2015-12-31": "44.88200", "2015-09-30": "41.74100", "2015-06-30": "52.13800", "2015-03-31": "42.84100", "2014-12-31": "37.32800", "2014-09-30": "33.04600", "2014-06-30": "42.53500", "2014-03-31": "34.01100", "2013-12-31": "30.41100", "2013-09-30": "27.78900", "2013-06-30": "35.39700", "2013-03-31": "15.43700", "2012-12-31": "27.91600", "2012-09-30": "25.35500", "2012-06-30": "16.06100", "2012-03-31": "26.10400", "2011-12-31": "", "2010-12-31": ""}, "Total Non-Operating Income/Expense": {"2020-09-30": "-9.18600", "2020-06-30": "-9.12900", "2020-03-31": "-10.20600", "2019-12-31": "-10.52800", "2019-09-30": "-10.95500", "2019-06-30": "-11.72300", "2019-03-31": "-11.94800", "2018-12-31": "-12.04900", "2018-09-30": "-11.79500", "2018-06-30": "-12.16100", "2018-03-31": "-11.50300", "2017-12-31": "-11.78700", "2017-09-30": "-10.82400", "2017-06-30": "-10.65400", "2017-03-31": "-10.77400", "2016-12-31": "-22.55100", "2016-09-30": "-10.50200", "2016-06-30": "-10.30400", "2016-03-31": "-10.68400", "2015-12-31": "-10.73200", "2015-09-30": "-10.33000", "2015-06-30": "-10.35300", "2015-03-31": "-10.03100", "2014-12-31": "-8.87000", "2014-09-30": "-8.39500", "2014-06-30": "-8.61400", "2014-03-31": "-8.72700", "2013-12-31": "-9.15400", "2013-09-30": "-9.19500", "2013-06-30": "-8.92400", "2013-03-31": "-76.95000", "2012-12-31": "-22.02000", "2012-09-30": "-21.33200", "2012-06-30": "-20.49900", "2012-03-31": "-19.87100", "2011-12-31": "", "2010-12-31": ""}, "Pre-Tax Income": {"2020-09-30": "-15.11300", "2020-06-30": "-1.01500", "2020-03-31": "33.07500", "2019-12-31": "56.91900", "2019-09-30": "51.67400", "2019-06-30": "63.11000", "2019-03-31": "50.96200", "2018-12-31": "51.67800", "2018-09-30": "43.66500", "2018-06-30": "52.46300", "2018-03-31": "43.78100", "2017-12-31": "40.47900", "2017-09-30": "34.13900", "2017-06-30": "46.15200", "2017-03-31": "40.63000", "2016-12-31": "24.79700", "2016-09-30": "34.21300", "2016-06-30": "46.27400", "2016-03-31": "37.91300", "2015-12-31": "34.15000", "2015-09-30": "31.41100", "2015-06-30": "41.78500", "2015-03-31": "32.81000", "2014-12-31": "28.45800", "2014-09-30": "24.65100", "2014-06-30": "33.92100", "2014-03-31": "25.28400", "2013-12-31": "21.25700", "2013-09-30": "18.59400", "2013-06-30": "26.47300", "2013-03-31": "-61.51300", "2012-12-31": "5.93000", "2012-09-30": "4.02300", "2012-06-30": "-4.43800", "2012-03-31": "6.23300", "2011-12-31": "", "2010-12-31": ""}, "Income Taxes": {"2020-09-30": "-8.45900", "2020-06-30": "-1.37400", "2020-03-31": "2.34300", "2019-12-31": "9.15600", "2019-09-30": "10.42000", "2019-06-30": "13.78300", "2019-03-31": "8.92000", "2018-12-31": "5.02100", "2018-09-30": "10.06500", "2018-06-30": "12.03700", "2018-03-31": "6.48300", "2017-12-31": "-10.96500", "2017-09-30": "3.03400", "2017-06-30": "13.11200", "2017-03-31": "-0.74400", "2016-12-31": "7.67700", "2016-09-30": "11.70300", "2016-06-30": "15.87100", "2016-03-31": "13.18600", "2015-12-31": "10.23200", "2015-09-30": "10.85300", "2015-06-30": "14.86600", "2015-03-31": "10.27800", "2014-12-31": "9.56400", "2014-09-30": "9.27200", "2014-06-30": "12.20700", "2014-03-31": "9.23600", "2013-12-31": "-2.41900", "2013-09-30": "3.65200", "2013-06-30": "1.96600", "2013-03-31": "-10.73200", "2012-12-31": "1.71000", "2012-09-30": "1.41700", "2012-06-30": "-2.52400", "2012-03-31": "2.64300", "2011-12-31": "", "2010-12-31": ""}, "Income After Taxes": {"2020-09-30": "-6.65400", "2020-06-30": "0.35900", "2020-03-31": "30.73200", "2019-12-31": "47.76300", "2019-09-30": "41.25400", "2019-06-30": "49.32700", "2019-03-31": "42.04200", "2018-12-31": "46.65700", "2018-09-30": "33.60000", "2018-06-30": "40.42600", "2018-03-31": "37.29800", "2017-12-31": "51.44400", "2017-09-30": "31.10500", "2017-06-30": "33.04000", "2017-03-31": "41.37400", "2016-12-31": "17.12000", "2016-09-30": "22.51000", "2016-06-30": "30.40300", "2016-03-31": "24.72700", "2015-12-31": "23.91800", "2015-09-30": "20.55800", "2015-06-30": "26.91900", "2015-03-31": "22.53200", "2014-12-31": "18.89400", "2014-09-30": "15.37900", "2014-06-30": "21.71400", "2014-03-31": "16.04800", "2013-12-31": "23.67600", "2013-09-30": "14.94200", "2013-06-30": "24.50700", "2013-03-31": "-50.78100", "2012-12-31": "4.22000", "2012-09-30": "2.60600", "2012-06-30": "-1.91400", "2012-03-31": "3.59000", "2011-12-31": "", "2010-12-31": ""}, "Other Income": {"2020-09-30": "", "2020-06-30": "", "2020-03-31": "", "2019-12-31": "", "2019-09-30": "", "2019-06-30": "", "2019-03-31": "", "2018-12-31": "", "2018-09-30": "", "2018-06-30": "", "2018-03-31": "", "2017-12-31": "", "2017-09-30": "", "2017-06-30": "", "2017-03-31": "", "2016-12-31": "", "2016-09-30": "", "2016-06-30": "", "2016-03-31": "", "2015-12-31": "", "2015-09-30": "", "2015-06-30": "", "2015-03-31": "", "2014-12-31": "", "2014-09-30": "", "2014-06-30": "", "2014-03-31": "", "2013-12-31": "", "2013-09-30": "", "2013-06-30": "", "2013-03-31": "", "2012-12-31": "0.00000", "2012-09-30": "", "2012-06-30": "", "2012-03-31": "", "2011-12-31": "", "2010-12-31": ""}, "Income From Continuous Operations": {"2020-09-30": "-6.65400", "2020-06-30": "0.35900", "2020-03-31": "30.73200", "2019-12-31": "47.76300", "2019-09-30": "41.25400", "2019-06-30": "49.32700", "2019-03-31": "42.04200", "2018-12-31": "46.65700", "2018-09-30": "33.60000", "2018-06-30": "40.42600", "2018-03-31": "37.29800", "2017-12-31": "51.44400", "2017-09-30": "31.10500", "2017-06-30": "33.04000", "2017-03-31": "41.37400", "2016-12-31": "17.12000", "2016-09-30": "22.51000", "2016-06-30": "30.40300", "2016-03-31": "24.72700", "2015-12-31": "23.91800", "2015-09-30": "20.55800", "2015-06-30": "26.91900", "2015-03-31": "22.53200", "2014-12-31": "18.89400", "2014-09-30": "15.37900", "2014-06-30": "21.71400", "2014-03-31": "16.04800", "2013-12-31": "23.67600", "2013-09-30": "14.94200", "2013-06-30": "24.50700", "2013-03-31": "-50.78100", "2012-12-31": "4.17000", "2012-09-30": "2.60600", "2012-06-30": "-1.91400", "2012-03-31": "3.59000", "2011-12-31": "", "2010-12-31": ""}, "Income From Discontinued Operations": {"2020-09-30": "", "2020-06-30": "", "2020-03-31": "", "2019-12-31": "", "2019-09-30": "", "2019-06-30": "", "2019-03-31": "", "2018-12-31": "", "2018-09-30": "", "2018-06-30": "", "2018-03-31": "", "2017-12-31": "", "2017-09-30": "", "2017-06-30": "", "2017-03-31": "", "2016-12-31": "", "2016-09-30": "", "2016-06-30": "", "2016-03-31": "", "2015-12-31": "", "2015-09-30": "", "2015-06-30": "", "2015-03-31": "", "2014-12-31": "", "2014-09-30": "", "2014-06-30": "", "2014-03-31": "", "2013-12-31": "", "2013-09-30": "", "2013-06-30": "", "2013-03-31": "", "2012-12-31": "0.00000", "2012-09-30": "", "2012-06-30": "", "2012-03-31": "", "2011-12-31": "", "2010-12-31": ""}, "Net Income": {"2020-09-30": "-6.65400", "2020-06-30": "0.35900", "2020-03-31": "30.73200", "2019-12-31": "47.76300", "2019-09-30": "41.25400", "2019-06-30": "49.32700", "2019-03-31": "42.04200", "2018-12-31": "46.65700", "2018-09-30": "33.60000", "2018-06-30": "40.42600", "2018-03-31": "37.29800", "2017-12-31": "51.44400", "2017-09-30": "31.10500", "2017-06-30": "33.04000", "2017-03-31": "41.37400", "2016-12-31": "16.69300", "2016-09-30": "22.30600", "2016-06-30": "30.40300", "2016-03-31": "24.51700", "2015-12-31": "23.46200", "2015-09-30": "20.55800", "2015-06-30": "26.73500", "2015-03-31": "22.53200", "2014-12-31": "18.61400", "2014-09-30": "15.37900", "2014-06-30": "21.71400", "2014-03-31": "16.04800", "2013-12-31": "23.74300", "2013-09-30": "15.04400", "2013-06-30": "24.57900", "2013-03-31": "-50.74300", "2012-12-31": "4.17400", "2012-09-30": "-18.52100", "2012-06-30": "-25.48200", "2012-03-31": "-15.07000", "2011-12-31": "", "2010-12-31": ""}, "EBITDA": {"2020-09-30": "21.36600", "2020-06-30": "35.77300", "2020-03-31": "71.50200", "2019-12-31": "97.21820", "2019-09-30": "89.70900", "2019-06-30": "101.71800", "2019-03-31": "89.37200", "2018-12-31": "91.42510", "2018-09-30": "80.67300", "2018-06-30": "89.87400", "2018-03-31": "79.96700", "2017-12-31": "77.20590", "2017-09-30": "69.09000", "2017-06-30": "80.43800", "2017-03-31": "75.25700", "2016-12-31": "71.15500", "2016-09-30": "66.67200", "2016-06-30": "78.10400", "2016-03-31": "70.06500", "2015-12-31": "65.92000", "2015-09-30": "62.52500", "2015-06-30": "72.33100", "2015-03-31": "63.07500", "2014-12-31": "57.23600", "2014-09-30": "53.18100", "2014-06-30": "62.62300", "2014-03-31": "54.37900", "2013-12-31": "50.66000", "2013-09-30": "47.25500", "2013-06-30": "54.30500", "2013-03-31": "32.38500", "2012-12-31": "45.78500", "2012-09-30": "42.99900", "2012-06-30": "32.60900", "2012-03-31": "42.17300", "2011-12-31": "", "2010-12-31": ""}, "EBIT": {"2020-09-30": "-5.92700", "2020-06-30": "8.11400", "2020-03-31": "43.28100", "2019-12-31": "67.44710", "2019-09-30": "62.62900", "2019-06-30": "74.83300", "2019-03-31": "62.91000", "2018-12-31": "63.72710", "2018-09-30": "55.46000", "2018-06-30": "64.62400", "2018-03-31": "55.28400", "2017-12-31": "52.26590", "2017-09-30": "44.96300", "2017-06-30": "56.80600", "2017-03-31": "51.40400", "2016-12-31": "47.34800", "2016-09-30": "44.71500", "2016-06-30": "56.57800", "2016-03-31": "48.59700", "2015-12-31": "44.88200", "2015-09-30": "41.74100", "2015-06-30": "52.13800", "2015-03-31": "42.84100", "2014-12-31": "37.32800", "2014-09-30": "33.04600", "2014-06-30": "42.53500", "2014-03-31": "34.01100", "2013-12-31": "30.41100", "2013-09-30": "27.78900", "2013-06-30": "35.39700", "2013-03-31": "15.43700", "2012-12-31": "27.91600", "2012-09-30": "25.35500", "2012-06-30": "16.06100", "2012-03-31": "26.10400", "2011-12-31": "", "2010-12-31": ""}, "Basic Shares Outstanding": {"2020-09-30": "60.19680", "2020-06-30": "59.63140", "2020-03-31": "57.93090", "2019-12-31": "57.83830", "2019-09-30": "57.93510", "2019-06-30": "57.84760", "2019-03-31": "57.67900", "2018-12-31": "57.81260", "2018-09-30": "57.71970", "2018-06-30": "57.61360", "2018-03-31": "58.19080", "2017-12-31": "58.87320", "2017-09-30": "58.81100", "2017-06-30": "59.05320", "2017-03-31": "59.25510", "2016-12-31": "59.22900", "2016-09-30": "58.92830", "2016-06-30": "59.21910", "2016-03-31": "59.83220", "2015-12-31": "60.83600", "2015-09-30": "60.29100", "2015-06-30": "61.36300", "2015-03-31": "61.68300", "2014-12-31": "65.61260", "2014-09-30": "66.08700", "2014-06-30": "65.77300", "2014-03-31": "65.40800", "2013-12-31": "62.65930", "2013-09-30": "64.91700", "2013-06-30": "64.73300", "2013-03-31": "55.79800", "2012-12-31": "6.06800", "2012-09-30": "6.06230", "2012-06-30": "6.06300", "2012-03-31": "6.04610", "2011-12-31": "", "2010-12-31": ""}, "Shares Outstanding": {"2020-09-30": "60.19680", "2020-06-30": "60.26610", "2020-03-31": "58.87880", "2019-12-31": "58.94720", "2019-09-30": "59.13270", "2019-06-30": "58.93980", "2019-03-31": "58.75240", "2018-12-31": "59.00070", "2018-09-30": "58.92440", "2018-06-30": "58.76120", "2018-03-31": "59.44800", "2017-12-31": "60.25370", "2017-09-30": "60.08800", "2017-06-30": "60.37970", "2017-03-31": "60.90330", "2016-12-31": "60.59500", "2016-09-30": "60.27590", "2016-06-30": "60.63520", "2016-03-31": "61.30040", "2015-12-31": "62.36100", "2015-09-30": "61.84500", "2015-06-30": "62.85820", "2015-03-31": "63.18900", "2014-12-31": "67.24420", "2014-09-30": "67.63600", "2014-06-30": "67.45700", "2014-03-31": "67.20900", "2013-12-31": "64.50900", "2013-09-30": "66.83100", "2013-06-30": "66.63500", "2013-03-31": "55.79800", "2012-12-31": "6.06800", "2012-09-30": "6.06300", "2012-06-30": "6.06300", "2012-03-31": "6.04610", "2011-12-31": "", "2010-12-31": ""}, "Basic EPS": {"2020-09-30": "-0.11000", "2020-06-30": "0.01000", "2020-03-31": "0.53000", "2019-12-31": "0.81000", "2019-09-30": "0.71000", "2019-06-30": "0.85000", "2019-03-31": "0.73000", "2018-12-31": "0.80000", "2018-09-30": "0.58000", "2018-06-30": "0.70000", "2018-03-31": "0.64000", "2017-12-31": "0.87000", "2017-09-30": "0.53000", "2017-06-30": "0.56000", "2017-03-31": "0.69000", "2016-12-31": "0.29000", "2016-09-30": "0.38000", "2016-06-30": "0.51000", "2016-03-31": "0.41000", "2015-12-31": "0.39000", "2015-09-30": "0.34000", "2015-06-30": "0.44000", "2015-03-31": "0.36000", "2014-12-31": "0.29000", "2014-09-30": "0.23000", "2014-06-30": "0.33000", "2014-03-31": "0.24000", "2013-12-31": "0.50000", "2013-09-30": "0.23000", "2013-06-30": "0.38000", "2013-03-31": "-0.91000", "2012-12-31": "-2.87000", "2012-09-30": "-3.05000", "2012-06-30": "-4.20000", "2012-03-31": "-2.49000", "2011-12-31": "", "2010-12-31": ""}, "EPS - Earnings Per Share": {"2020-09-30": "-0.11000", "2020-06-30": "0.01000", "2020-03-31": "0.52000", "2019-12-31": "0.82000", "2019-09-30": "0.69000", "2019-06-30": "0.83000", "2019-03-31": "0.71000", "2018-12-31": "0.79000", "2018-09-30": "0.57000", "2018-06-30": "0.68000", "2018-03-31": "0.62000", "2017-12-31": "0.86000", "2017-09-30": "0.51000", "2017-06-30": "0.54000", "2017-03-31": "0.68000", "2016-12-31": "0.28000", "2016-09-30": "0.37000", "2016-06-30": "0.50000", "2016-03-31": "0.40000", "2015-12-31": "0.39000", "2015-09-30": "0.33000", "2015-06-30": "0.43000", "2015-03-31": "0.35000", "2014-12-31": "0.28000", "2014-09-30": "0.23000", "2014-06-30": "0.32000", "2014-03-31": "0.24000", "2013-12-31": "0.51000", "2013-09-30": "0.23000", "2013-06-30": "0.37000", "2013-03-31": "-0.91000", "2012-12-31": "-2.87000", "2012-09-30": "-3.05000", "2012-06-30": "-4.20000", "2012-03-31": "-2.49000", "2011-12-31": "0.00000", "2010-12-31": "0.00000"}}, "balance sheet": {"Cash On Hand": {"2019-12-31": "27.87200", "2018-12-31": "15.45000", "2017-12-31": "23.22700", "2016-12-31": "14.63300", "2015-12-31": "11.53900", "2014-12-31": "87.88600", "2013-12-31": "29.58500", "2012-12-31": "34.10900", "2011-12-31": "30.44800", "2010-12-31": ""}, "Receivables": {"2019-12-31": "148.85500", "2018-12-31": "131.17800", "2017-12-31": "117.13800", "2016-12-31": "97.21200", "2015-12-31": "97.29500", "2014-12-31": "83.06600", "2013-12-31": "78.69100", "2012-12-31": "62.71400", "2011-12-31": "60.65600", "2010-12-31": ""}, "Inventory": {"2019-12-31": "", "2018-12-31": "", "2017-12-31": "", "2016-12-31": "", "2015-12-31": "", "2014-12-31": "", "2013-12-31": "", "2012-12-31": "", "2011-12-31": "", "2010-12-31": ""}, "Pre-Paid Expenses": {"2019-12-31": "52.16100", "2018-12-31": "47.26300", "2017-12-31": "52.09600", "2016-12-31": "42.55400", "2015-12-31": "43.87900", "2014-12-31": "39.14700", "2013-12-31": "44.02100", "2012-12-31": "27.82700", "2011-12-31": "22.57200", "2010-12-31": ""}, "Other Current Assets": {"2019-12-31": "", "2018-12-31": "", "2017-12-31": "", "2016-12-31": "", "2015-12-31": "", "2014-12-31": "", "2013-12-31": "", "2012-12-31": "", "2011-12-31": "", "2010-12-31": ""}, "Total Current Assets": {"2019-12-31": "228.88800", "2018-12-31": "193.89100", "2017-12-31": "192.46100", "2016-12-31": "154.39900", "2015-12-31": "152.71300", "2014-12-31": "223.15800", "2013-12-31": "165.17000", "2012-12-31": "136.01700", "2011-12-31": "124.20500", "2010-12-31": ""}, "Property, Plant, And Equipment": {"2019-12-31": "636.15300", "2018-12-31": "597.14100", "2017-12-31": "575.18500", "2016-12-31": "529.43200", "2015-12-31": "429.73600", "2014-12-31": "398.94700", "2013-12-31": "390.89400", "2012-12-31": "340.37600", "2011-12-31": "237.15700", "2010-12-31": ""}, "Long-Term Investments": {"2019-12-31": "", "2018-12-31": "", "2017-12-31": "", "2016-12-31": "", "2015-12-31": "", "2014-12-31": "", "2013-12-31": "", "2012-12-31": "", "2011-12-31": "", "2010-12-31": ""}, "Goodwill And Intangible Assets": {"2019-12-31": "1717.54600", "2018-12-31": "1670.64600", "2017-12-31": "1655.33200", "2016-12-31": "1642.27100", "2015-12-31": "1537.14000", "2014-12-31": "1501.98700", "2013-12-31": "1531.34300", "2012-12-31": "1429.92400", "2011-12-31": "1400.48800", "2010-12-31": "0.00000"}, "Other Long-Term Assets": {"2019-12-31": "46.87700", "2018-12-31": "62.62800", "2017-12-31": "45.66600", "2016-12-31": "32.91500", "2015-12-31": "30.95200", "2014-12-31": "16.40400", "2013-12-31": "15.02700", "2012-12-31": "9.65900", "2011-12-31": "7.50000", "2010-12-31": ""}, "Total Long-Term Assets": {"2019-12-31": "3101.53200", "2018-12-31": "2330.41500", "2017-12-31": "2276.18300", "2016-12-31": "2204.61800", "2015-12-31": "1997.82800", "2014-12-31": "1917.91800", "2013-12-31": "1937.50000", "2012-12-31": "1780.09100", "2011-12-31": "1646.95900", "2010-12-31": ""}, "Total Assets": {"2019-12-31": "3330.42000", "2018-12-31": "2524.30600", "2017-12-31": "2468.64400", "2016-12-31": "2359.01700", "2015-12-31": "2150.54100", "2014-12-31": "2141.07600", "2013-12-31": "2102.67000", "2012-12-31": "1916.10800", "2011-12-31": "1771.16400", "2010-12-31": "0.00000"}, "Total Current Liabilities": {"2019-12-31": "483.29000", "2018-12-31": "483.78500", "2017-12-31": "460.65500", "2016-12-31": "387.58000", "2015-12-31": "305.34300", "2014-12-31": "279.42300", "2013-12-31": "255.08800", "2012-12-31": "201.89300", "2011-12-31": "193.67200", "2010-12-31": ""}, "Long Term Debt": {"2019-12-31": "1028.04900", "2018-12-31": "1036.87000", "2017-12-31": "1046.01100", "2016-12-31": "1054.00900", "2015-12-31": "905.66100", "2014-12-31": "911.62700", "2013-12-31": "756.32300", "2012-12-31": "904.60700", "2011-12-31": "794.44300", "2010-12-31": ""}, "Other Non-Current Liabilities": {"2019-12-31": "92.86500", "2018-12-31": "75.36800", "2017-12-31": "130.67000", "2016-12-31": "111.56600", "2015-12-31": "94.22100", "2014-12-31": "66.50600", "2013-12-31": "56.47300", "2012-12-31": "902.76200", "2011-12-31": "813.52800", "2010-12-31": ""}, "Total Long Term Liabilities": {"2019-12-31": "1875.86200", "2018-12-31": "1261.04400", "2017-12-31": "1258.92900", "2016-12-31": "1283.57000", "2015-12-31": "1117.59000", "2014-12-31": "1110.69400", "2013-12-31": "958.44500", "2012-12-31": "1968.10200", "2011-12-31": "1783.52000", "2010-12-31": ""}, "Total Liabilities": {"2019-12-31": "2359.15200", "2018-12-31": "1744.82900", "2017-12-31": "1719.58400", "2016-12-31": "1671.15000", "2015-12-31": "1422.93300", "2014-12-31": "1390.11700", "2013-12-31": "1213.53300", "2012-12-31": "2169.99500", "2011-12-31": "1977.19200", "2010-12-31": "0.00000"}, "Common Stock Net": {"2019-12-31": "0.05800", "2018-12-31": "0.05700", "2017-12-31": "0.05800", "2016-12-31": "0.05900", "2015-12-31": "0.06000", "2014-12-31": "0.06200", "2013-12-31": "0.06500", "2012-12-31": "0.00600", "2011-12-31": "", "2010-12-31": "0.00000"}, "Retained Earnings (Accumulated Deficit)": {"2019-12-31": "373.51000", "2018-12-31": "193.12400", "2017-12-31": "35.14300", "2016-12-31": "-121.82000", "2015-12-31": "-216.58000", "2014-12-31": "-310.50700", "2013-12-31": "-382.54200", "2012-12-31": "-395.16500", "2011-12-31": "-318.68000", "2010-12-31": ""}, "Comprehensive Income": {"2019-12-31": "-50.33100", "2018-12-31": "-62.35500", "2017-12-31": "-33.29600", "2016-12-31": "-89.44800", "2015-12-31": "-39.27000", "2014-12-31": "-21.68700", "2013-12-31": "1.41600", "2012-12-31": "-8.81600", "2011-12-31": "-14.16100", "2010-12-31": ""}, "Other Share Holders Equity": {"2019-12-31": "", "2018-12-31": "", "2017-12-31": "", "2016-12-31": "", "2015-12-31": "", "2014-12-31": "", "2013-12-31": "", "2012-12-31": "", "2011-12-31": "", "2010-12-31": "0.00000"}, "Share Holder Equity": {"2019-12-31": "971.26800", "2018-12-31": "779.47700", "2017-12-31": "749.06000", "2016-12-31": "687.86700", "2015-12-31": "727.60800", "2014-12-31": "750.95900", "2013-12-31": "889.13700", "2012-12-31": "-253.88700", "2011-12-31": "-206.02800", "2010-12-31": "0.00000"}, "Total Liabilities And Share Holders Equity": {"2019-12-31": "3330.42000", "2018-12-31": "2524.30600", "2017-12-31": "2468.64400", "2016-12-31": "2359.01700", "2015-12-31": "2150.54100", "2014-12-31": "2141.07600", "2013-12-31": "2102.67000", "2012-12-31": "1916.10800", "2011-12-31": "1771.16400", "2010-12-31": "0.00000"}}, "balance sheet, quarterly": {"Cash On Hand": {"2020-09-30": "365.30000", "2020-06-30": "270.44200", "2020-03-31": "49.23000", "2019-12-31": "27.87200", "2019-09-30": "48.52900", "2019-06-30": "22.65600", "2019-03-31": "20.12900", "2018-12-31": "15.45000", "2018-09-30": "21.30400", "2018-06-30": "22.91200", "2018-03-31": "20.32400", "2017-12-31": "23.22700", "2017-09-30": "42.26500", "2017-06-30": "34.33700", "2017-03-31": "21.49400", "2016-12-31": "14.63300", "2016-09-30": "19.48400", "2016-06-30": "45.02600", "2016-03-31": "40.15200", "2015-12-31": "11.53900", "2015-09-30": "21.39300", "2015-06-30": "76.92000", "2015-03-31": "123.66100", "2014-12-31": "87.88600", "2014-09-30": "109.00800", "2014-06-30": "112.28300", "2014-03-31": "75.73400", "2013-12-31": "29.58500", "2013-09-30": "35.01000", "2013-06-30": "62.99900", "2013-03-31": "96.73500", "2012-12-31": "34.10900", "2012-09-30": "", "2012-06-30": "", "2012-03-31": "", "2011-12-31": "30.44000", "2010-12-31": ""}, "Receivables": {"2020-09-30": "150.09900", "2020-06-30": "221.53200", "2020-03-31": "171.56600", "2019-12-31": "148.85500", "2019-09-30": "117.57300", "2019-06-30": "111.52900", "2019-03-31": "130.29800", "2018-12-31": "131.17800", "2018-09-30": "104.96500", "2018-06-30": "90.97500", "2018-03-31": "107.27200", "2017-12-31": "117.13800", "2017-09-30": "96.10500", "2017-06-30": "81.80500", "2017-03-31": "98.10400", "2016-12-31": "97.21200", "2016-09-30": "83.17500", "2016-06-30": "71.89800", "2016-03-31": "84.31200", "2015-12-31": "97.29500", "2015-09-30": "73.33100", "2015-06-30": "67.74000", "2015-03-31": "74.70900", "2014-12-31": "83.06600", "2014-09-30": "64.66000", "2014-06-30": "58.08400", "2014-03-31": "59.36100", "2013-12-31": "78.69100", "2013-09-30": "55.41800", "2013-06-30": "56.66400", "2013-03-31": "57.53500", "2012-12-31": "62.71400", "2012-09-30": "", "2012-06-30": "", "2012-03-31": "", "2011-12-31": "60.65000", "2010-12-31": ""}, "Inventory": {"2020-09-30": "", "2020-06-30": "", "2020-03-31": "", "2019-12-31": "", "2019-09-30": "", "2019-06-30": "", "2019-03-31": "", "2018-12-31": "", "2018-09-30": "", "2018-06-30": "", "2018-03-31": "", "2017-12-31": "", "2017-09-30": "", "2017-06-30": "", "2017-03-31": "", "2016-12-31": "", "2016-09-30": "", "2016-06-30": "", "2016-03-31": "", "2015-12-31": "", "2015-09-30": "", "2015-06-30": "", "2015-03-31": "", "2014-12-31": "", "2014-09-30": "", "2014-06-30": "", "2014-03-31": "", "2013-12-31": "", "2013-09-30": "", "2013-06-30": "", "2013-03-31": "", "2012-12-31": "", "2012-09-30": "", "2012-06-30": "", "2012-03-31": "", "2011-12-31": "", "2010-12-31": ""}, "Pre-Paid Expenses": {"2020-09-30": "85.98300", "2020-06-30": "84.94700", "2020-03-31": "63.36900", "2019-12-31": "51.86500", "2019-09-30": "62.02700", "2019-06-30": "52.95500", "2019-03-31": "37.20800", "2018-12-31": "47.26300", "2018-09-30": "48.18900", "2018-06-30": "46.37000", "2018-03-31": "68.75000", "2017-12-31": "52.09600", "2017-09-30": "57.41600", "2017-06-30": "51.76400", "2017-03-31": "46.86700", "2016-12-31": "42.55400", "2016-09-30": "43.48700", "2016-06-30": "33.63900", "2016-03-31": "35.19500", "2015-12-31": "43.87900", "2015-09-30": "59.37000", "2015-06-30": "47.30700", "2015-03-31": "42.92100", "2014-12-31": "39.14700", "2014-09-30": "43.71200", "2014-06-30": "41.28600", "2014-03-31": "40.95000", "2013-12-31": "44.02100", "2013-09-30": "45.90900", "2013-06-30": "42.23700", "2013-03-31": "41.34500", "2012-12-31": "27.82700", "2012-09-30": "", "2012-06-30": "", "2012-03-31": "", "2011-12-31": "", "2010-12-31": ""}, "Other Current Assets": {"2020-09-30": "", "2020-06-30": "", "2020-03-31": "", "2019-12-31": "", "2019-09-30": "", "2019-06-30": "", "2019-03-31": "", "2018-12-31": "", "2018-09-30": "", "2018-06-30": "", "2018-03-31": "", "2017-12-31": "", "2017-09-30": "", "2017-06-30": "", "2017-03-31": "", "2016-12-31": "", "2016-09-30": "", "2016-06-30": "", "2016-03-31": "", "2015-12-31": "", "2015-09-30": "", "2015-06-30": "", "2015-03-31": "", "2014-12-31": "", "2014-09-30": "", "2014-06-30": "", "2014-03-31": "", "2013-12-31": "", "2013-09-30": "", "2013-06-30": "", "2013-03-31": "", "2012-12-31": "", "2012-09-30": "", "2012-06-30": "", "2012-03-31": "", "2011-12-31": "33.10000", "2010-12-31": ""}, "Total Current Assets": {"2020-09-30": "615.49700", "2020-06-30": "576.92100", "2020-03-31": "284.16500", "2019-12-31": "228.88800", "2019-09-30": "228.12900", "2019-06-30": "187.14000", "2019-03-31": "187.63500", "2018-12-31": "193.89100", "2018-09-30": "174.45800", "2018-06-30": "160.25700", "2018-03-31": "196.34600", "2017-12-31": "192.46100", "2017-09-30": "195.78600", "2017-06-30": "167.90600", "2017-03-31": "166.46500", "2016-12-31": "154.39900", "2016-09-30": "146.14600", "2016-06-30": "150.56300", "2016-03-31": "159.65900", "2015-12-31": "152.71300", "2015-09-30": "167.14100", "2015-06-30": "205.01300", "2015-03-31": "254.14900", "2014-12-31": "223.15800", "2014-09-30": "230.43700", "2014-06-30": "224.68100", "2014-03-31": "189.00100", "2013-12-31": "165.17000", "2013-09-30": "147.67200", "2013-06-30": "173.21000", "2013-03-31": "206.95300", "2012-12-31": "136.01700", "2012-09-30": "", "2012-06-30": "", "2012-03-31": "", "2011-12-31": "124.20000", "2010-12-31": ""}, "Property, Plant, And Equipment": {"2020-09-30": "606.83100", "2020-06-30": "596.94700", "2020-03-31": "609.45900", "2019-12-31": "636.15300", "2019-09-30": "601.16800", "2019-06-30": "601.27100", "2019-03-31": "603.11700", "2018-12-31": "597.14100", "2018-09-30": "586.41100", "2018-06-30": "583.24900", "2018-03-31": "584.93500", "2017-12-31": "575.18500", "2017-09-30": "567.74700", "2017-06-30": "556.40900", "2017-03-31": "537.07600", "2016-12-31": "529.43200", "2016-09-30": "430.26000", "2016-06-30": "420.44100", "2016-03-31": "424.98600", "2015-12-31": "429.73600", "2015-09-30": "430.38000", "2015-06-30": "416.15200", "2015-03-31": "396.62600", "2014-12-31": "398.94700", "2014-09-30": "398.63500", "2014-06-30": "400.72400", "2014-03-31": "393.46700", "2013-12-31": "390.89400", "2013-09-30": "385.59800", "2013-06-30": "366.80200", "2013-03-31": "346.04400", "2012-12-31": "340.37600", "2012-09-30": "", "2012-06-30": "", "2012-03-31": "", "2011-12-31": "330.06000", "2010-12-31": ""}, "Long-Term Investments": {"2020-09-30": "", "2020-06-30": "", "2020-03-31": "", "2019-12-31": "", "2019-09-30": "", "2019-06-30": "", "2019-03-31": "", "2018-12-31": "", "2018-09-30": "", "2018-06-30": "", "2018-03-31": "", "2017-12-31": "", "2017-09-30": "", "2017-06-30": "", "2017-03-31": "", "2016-12-31": "", "2016-09-30": "", "2016-06-30": "", "2016-03-31": "", "2015-12-31": "", "2015-09-30": "", "2015-06-30": "", "2015-03-31": "", "2014-12-31": "", "2014-09-30": "", "2014-06-30": "", "2014-03-31": "", "2013-12-31": "", "2013-09-30": "", "2013-06-30": "", "2013-03-31": "", "2012-12-31": "", "2012-09-30": "", "2012-06-30": "", "2012-03-31": "", "2011-12-31": "", "2010-12-31": ""}, "Goodwill And Intangible Assets": {"2020-09-30": "1690.26600", "2020-06-30": "1679.13900", "2020-03-31": "1684.98600", "2019-12-31": "1717.54600", "2019-09-30": "1677.82300", "2019-06-30": "1694.56200", "2019-03-31": "1703.43200", "2018-12-31": "1670.64600", "2018-09-30": "1668.76900", "2018-06-30": "1680.15100", "2018-03-31": "1677.82200", "2017-12-31": "1655.33200", "2017-09-30": "1659.01800", "2017-06-30": "1662.19900", "2017-03-31": "1641.41700", "2016-12-31": "1642.27100", "2016-09-30": "1522.81200", "2016-06-30": "1509.12400", "2016-03-31": "1529.34700", "2015-12-31": "1537.14000", "2015-09-30": "1535.83000", "2015-06-30": "1509.87200", "2015-03-31": "1485.74100", "2014-12-31": "1501.98700", "2014-09-30": "1510.32500", "2014-06-30": "1526.28300", "2014-03-31": "1523.92300", "2013-12-31": "1531.34300", "2013-09-30": "1542.28800", "2013-06-30": "1481.44700", "2013-03-31": "1412.40600", "2012-12-31": "1429.92400", "2012-09-30": "0.00000", "2012-06-30": "0.00000", "2012-03-31": "0.00000", "2011-12-31": "1400.48000", "2010-12-31": "0.00000"}, "Other Long-Term Assets": {"2020-09-30": "42.97600", "2020-06-30": "44.90200", "2020-03-31": "48.33100", "2019-12-31": "46.87700", "2019-09-30": "45.97210", "2019-06-30": "44.10700", "2019-03-31": "50.87200", "2018-12-31": "62.62800", "2018-09-30": "67.77600", "2018-06-30": "58.09700", "2018-03-31": "55.37700", "2017-12-31": "45.66600", "2017-09-30": "40.59900", "2017-06-30": "31.85800", "2017-03-31": "31.50000", "2016-12-31": "32.91500", "2016-09-30": "29.47900", "2016-06-30": "27.70700", "2016-03-31": "29.99900", "2015-12-31": "30.95200", "2015-09-30": "20.59000", "2015-06-30": "17.63300", "2015-03-31": "16.99800", "2014-12-31": "16.40400", "2014-09-30": "14.21200", "2014-06-30": "14.55500", "2014-03-31": "14.89200", "2013-12-31": "15.02700", "2013-09-30": "12.08100", "2013-06-30": "11.16700", "2013-03-31": "8.43800", "2012-12-31": "9.65900", "2012-09-30": "", "2012-06-30": "", "2012-03-31": "", "2011-12-31": "7.50000", "2010-12-31": ""}, "Total Long-Term Assets": {"2020-09-30": "3058.02400", "2020-06-30": "3034.67500", "2020-03-31": "3066.82900", "2019-12-31": "3101.53200", "2019-09-30": "2983.09700", "2019-06-30": "3006.33900", "2019-03-31": "3008.90100", "2018-12-31": "2330.41500", "2018-09-30": "2322.95600", "2018-06-30": "2321.49700", "2018-03-31": "2318.13400", "2017-12-31": "2276.18300", "2017-09-30": "2267.36400", "2017-06-30": "2250.46600", "2017-03-31": "2209.99300", "2016-12-31": "2204.61800", "2016-09-30": "1982.55100", "2016-06-30": "1957.27200", "2016-03-31": "1984.33200", "2015-12-31": "1997.82800", "2015-09-30": "1986.80000", "2015-06-30": "1943.65700", "2015-03-31": "1899.36500", "2014-12-31": "1917.91800", "2014-09-30": "1923.40100", "2014-06-30": "1941.80100", "2014-03-31": "1932.51100", "2013-12-31": "1937.50000", "2013-09-30": "1940.09500", "2013-06-30": "1859.54100", "2013-03-31": "1768.39700", "2012-12-31": "1780.09100", "2012-09-30": "", "2012-06-30": "", "2012-03-31": "", "2011-12-31": "1739.85000", "2010-12-31": ""}, "Total Assets": {"2020-09-30": "3673.52100", "2020-06-30": "3611.59600", "2020-03-31": "3350.99400", "2019-12-31": "3330.42000", "2019-09-30": "3211.22600", "2019-06-30": "3193.47900", "2019-03-31": "3196.53600", "2018-12-31": "2524.30600", "2018-09-30": "2497.41400", "2018-06-30": "2481.75400", "2018-03-31": "2514.48000", "2017-12-31": "2468.64400", "2017-09-30": "2463.15000", "2017-06-30": "2418.37200", "2017-03-31": "2376.45800", "2016-12-31": "2359.01700", "2016-09-30": "2128.69700", "2016-06-30": "2107.83500", "2016-03-31": "2143.99100", "2015-12-31": "2150.54100", "2015-09-30": "2153.94100", "2015-06-30": "2148.67000", "2015-03-31": "2153.51400", "2014-12-31": "2141.07600", "2014-09-30": "2153.83800", "2014-06-30": "2166.48200", "2014-03-31": "2121.51200", "2013-12-31": "2102.67000", "2013-09-30": "2087.76700", "2013-06-30": "2032.75100", "2013-03-31": "1975.35000", "2012-12-31": "1916.10800", "2012-09-30": "0.00000", "2012-06-30": "0.00000", "2012-03-31": "0.00000", "2011-12-31": "1771.16000", "2010-12-31": "0.00000"}, "Total Current Liabilities": {"2020-09-30": "504.82700", "2020-06-30": "491.54700", "2020-03-31": "497.18100", "2019-12-31": "483.29000", "2019-09-30": "469.99100", "2019-06-30": "453.32500", "2019-03-31": "514.25600", "2018-12-31": "483.78500", "2018-09-30": "452.51700", "2018-06-30": "469.22400", "2018-03-31": "511.72300", "2017-12-31": "460.65500", "2017-09-30": "398.44100", "2017-06-30": "397.12600", "2017-03-31": "356.11200", "2016-12-31": "387.58000", "2016-09-30": "309.12500", "2016-06-30": "320.33400", "2016-03-31": "301.68100", "2015-12-31": "305.34300", "2015-09-30": "315.61200", "2015-06-30": "288.46300", "2015-03-31": "272.47600", "2014-12-31": "279.42300", "2014-09-30": "237.77700", "2014-06-30": "250.05500", "2014-03-31": "241.51000", "2013-12-31": "255.08800", "2013-09-30": "260.43100", "2013-06-30": "245.34500", "2013-03-31": "226.29000", "2012-12-31": "201.89300", "2012-09-30": "", "2012-06-30": "", "2012-03-31": "", "2011-12-31": "193.67000", "2010-12-31": ""}, "Long Term Debt": {"2020-09-30": "1022.48900", "2020-06-30": "1024.80100", "2020-03-31": "1025.84400", "2019-12-31": "1028.04900", "2019-09-30": "1030.25400", "2019-06-30": "1032.45900", "2019-03-31": "1034.66400", "2018-12-31": "1036.87000", "2018-09-30": "1039.07400", "2018-06-30": "1041.28000", "2018-03-31": "1043.78800", "2017-12-31": "1046.01100", "2017-09-30": "1048.64300", "2017-06-30": "1050.88900", "2017-03-31": "1051.76100", "2016-12-31": "1054.00900", "2016-09-30": "900.35800", "2016-06-30": "901.78700", "2016-03-31": "903.21500", "2015-12-31": "905.66100", "2015-09-30": "907.13700", "2015-06-30": "908.61300", "2015-03-31": "910.08900", "2014-12-31": "911.62700", "2014-09-30": "752.65700", "2014-06-30": "753.87900", "2014-03-31": "755.10100", "2013-12-31": "756.32300", "2013-09-30": "757.54400", "2013-06-30": "758.76600", "2013-03-31": "759.98700", "2012-12-31": "904.60700", "2012-09-30": "", "2012-06-30": "", "2012-03-31": "", "2011-12-31": "794.44000", "2010-12-31": ""}, "Other Non-Current Liabilities": {"2020-09-30": "114.77800", "2020-06-30": "106.97700", "2020-03-31": "101.35200", "2019-12-31": "92.86500", "2019-09-30": "94.30800", "2019-06-30": "96.00800", "2019-03-31": "92.61400", "2018-12-31": "75.36800", "2018-09-30": "145.04500", "2018-06-30": "141.31800", "2018-03-31": "139.86400", "2017-12-31": "130.67000", "2017-09-30": "122.42200", "2017-06-30": "122.90000", "2017-03-31": "120.40800", "2016-12-31": "111.56600", "2016-09-30": "104.64100", "2016-06-30": "92.66800", "2016-03-31": "94.40000", "2015-12-31": "94.22100", "2015-09-30": "79.89700", "2015-06-30": "73.63500", "2015-03-31": "69.82100", "2014-12-31": "66.50600", "2014-09-30": "63.50200", "2014-06-30": "62.62900", "2014-03-31": "61.37800", "2013-12-31": "56.47300", "2013-09-30": "55.00800", "2013-06-30": "51.88400", "2013-03-31": "49.29700", "2012-12-31": "902.76200", "2012-09-30": "", "2012-06-30": "", "2012-03-31": "", "2011-12-31": "41.10000", "2010-12-31": ""}, "Total Long Term Liabilities": {"2020-09-30": "1941.58100", "2020-06-30": "1921.77400", "2020-03-31": "1916.28500", "2019-12-31": "1875.86200", "2019-09-30": "1846.74000", "2019-06-30": "1861.79200", "2019-03-31": "1845.26800", "2018-12-31": "1261.04400", "2018-09-30": "1264.68400", "2018-06-30": "1263.50800", "2018-03-31": "1265.58000", "2017-12-31": "1258.92900", "2017-09-30": "1290.19600", "2017-06-30": "1299.20900", "2017-03-31": "1294.29500", "2016-12-31": "1283.57000", "2016-09-30": "1121.61100", "2016-06-30": "1109.51600", "2016-03-31": "1114.24200", "2015-12-31": "1117.59000", "2015-09-30": "1123.50600", "2015-06-30": "1117.96900", "2015-03-31": "1115.58700", "2014-12-31": "1110.69400", "2014-09-30": "963.58900", "2014-06-30": "964.69900", "2014-03-31": "965.06400", "2013-12-31": "958.44500", "2013-09-30": "977.38600", "2013-06-30": "974.91500", "2013-03-31": "966.85000", "2012-12-31": "1968.10200", "2012-09-30": "", "2012-06-30": "", "2012-03-31": "", "2011-12-31": "1011.08000", "2010-12-31": ""}, "Total Liabilities": {"2020-09-30": "2446.40800", "2020-06-30": "2413.32100", "2020-03-31": "2413.46600", "2019-12-31": "2359.15200", "2019-09-30": "2316.73100", "2019-06-30": "2315.11700", "2019-03-31": "2359.52400", "2018-12-31": "1744.82900", "2018-09-30": "1717.20100", "2018-06-30": "1732.73200", "2018-03-31": "1777.30300", "2017-12-31": "1719.58400", "2017-09-30": "1688.63700", "2017-06-30": "1696.33500", "2017-03-31": "1650.40700", "2016-12-31": "1671.15000", "2016-09-30": "1430.73600", "2016-06-30": "1429.85000", "2016-03-31": "1415.92300", "2015-12-31": "1422.93300", "2015-09-30": "1439.11800", "2015-06-30": "1406.43200", "2015-03-31": "1388.06300", "2014-12-31": "1390.11700", "2014-09-30": "1201.36600", "2014-06-30": "1214.75400", "2014-03-31": "1206.57400", "2013-12-31": "1213.53300", "2013-09-30": "1237.81700", "2013-06-30": "1220.26000", "2013-03-31": "1193.14000", "2012-12-31": "2169.99500", "2012-09-30": "0.00000", "2012-06-30": "0.00000", "2012-03-31": "0.00000", "2011-12-31": "1977.19000", "2010-12-31": "0.00000"}, "Common Stock Net": {"2020-09-30": "0.06000", "2020-06-30": "0.06000", "2020-03-31": "0.05800", "2019-12-31": "0.05800", "2019-09-30": "0.05800", "2019-06-30": "0.05800", "2019-03-31": "0.05800", "2018-12-31": "0.05700", "2018-09-30": "0.05800", "2018-06-30": "0.05800", "2018-03-31": "0.05800", "2017-12-31": "0.05800", "2017-09-30": "0.05900", "2017-06-30": "0.05900", "2017-03-31": "0.05900", "2016-12-31": "0.05900", "2016-09-30": "0.05900", "2016-06-30": "0.05900", "2016-03-31": "0.06000", "2015-12-31": "0.06000", "2015-09-30": "0.06000", "2015-06-30": "0.06100", "2015-03-31": "0.06200", "2014-12-31": "0.06200", "2014-09-30": "0.06600", "2014-06-30": "0.06600", "2014-03-31": "0.06600", "2013-12-31": "0.06500", "2013-09-30": "0.06500", "2013-06-30": "0.06500", "2013-03-31": "0.06500", "2012-12-31": "0.00600", "2012-09-30": "0.00000", "2012-06-30": "0.00000", "2012-03-31": "0.00000", "2011-12-31": "0.00000", "2010-12-31": "0.00000"}, "Retained Earnings (Accumulated Deficit)": {"2020-09-30": "397.94700", "2020-06-30": "404.60100", "2020-03-31": "404.24200", "2019-12-31": "373.51000", "2019-09-30": "325.74700", "2019-06-30": "284.49300", "2019-03-31": "235.16600", "2018-12-31": "193.12400", "2018-09-30": "146.46700", "2018-06-30": "112.86700", "2018-03-31": "72.44100", "2017-12-31": "35.14300", "2017-09-30": "-16.30100", "2017-06-30": "-47.40600", "2017-03-31": "-80.44600", "2016-12-31": "-121.82000", "2016-09-30": "-138.94000", "2016-06-30": "-161.45000", "2016-03-31": "-191.85300", "2015-12-31": "-216.58000", "2015-09-30": "-240.49800", "2015-06-30": "-261.05600", "2015-03-31": "-287.97500", "2014-12-31": "-310.50700", "2014-09-30": "-329.40100", "2014-06-30": "-344.78000", "2014-03-31": "-366.49400", "2013-12-31": "-382.54200", "2013-09-30": "-406.28500", "2013-06-30": "-421.32900", "2013-03-31": "-445.90800", "2012-12-31": "-395.16500", "2012-09-30": "", "2012-06-30": "", "2012-03-31": "", "2011-12-31": "-318.68000", "2010-12-31": ""}, "Comprehensive Income": {"2020-09-30": "-66.86000", "2020-06-30": "-91.75900", "2020-03-31": "-94.10900", "2019-12-31": "-50.33100", "2019-09-30": "-94.53700", "2019-06-30": "-73.34300", "2019-03-31": "-58.24400", "2018-12-31": "-62.35500", "2018-09-30": "-48.97500", "2018-06-30": "-39.99600", "2018-03-31": "-7.80000", "2017-12-31": "-33.29600", "2017-09-30": "-40.41900", "2017-06-30": "-59.40200", "2017-03-31": "-82.10700", "2016-12-31": "-89.44800", "2016-09-30": "-71.16400", "2016-06-30": "-64.11000", "2016-03-31": "-44.21000", "2015-12-31": "-39.27000", "2015-09-30": "-31.02400", "2015-06-30": "-22.95900", "2015-03-31": "-38.57000", "2014-12-31": "-21.68700", "2014-09-30": "-8.13200", "2014-06-30": "8.43000", "2014-03-31": "2.94100", "2013-12-31": "1.41600", "2013-09-30": "-5.19100", "2013-06-30": "-20.65800", "2013-03-31": "-20.63800", "2012-12-31": "-8.81600", "2012-09-30": "", "2012-06-30": "", "2012-03-31": "", "2011-12-31": "", "2010-12-31": ""}, "Other Share Holders Equity": {"2020-09-30": "", "2020-06-30": "", "2020-03-31": "", "2019-12-31": "", "2019-09-30": "", "2019-06-30": "", "2019-03-31": "", "2018-12-31": "", "2018-09-30": "", "2018-06-30": "", "2018-03-31": "", "2017-12-31": "", "2017-09-30": "", "2017-06-30": "", "2017-03-31": "", "2016-12-31": "", "2016-09-30": "", "2016-06-30": "", "2016-03-31": "", "2015-12-31": "", "2015-09-30": "", "2015-06-30": "", "2015-03-31": "", "2014-12-31": "", "2014-09-30": "", "2014-06-30": "", "2014-03-31": "", "2013-12-31": "", "2013-09-30": "", "2013-06-30": "", "2013-03-31": "", "2012-12-31": "", "2012-09-30": "0.00000", "2012-06-30": "0.00000", "2012-03-31": "0.00000", "2011-12-31": "-14.16000", "2010-12-31": "0.00000"}, "Share Holder Equity": {"2020-09-30": "1227.11300", "2020-06-30": "1198.27500", "2020-03-31": "937.52800", "2019-12-31": "971.26800", "2019-09-30": "894.49500", "2019-06-30": "878.36200", "2019-03-31": "837.01200", "2018-12-31": "779.47700", "2018-09-30": "780.21300", "2018-06-30": "749.02200", "2018-03-31": "737.17700", "2017-12-31": "749.06000", "2017-09-30": "774.51300", "2017-06-30": "722.03700", "2017-03-31": "726.05100", "2016-12-31": "687.86700", "2016-09-30": "697.96100", "2016-06-30": "677.98500", "2016-03-31": "728.06800", "2015-12-31": "727.60800", "2015-09-30": "714.82300", "2015-06-30": "742.23800", "2015-03-31": "765.45100", "2014-12-31": "750.95900", "2014-09-30": "952.47200", "2014-06-30": "951.72800", "2014-03-31": "914.93800", "2013-12-31": "889.13700", "2013-09-30": "849.95000", "2013-06-30": "812.49100", "2013-03-31": "782.21000", "2012-12-31": "-253.88700", "2012-09-30": "0.00000", "2012-06-30": "0.00000", "2012-03-31": "0.00000", "2011-12-31": "-206.02000", "2010-12-31": "0.00000"}, "Total Liabilities And Share Holders Equity": {"2020-09-30": "3673.52100", "2020-06-30": "3611.59600", "2020-03-31": "3350.99400", "2019-12-31": "3330.42000", "2019-09-30": "3211.22600", "2019-06-30": "3193.47900", "2019-03-31": "3196.53600", "2018-12-31": "2524.30600", "2018-09-30": "2497.41400", "2018-06-30": "2481.75400", "2018-03-31": "2514.48000", "2017-12-31": "2468.64400", "2017-09-30": "2463.15000", "2017-06-30": "2418.37200", "2017-03-31": "2376.45800", "2016-12-31": "2359.01700", "2016-09-30": "2128.69700", "2016-06-30": "2107.83500", "2016-03-31": "2143.99100", "2015-12-31": "2150.54100", "2015-09-30": "2153.94100", "2015-06-30": "2148.67000", "2015-03-31": "2153.51400", "2014-12-31": "2141.07600", "2014-09-30": "2153.83800", "2014-06-30": "2166.48200", "2014-03-31": "2121.51200", "2013-12-31": "2102.67000", "2013-09-30": "2087.76700", "2013-06-30": "2032.75100", "2013-03-31": "1975.35000", "2012-12-31": "1916.10800", "2012-09-30": "0.00000", "2012-06-30": "0.00000", "2012-03-31": "0.00000", "2011-12-31": "1771.16000", "2010-12-31": "0.00000"}}, "cash flow statement": {"Net Income/Loss": {"2019-12-31": "180.38600", "2018-12-31": "157.98100", "2017-12-31": "156.96300", "2016-12-31": "94.76000", "2015-12-31": "93.92700", "2014-12-31": "72.03500", "2013-12-31": "12.34400", "2012-12-31": "8.50900", "2011-12-31": "4.76200", "2010-12-31": "-9.99400"}, "Total Depreciation And Amortization - Cash Flow": {"2019-12-31": "110.19800", "2018-12-31": "102.84400", "2017-12-31": "96.55200", "2016-12-31": "88.75800", "2015-12-31": "82.24900", "2014-12-31": "80.49900", "2013-12-31": "75.57100", "2012-12-31": "68.13100", "2011-12-31": "61.78100", "2010-12-31": "59.46300"}, "Other Non-Cash Items": {"2019-12-31": "3.45500", "2018-12-31": "8.94600", "2017-12-31": "-20.94900", "2016-12-31": "10.54200", "2015-12-31": "9.02500", "2014-12-31": "-4.73000", "2013-12-31": "61.67700", "2012-12-31": "6.43000", "2011-12-31": "-4.62400", "2010-12-31": "-9.44400"}, "Total Non-Cash Items": {"2019-12-31": "113.65300", "2018-12-31": "111.79000", "2017-12-31": "75.60300", "2016-12-31": "99.30000", "2015-12-31": "91.27400", "2014-12-31": "75.76900", "2013-12-31": "137.24800", "2012-12-31": "74.56100", "2011-12-31": "57.15700", "2010-12-31": "50.01900"}, "Change In Accounts Receivable": {"2019-12-31": "-15.71800", "2018-12-31": "-14.49800", "2017-12-31": "-18.68900", "2016-12-31": "-0.07800", "2015-12-31": "-13.34000", "2014-12-31": "-4.60400", "2013-12-31": "-11.45800", "2012-12-31": "-1.58000", "2011-12-31": "-1.48700", "2010-12-31": "-6.96800"}, "Change In Inventories": {"2019-12-31": "", "2018-12-31": "", "2017-12-31": "", "2016-12-31": "", "2015-12-31": "", "2014-12-31": "", "2013-12-31": "", "2012-12-31": "", "2011-12-31": "", "2010-12-31": ""}, "Change In Accounts Payable": {"2019-12-31": "", "2018-12-31": "", "2017-12-31": "", "2016-12-31": "", "2015-12-31": "", "2014-12-31": "", "2013-12-31": "", "2012-12-31": "", "2011-12-31": "", "2010-12-31": ""}, "Change In Assets/Liabilities": {"2019-12-31": "38.00100", "2018-12-31": "26.88200", "2017-12-31": "17.24800", "2016-12-31": "13.32000", "2015-12-31": "16.71600", "2014-12-31": "18.00300", "2013-12-31": "32.42300", "2012-12-31": "0.80100", "2011-12-31": "11.61200", "2010-12-31": "19.94600"}, "Total Change In Assets/Liabilities": {"2019-12-31": "36.31400", "2018-12-31": "24.97600", "2017-12-31": "15.62700", "2016-12-31": "19.15700", "2015-12-31": "-15.14500", "2014-12-31": "26.49300", "2013-12-31": "7.94400", "2012-12-31": "0.15800", "2011-12-31": "50.74900", "2010-12-31": "11.70200"}, "Cash Flow From Operating Activities": {"2019-12-31": "330.35300", "2018-12-31": "294.74700", "2017-12-31": "248.19300", "2016-12-31": "213.21700", "2015-12-31": "170.05600", "2014-12-31": "174.29700", "2013-12-31": "159.67900", "2012-12-31": "106.98200", "2011-12-31": "133.57000", "2010-12-31": "70.11900"}, "Net Change In Property, Plant, And Equipment": {"2019-12-31": "-104.76500", "2018-12-31": "-90.66500", "2017-12-31": "-83.83700", "2016-12-31": "-74.10000", "2015-12-31": "-77.73500", "2014-12-31": "-65.80900", "2013-12-31": "-69.32000", "2012-12-31": "-69.06500", "2011-12-31": "-37.66600", "2010-12-31": "-39.51700"}, "Net Change In Intangible Assets": {"2019-12-31": "", "2018-12-31": "", "2017-12-31": "", "2016-12-31": "", "2015-12-31": "", "2014-12-31": "", "2013-12-31": "", "2012-12-31": "", "2011-12-31": "", "2010-12-31": ""}, "Net Acquisitions/Divestitures": {"2019-12-31": "-53.42500", "2018-12-31": "-67.11100", "2017-12-31": "-21.48400", "2016-12-31": "-228.73700", "2015-12-31": "-77.61900", "2014-12-31": "-13.22200", "2013-12-31": "-129.81200", "2012-12-31": "-111.82500", "2011-12-31": "-57.32600", "2010-12-31": "-6.38700"}, "Net Change In Short-term Investments": {"2019-12-31": "", "2018-12-31": "", "2017-12-31": "", "2016-12-31": "", "2015-12-31": "", "2014-12-31": "", "2013-12-31": "", "2012-12-31": "", "2011-12-31": "", "2010-12-31": ""}, "Net Change In Long-Term Investments": {"2019-12-31": "-30.88000", "2018-12-31": "-0.76700", "2017-12-31": "", "2016-12-31": "", "2015-12-31": "", "2014-12-31": "", "2013-12-31": "-2.00000", "2012-12-31": "", "2011-12-31": "", "2010-12-31": ""}, "Net Change In Investments - Total": {"2019-12-31": "-30.88000", "2018-12-31": "-0.76700", "2017-12-31": "", "2016-12-31": "", "2015-12-31": "", "2014-12-31": "", "2013-12-31": "-2.00000", "2012-12-31": "", "2011-12-31": "", "2010-12-31": ""}, "Investing Activities - Other": {"2019-12-31": "", "2018-12-31": "", "2017-12-31": "", "2016-12-31": "", "2015-12-31": "", "2014-12-31": "1.03000", "2013-12-31": "", "2012-12-31": "", "2011-12-31": "", "2010-12-31": ""}, "Cash Flow From Investing Activities": {"2019-12-31": "-189.07000", "2018-12-31": "-158.54300", "2017-12-31": "-105.32100", "2016-12-31": "-302.83700", "2015-12-31": "-155.35400", "2014-12-31": "-78.00100", "2013-12-31": "-201.13200", "2012-12-31": "-180.89000", "2011-12-31": "-94.99200", "2010-12-31": "-45.90400"}, "Net Long-Term Debt": {"2019-12-31": "-10.75000", "2018-12-31": "-10.75000", "2017-12-31": "-8.06300", "2016-12-31": "135.95900", "2015-12-31": "-9.55000", "2014-12-31": "153.90300", "2013-12-31": "-211.00800", "2012-12-31": "76.84900", "2011-12-31": "-4.93300", "2010-12-31": "-3.65600"}, "Net Current Debt": {"2019-12-31": "-117.85800", "2018-12-31": "-8.90000", "2017-12-31": "51.10000", "2016-12-31": "52.00000", "2015-12-31": "24.00000", "2014-12-31": "", "2013-12-31": "", "2012-12-31": "", "2011-12-31": "-18.50000", "2010-12-31": "-20.30000"}, "Debt Issuance/Retirement Net - Total": {"2019-12-31": "-128.60800", "2018-12-31": "-19.65000", "2017-12-31": "43.03700", "2016-12-31": "187.95900", "2015-12-31": "14.45000", "2014-12-31": "153.90300", "2013-12-31": "-211.00800", "2012-12-31": "76.84900", "2011-12-31": "-23.43300", "2010-12-31": "-23.95600"}, "Net Common Equity Issued/Repurchased": {"2019-12-31": "-4.99400", "2018-12-31": "-103.74600", "2017-12-31": "-135.20700", "2016-12-31": "-97.43100", "2015-12-31": "-114.42800", "2014-12-31": "-199.44600", "2013-12-31": "241.84600", "2012-12-31": "-3.02500", "2011-12-31": "0.05900", "2010-12-31": "0.14700"}, "Net Total Equity Issued/Repurchased": {"2019-12-31": "-4.99400", "2018-12-31": "-103.74600", "2017-12-31": "-135.20700", "2016-12-31": "-97.43100", "2015-12-31": "-114.42800", "2014-12-31": "-199.44600", "2013-12-31": "241.84600", "2012-12-31": "-3.02500", "2011-12-31": "0.05900", "2010-12-31": "0.14700"}, "Total Common And Preferred Stock Dividends Paid": {"2019-12-31": "", "2018-12-31": "", "2017-12-31": "", "2016-12-31": "", "2015-12-31": "", "2014-12-31": "", "2013-12-31": "", "2012-12-31": "", "2011-12-31": "", "2010-12-31": ""}, "Financial Activities - Other": {"2019-12-31": "-15.52600", "2018-12-31": "-10.79700", "2017-12-31": "-31.69400", "2016-12-31": "3.22700", "2015-12-31": "9.39700", "2014-12-31": "9.12300", "2013-12-31": "5.92300", "2012-12-31": "3.38100", "2011-12-31": "0.09300", "2010-12-31": "0.31200"}, "Cash Flow From Financial Activities": {"2019-12-31": "-149.12800", "2018-12-31": "-134.19300", "2017-12-31": "-123.86400", "2016-12-31": "93.75500", "2015-12-31": "-90.58100", "2014-12-31": "-36.42000", "2013-12-31": "36.76100", "2012-12-31": "77.20500", "2011-12-31": "-23.28100", "2010-12-31": "-23.49700"}, "Net Cash Flow": {"2019-12-31": "-7.28600", "2018-12-31": "1.90800", "2017-12-31": "20.51500", "2016-12-31": "3.01400", "2015-12-31": "-76.34700", "2014-12-31": "58.30100", "2013-12-31": "-4.52400", "2012-12-31": "3.66100", "2011-12-31": "15.01000", "2010-12-31": "1.07800"}, "Stock-Based Compensation": {"2019-12-31": "17.28300", "2018-12-31": "13.81100", "2017-12-31": "12.07200", "2016-12-31": "11.64600", "2015-12-31": "9.20000", "2014-12-31": "7.92200", "2013-12-31": "10.69200", "2012-12-31": "17.59600", "2011-12-31": "1.15800", "2010-12-31": "2.35400"}, "Common Stock Dividends Paid": {"2019-12-31": "", "2018-12-31": "", "2017-12-31": "", "2016-12-31": "", "2015-12-31": "", "2014-12-31": "", "2013-12-31": "", "2012-12-31": "", "2011-12-31": "", "2010-12-31": ""}}, "cash flow statement, quarterly": {"Net Income/Loss": {"2020-09-30": -6.654, "2020-06-30": 0.359, "2020-03-31": "30.73200", "2019-12-31": 47.763, "2019-09-30": 41.254, "2019-06-30": 49.327, "2019-03-31": "42.04200", "2018-12-31": 46.657, "2018-09-30": 33.6, "2018-06-30": 40.426, "2018-03-31": "37.29800", "2017-12-31": 51.444, "2017-09-30": 31.105, "2017-06-30": 33.04, "2017-03-31": "41.37400", "2016-12-31": 17.12, "2016-09-30": 22.51, "2016-06-30": 30.403, "2016-03-31": "24.72700", "2015-12-31": 23.918, "2015-09-30": 20.558, "2015-06-30": 26.919, "2015-03-31": "22.53200", "2014-12-31": 18.894, "2014-09-30": 15.379, "2014-06-30": 21.714, "2014-03-31": "16.04800", "2013-12-31": 23.676, "2013-09-30": 14.942, "2013-06-30": 24.507, "2013-03-31": "-50.78100", "2012-12-31": 4.218, "2012-09-30": 2.606, "2012-06-30": -1.914, "2012-03-31": "3.59000", "2011-12-31": 14.75, "2010-12-31": -9.99}, "Total Depreciation And Amortization - Cash Flow": {"2020-09-30": 27.293, "2020-06-30": 27.659, "2020-03-31": "28.22100", "2019-12-31": 29.771, "2019-09-30": 27.08, "2019-06-30": 26.885, "2019-03-31": "26.46200", "2018-12-31": 27.698, "2018-09-30": 25.213, "2018-06-30": 25.25, "2018-03-31": "24.68300", "2017-12-31": 24.94, "2017-09-30": 24.127, "2017-06-30": 23.632, "2017-03-31": "23.85300", "2016-12-31": 23.807, "2016-09-30": 21.957, "2016-06-30": 21.526, "2016-03-31": "21.46800", "2015-12-31": 21.038, "2015-09-30": 20.784, "2015-06-30": 20.193, "2015-03-31": "20.23400", "2014-12-31": 19.908, "2014-09-30": 20.135, "2014-06-30": 20.088, "2014-03-31": "20.36800", "2013-12-31": 20.249, "2013-09-30": 19.466, "2013-06-30": 18.908, "2013-03-31": "16.94800", "2012-12-31": 17.869, "2012-09-30": 17.644, "2012-06-30": 16.548, "2012-03-31": "16.06900", "2011-12-31": 2.32, "2010-12-31": 59.46}, "Other Non-Cash Items": {"2020-09-30": 19.624, "2020-06-30": 20.939, "2020-03-31": "3.51400", "2019-12-31": -13.035, "2019-09-30": 5.525, "2019-06-30": 2.603, "2019-03-31": "8.36200", "2018-12-31": -0.925, "2018-09-30": 3.875, "2018-06-30": 2.879, "2018-03-31": "3.11700", "2017-12-31": -34.654, "2017-09-30": 3.323, "2017-06-30": 4.57, "2017-03-31": "5.81200", "2016-12-31": 6.959, "2016-09-30": 1.309, "2016-06-30": 1.76, "2016-03-31": "0.51400", "2015-12-31": -3.554, "2015-09-30": 3.663, "2015-06-30": 2.002, "2015-03-31": "6.91400", "2014-12-31": -11.34, "2014-09-30": 2.164, "2014-06-30": 1.868, "2014-03-31": "2.57800", "2013-12-31": -12.371, "2013-09-30": 1.117, "2013-06-30": 2.345, "2013-03-31": "70.58600", "2012-12-31": 3.75, "2012-09-30": -0.707, "2012-06-30": 5.634, "2012-03-31": "-2.24700", "2011-12-31": 0, "2010-12-31": 0}, "Total Non-Cash Items": {"2020-09-30": 46.917, "2020-06-30": 48.598, "2020-03-31": "31.73500", "2019-12-31": 16.736, "2019-09-30": 32.605, "2019-06-30": 29.488, "2019-03-31": "34.82400", "2018-12-31": 26.773, "2018-09-30": 29.088, "2018-06-30": 28.129, "2018-03-31": "27.80000", "2017-12-31": -9.714, "2017-09-30": 27.45, "2017-06-30": 28.202, "2017-03-31": "29.66500", "2016-12-31": 30.766, "2016-09-30": 23.266, "2016-06-30": 23.286, "2016-03-31": "21.98200", "2015-12-31": 17.484, "2015-09-30": 24.447, "2015-06-30": 22.195, "2015-03-31": "27.14800", "2014-12-31": 8.568, "2014-09-30": 22.299, "2014-06-30": 21.956, "2014-03-31": "22.94600", "2013-12-31": 7.878, "2013-09-30": 20.583, "2013-06-30": 21.253, "2013-03-31": "87.53400", "2012-12-31": 15.189, "2012-09-30": 16.937, "2012-06-30": 22.182, "2012-03-31": "13.82200", "2011-12-31": 2.32, "2010-12-31": 59.46}, "Change In Accounts Receivable": {"2020-09-30": 72.064, "2020-06-30": -50.028, "2020-03-31": "-23.42100", "2019-12-31": -30.507, "2019-09-30": -6.586, "2019-06-30": 18.788, "2019-03-31": "2.58700", "2018-12-31": -26.17, "2018-09-30": -14.486, "2018-06-30": 16.149, "2018-03-31": "10.00900", "2017-12-31": -21.013, "2017-09-30": -14.108, "2017-06-30": 17.279, "2017-03-31": "-0.84700", "2016-12-31": -14.041, "2016-09-30": -11.168, "2016-06-30": 12.226, "2016-03-31": "12.90500", "2015-12-31": -24.728, "2015-09-30": -4.567, "2015-06-30": 7.775, "2015-03-31": "8.18000", "2014-12-31": -18.542, "2014-09-30": -6.777, "2014-06-30": 1.362, "2014-03-31": "19.35300", "2013-12-31": -22.435, "2013-09-30": 3.286, "2013-06-30": 2.676, "2013-03-31": "5.01500", "2012-12-31": -14.739, "2012-09-30": 0.471, "2012-06-30": 0.058, "2012-03-31": "12.63000", "2011-12-31": 0, "2010-12-31": 0}, "Change In Inventories": {"2020-09-30": 0, "2020-06-30": 0, "2020-03-31": "", "2019-12-31": 0, "2019-09-30": 0, "2019-06-30": 0, "2019-03-31": "", "2018-12-31": 0, "2018-09-30": 0, "2018-06-30": 0, "2018-03-31": "", "2017-12-31": 0, "2017-09-30": 0, "2017-06-30": 0, "2017-03-31": "", "2016-12-31": 0, "2016-09-30": 0, "2016-06-30": 0, "2016-03-31": "", "2015-12-31": 0, "2015-09-30": 0, "2015-06-30": 0, "2015-03-31": "", "2014-12-31": 0, "2014-09-30": 0, "2014-06-30": 0, "2014-03-31": "", "2013-12-31": 0, "2013-09-30": 0, "2013-06-30": 0, "2013-03-31": "", "2012-12-31": 0, "2012-09-30": 0, "2012-06-30": 0, "2012-03-31": "", "2011-12-31": 0, "2010-12-31": 0}, "Change In Accounts Payable": {"2020-09-30": 0, "2020-06-30": 0, "2020-03-31": "", "2019-12-31": 0, "2019-09-30": 0, "2019-06-30": 0, "2019-03-31": "", "2018-12-31": 0, "2018-09-30": 0, "2018-06-30": 0, "2018-03-31": "", "2017-12-31": 0, "2017-09-30": 0, "2017-06-30": 0, "2017-03-31": "", "2016-12-31": 0, "2016-09-30": 0, "2016-06-30": 0, "2016-03-31": "", "2015-12-31": 0, "2015-09-30": 0, "2015-06-30": 0, "2015-03-31": "", "2014-12-31": 0, "2014-09-30": 0, "2014-06-30": 0, "2014-03-31": "", "2013-12-31": 0, "2013-09-30": 0, "2013-06-30": 0, "2013-03-31": "", "2012-12-31": 0, "2012-09-30": 0, "2012-06-30": 0, "2012-03-31": "", "2011-12-31": 0, "2010-12-31": 0}, "Change In Assets/Liabilities": {"2020-09-30": -6.322, "2020-06-30": 33.641, "2020-03-31": "-0.85900", "2019-12-31": 22.062, "2019-09-30": -4.45, "2019-06-30": -6.197, "2019-03-31": "26.58600", "2018-12-31": 20.35, "2018-09-30": -10.727, "2018-06-30": 11.563, "2018-03-31": "5.69600", "2017-12-31": 15.192, "2017-09-30": -21.455, "2017-06-30": -4.235, "2017-03-31": "27.74600", "2016-12-31": 6.69, "2016-09-30": -9.376, "2016-06-30": -4.939, "2016-03-31": "20.94500", "2015-12-31": 46.02, "2015-09-30": -13.942, "2015-06-30": -11.676, "2015-03-31": "-3.68600", "2014-12-31": 27.355, "2014-09-30": -6.172, "2014-06-30": 0.225, "2014-03-31": "-3.40500", "2013-12-31": 41.563, "2013-09-30": -10.006, "2013-06-30": -3.995, "2013-03-31": "4.86100", "2012-12-31": 2.394, "2012-09-30": -12.404, "2012-06-30": 4.863, "2012-03-31": "5.94800", "2011-12-31": 0, "2010-12-31": 0}, "Total Change In Assets/Liabilities": {"2020-09-30": 78.33, "2020-06-30": -61.78, "2020-03-31": "1.61600", "2019-12-31": -6.576, "2019-09-30": 7.96, "2019-06-30": 4.783, "2019-03-31": "30.14700", "2018-12-31": -18.379, "2018-09-30": -11.771, "2018-06-30": 14.384, "2018-03-31": "40.74200", "2017-12-31": -6.568, "2017-09-30": -13.121, "2017-06-30": -0.318, "2017-03-31": "35.63400", "2016-12-31": 0.378, "2016-09-30": -27.705, "2016-06-30": 7.396, "2016-03-31": "39.08800", "2015-12-31": -13.609, "2015-09-30": -17.761, "2015-06-30": 18.643, "2015-03-31": "-2.41800", "2014-12-31": 25.524, "2014-09-30": -20.736, "2014-06-30": 9.058, "2014-03-31": "12.64700", "2013-12-31": 6.66, "2013-09-30": -12.486, "2013-06-30": 0.396, "2013-03-31": "13.37400", "2012-12-31": -17.748, "2012-09-30": -23.368, "2012-06-30": 26.22, "2012-03-31": "15.04600", "2011-12-31": 39.04, "2010-12-31": 11.7}, "Cash Flow From Operating Activities": {"2020-09-30": 118.593, "2020-06-30": -12.823, "2020-03-31": "64.08300", "2019-12-31": 57.923, "2019-09-30": 81.819, "2019-06-30": 83.598, "2019-03-31": "107.01300", "2018-12-31": 55.051, "2018-09-30": 50.917, "2018-06-30": 82.931, "2018-03-31": "105.84800", "2017-12-31": 35.162, "2017-09-30": 45.434, "2017-06-30": 60.924, "2017-03-31": "106.67300", "2016-12-31": 48.264, "2016-09-30": 18.071, "2016-06-30": 61.085, "2016-03-31": "85.79700", "2015-12-31": 27.793, "2015-09-30": 27.244, "2015-06-30": 67.757, "2015-03-31": "47.26200", "2014-12-31": 52.986, "2014-09-30": 16.942, "2014-06-30": 52.728, "2014-03-31": "51.64100", "2013-12-31": 38.214, "2013-09-30": 23.039, "2013-06-30": 46.156, "2013-03-31": "52.27000", "2012-12-31": 14.331, "2012-09-30": 2.206, "2012-06-30": 52.328, "2012-03-31": "38.11500", "2011-12-31": 63.46, "2010-12-31": 70.11}, "Net Change In Property, Plant, And Equipment": {"2020-09-30": -19.475, "2020-06-30": -12.382, "2020-03-31": "-12.64000", "2019-12-31": -34.604, "2019-09-30": -25.146, "2019-06-30": -23.954, "2019-03-31": "-21.06100", "2018-12-31": -28.116, "2018-09-30": -23.394, "2018-06-30": -26.388, "2018-03-31": "-12.76700", "2017-12-31": -20.767, "2017-09-30": -20.875, "2017-06-30": -22.301, "2017-03-31": "-19.89400", "2016-12-31": -23.634, "2016-09-30": -23.173, "2016-06-30": -16.656, "2016-03-31": "-10.63700", "2015-12-31": -16.32, "2015-09-30": -19.615, "2015-06-30": -24.889, "2015-03-31": "-16.91100", "2014-12-31": -17.856, "2014-09-30": -17.252, "2014-06-30": -16.41, "2014-03-31": "-14.29100", "2013-12-31": -14.161, "2013-09-30": -15.497, "2013-06-30": -17.47, "2013-03-31": "-22.19200", "2012-12-31": -21.269, "2012-09-30": -20.103, "2012-06-30": -14.768, "2012-03-31": "-12.92000", "2011-12-31": 1.85, "2010-12-31": -39.51}, "Net Change In Intangible Assets": {"2020-09-30": 0, "2020-06-30": 0, "2020-03-31": "", "2019-12-31": 0, "2019-09-30": 0, "2019-06-30": 0, "2019-03-31": "", "2018-12-31": 0, "2018-09-30": 0, "2018-06-30": 0, "2018-03-31": "", "2017-12-31": 0, "2017-09-30": 0, "2017-06-30": 0, "2017-03-31": "", "2016-12-31": 0, "2016-09-30": 0, "2016-06-30": 0, "2016-03-31": "", "2015-12-31": 0, "2015-09-30": 0, "2015-06-30": 0, "2015-03-31": "", "2014-12-31": 0, "2014-09-30": 0, "2014-06-30": 0, "2014-03-31": "", "2013-12-31": 0, "2013-09-30": 0, "2013-06-30": 0, "2013-03-31": "", "2012-12-31": 0, "2012-09-30": 0, "2012-06-30": 0, "2012-03-31": "", "2011-12-31": 0, "2010-12-31": 0}, "Net Acquisitions/Divestitures": {"2020-09-30": -3.707, "2020-06-30": -0.865, "2020-03-31": "-3.52900", "2019-12-31": -22.584, "2019-09-30": -4.981, "2019-06-30": -6.37, "2019-03-31": "-19.49000", "2018-12-31": -15.367, "2018-09-30": -1.12, "2018-06-30": -50.624, "2018-03-31": "", "2017-12-31": -3.958, "2017-09-30": -0.5, "2017-06-30": -17.026, "2017-03-31": "", "2016-12-31": -206.43, "2016-09-30": -19.948, "2016-06-30": 0.574, "2016-03-31": "-2.93300", "2015-12-31": -10.983, "2015-09-30": -44.226, "2015-06-30": -21.338, "2015-03-31": "-1.07200", "2014-12-31": -6.7, "2014-09-30": 0, "2014-06-30": -6.522, "2014-03-31": "", "2013-12-31": -4.423, "2013-09-30": -61.176, "2013-06-30": -64.213, "2013-03-31": "", "2012-12-31": -3.78, "2012-09-30": 0.128, "2012-06-30": -108.168, "2012-03-31": "", "2011-12-31": -50.94, "2010-12-31": -6.38}, "Net Change In Short-term Investments": {"2020-09-30": 0, "2020-06-30": 0, "2020-03-31": "", "2019-12-31": 0, "2019-09-30": 0, "2019-06-30": 0, "2019-03-31": "", "2018-12-31": 0, "2018-09-30": 0, "2018-06-30": 0, "2018-03-31": "", "2017-12-31": 0, "2017-09-30": 0, "2017-06-30": 0, "2017-03-31": "", "2016-12-31": 0, "2016-09-30": 0, "2016-06-30": 0, "2016-03-31": "", "2015-12-31": 0, "2015-09-30": 0, "2015-06-30": 0, "2015-03-31": "", "2014-12-31": 0, "2014-09-30": 0, "2014-06-30": 0, "2014-03-31": "", "2013-12-31": 0, "2013-09-30": 0, "2013-06-30": 0, "2013-03-31": "", "2012-12-31": 0, "2012-09-30": 0, "2012-06-30": 0, "2012-03-31": "", "2011-12-31": 0, "2010-12-31": 0}, "Net Change In Long-Term Investments": {"2020-09-30": 3, "2020-06-30": -2.106, "2020-03-31": "3.24700", "2019-12-31": -5.018, "2019-09-30": -5.838, "2019-06-30": -20.024, "2019-03-31": "", "2018-12-31": -0.767, "2018-09-30": 0, "2018-06-30": 0, "2018-03-31": "", "2017-12-31": 0, "2017-09-30": 0, "2017-06-30": 0, "2017-03-31": "", "2016-12-31": 0, "2016-09-30": 0, "2016-06-30": 0, "2016-03-31": "", "2015-12-31": 0, "2015-09-30": 0, "2015-06-30": 0, "2015-03-31": "", "2014-12-31": 0, "2014-09-30": 0, "2014-06-30": 0, "2014-03-31": "", "2013-12-31": -2, "2013-09-30": 0, "2013-06-30": 0, "2013-03-31": "", "2012-12-31": 0, "2012-09-30": 0, "2012-06-30": 0, "2012-03-31": "", "2011-12-31": 0, "2010-12-31": 0}, "Net Change In Investments - Total": {"2020-09-30": 3, "2020-06-30": -2.106, "2020-03-31": "3.24700", "2019-12-31": -5.018, "2019-09-30": -5.838, "2019-06-30": -20.024, "2019-03-31": "", "2018-12-31": -0.767, "2018-09-30": 0, "2018-06-30": 0, "2018-03-31": "", "2017-12-31": 0, "2017-09-30": 0, "2017-06-30": 0, "2017-03-31": "", "2016-12-31": 0, "2016-09-30": 0, "2016-06-30": 0, "2016-03-31": "", "2015-12-31": 0, "2015-09-30": 0, "2015-06-30": 0, "2015-03-31": "", "2014-12-31": 0, "2014-09-30": 0, "2014-06-30": 0, "2014-03-31": "", "2013-12-31": -2, "2013-09-30": 0, "2013-06-30": 0, "2013-03-31": "", "2012-12-31": 0, "2012-09-30": 0, "2012-06-30": 0, "2012-03-31": "", "2011-12-31": 0, "2010-12-31": 0}, "Investing Activities - Other": {"2020-09-30": 0, "2020-06-30": 0.042, "2020-03-31": "-0.04200", "2019-12-31": 0, "2019-09-30": 0, "2019-06-30": 20.011, "2019-03-31": "-20.01100", "2018-12-31": 0, "2018-09-30": 0, "2018-06-30": 16.716, "2018-03-31": "-16.71600", "2017-12-31": 0, "2017-09-30": 0, "2017-06-30": 2.979, "2017-03-31": "-2.97900", "2016-12-31": 0, "2016-09-30": 0, "2016-06-30": 0, "2016-03-31": "", "2015-12-31": 0, "2015-09-30": 0, "2015-06-30": 0, "2015-03-31": "", "2014-12-31": 0, "2014-09-30": 0, "2014-06-30": 0.855, "2014-03-31": "0.17500", "2013-12-31": 0, "2013-09-30": 0, "2013-06-30": 0, "2013-03-31": "", "2012-12-31": 0, "2012-09-30": 0, "2012-06-30": 0, "2012-03-31": "", "2011-12-31": 0, "2010-12-31": 0}, "Cash Flow From Investing Activities": {"2020-09-30": -20.182, "2020-06-30": -15.311, "2020-03-31": "-12.96400", "2019-12-31": -62.206, "2019-09-30": -35.965, "2019-06-30": -30.337, "2019-03-31": "-60.56200", "2018-12-31": -44.25, "2018-09-30": -24.514, "2018-06-30": -60.296, "2018-03-31": "-29.48300", "2017-12-31": -24.725, "2017-09-30": -21.375, "2017-06-30": -36.348, "2017-03-31": "-22.87300", "2016-12-31": -230.064, "2016-09-30": -43.121, "2016-06-30": -16.082, "2016-03-31": "-13.57000", "2015-12-31": -27.303, "2015-09-30": -63.841, "2015-06-30": -46.227, "2015-03-31": "-17.98300", "2014-12-31": -24.556, "2014-09-30": -17.252, "2014-06-30": -22.077, "2014-03-31": "-14.11600", "2013-12-31": -20.584, "2013-09-30": -76.673, "2013-06-30": -81.683, "2013-03-31": "-22.19200", "2012-12-31": -25.059, "2012-09-30": -19.975, "2012-06-30": -122.936, "2012-03-31": "-12.92000", "2011-12-31": -49.09, "2010-12-31": -45.9}, "Net Long-Term Debt": {"2020-09-30": -2.688, "2020-06-30": -2.687, "2020-03-31": "-2.68800", "2019-12-31": -2.687, "2019-09-30": -2.688, "2019-06-30": -2.687, "2019-03-31": "-2.68800", "2018-12-31": -2.687, "2018-09-30": -2.688, "2018-06-30": -2.687, "2018-03-31": "-2.68800", "2017-12-31": -2.688, "2017-09-30": -2.687, "2017-06-30": 0, "2017-03-31": "-2.68800", "2016-12-31": 143.122, "2016-09-30": -2.388, "2016-06-30": -2.387, "2016-03-31": "-2.38800", "2015-12-31": -2.387, "2015-09-30": -2.388, "2015-06-30": -2.387, "2015-03-31": "-2.38800", "2014-12-31": 159.828, "2014-09-30": -1.975, "2014-06-30": -1.975, "2014-03-31": "-1.97500", "2013-12-31": -1.975, "2013-09-30": -1.975, "2013-06-30": -1.975, "2013-03-31": "-205.08300", "2012-12-31": -0.212, "2012-09-30": -0.212, "2012-06-30": 82.108, "2012-03-31": "-4.83500", "2011-12-31": 0, "2010-12-31": 0}, "Net Current Debt": {"2020-09-30": 0, "2020-06-30": 0, "2020-03-31": "", "2019-12-31": 0, "2019-09-30": 0, "2019-06-30": -49.708, "2019-03-31": "-68.15000", "2018-12-31": 24.2, "2018-09-30": -18.3, "2018-06-30": -17.1, "2018-03-31": "2.30000", "2017-12-31": 61.6, "2017-09-30": -1.5, "2017-06-30": 52.1, "2017-03-31": "-61.10000", "2016-12-31": 46, "2016-09-30": 0.4, "2016-06-30": 29.6, "2016-03-31": "-24.00000", "2015-12-31": -2.5, "2015-09-30": 26.5, "2015-06-30": 0, "2015-03-31": "", "2014-12-31": 0, "2014-09-30": 0, "2014-06-30": 0, "2014-03-31": "", "2013-12-31": -20.6, "2013-09-30": 20.6, "2013-06-30": 0, "2013-03-31": "", "2012-12-31": 0, "2012-09-30": 0, "2012-06-30": 0, "2012-03-31": "", "2011-12-31": 1.8, "2010-12-31": -20.3}, "Debt Issuance/Retirement Net - Total": {"2020-09-30": -2.688, "2020-06-30": -2.687, "2020-03-31": "-2.68800", "2019-12-31": -2.687, "2019-09-30": -2.688, "2019-06-30": -52.395, "2019-03-31": "-70.83800", "2018-12-31": 21.513, "2018-09-30": -20.988, "2018-06-30": -19.787, "2018-03-31": "-0.38800", "2017-12-31": 58.912, "2017-09-30": -4.187, "2017-06-30": 52.1, "2017-03-31": "-63.78800", "2016-12-31": 189.122, "2016-09-30": -1.988, "2016-06-30": 27.213, "2016-03-31": "-26.38800", "2015-12-31": -4.887, "2015-09-30": 24.112, "2015-06-30": -2.387, "2015-03-31": "-2.38800", "2014-12-31": 159.828, "2014-09-30": -1.975, "2014-06-30": -1.975, "2014-03-31": "-1.97500", "2013-12-31": -22.575, "2013-09-30": 18.625, "2013-06-30": -1.975, "2013-03-31": "-205.08300", "2012-12-31": -0.221, "2012-09-30": -0.212, "2012-06-30": 82.108, "2012-03-31": "-4.83500", "2011-12-31": -1.28, "2010-12-31": -3.65}, "Net Common Equity Issued/Repurchased": {"2020-09-30": 5.771, "2020-06-30": 255.162, "2020-03-31": "-16.69600", "2019-12-31": -14.477, "2019-09-30": -6.912, "2019-06-30": 5.041, "2019-03-31": "11.35400", "2018-12-31": -37.371, "2018-09-30": 3.232, "2018-06-30": 3.815, "2018-03-31": "-73.42200", "2017-12-31": -83.344, "2017-09-30": 1.704, "2017-06-30": -63.573, "2017-03-31": "10.00600", "2016-12-31": -14.584, "2016-09-30": 3.889, "2016-06-30": -68.384, "2016-03-31": "-18.35200", "2015-12-31": -8.206, "2015-09-30": -43.641, "2015-06-30": -69.917, "2015-03-31": "7.33600", "2014-12-31": -210.578, "2014-09-30": -1.525, "2014-06-30": 3.963, "2014-03-31": "8.69400", "2013-12-31": -1.769, "2013-09-30": 4.003, "2013-06-30": 2.996, "2013-03-31": "236.61600", "2012-12-31": 0, "2012-09-30": 0, "2012-06-30": 0, "2012-03-31": "-3.02500", "2011-12-31": 0, "2010-12-31": 0}, "Net Total Equity Issued/Repurchased": {"2020-09-30": 5.771, "2020-06-30": 255.162, "2020-03-31": "-16.69600", "2019-12-31": -14.477, "2019-09-30": -6.912, "2019-06-30": 5.041, "2019-03-31": "11.35400", "2018-12-31": -37.371, "2018-09-30": 3.232, "2018-06-30": 3.815, "2018-03-31": "-73.42200", "2017-12-31": -83.344, "2017-09-30": 1.704, "2017-06-30": -63.573, "2017-03-31": "10.00600", "2016-12-31": -14.584, "2016-09-30": 3.889, "2016-06-30": -68.384, "2016-03-31": "-18.35200", "2015-12-31": -8.206, "2015-09-30": -43.641, "2015-06-30": -69.917, "2015-03-31": "7.33600", "2014-12-31": -210.578, "2014-09-30": -1.525, "2014-06-30": 3.963, "2014-03-31": "8.69400", "2013-12-31": -1.769, "2013-09-30": 4.003, "2013-06-30": 2.996, "2013-03-31": "236.61600", "2012-12-31": 0.005, "2012-09-30": 0, "2012-06-30": 0, "2012-03-31": "-3.02500", "2011-12-31": -0.09, "2010-12-31": 0.14}, "Total Common And Preferred Stock Dividends Paid": {"2020-09-30": 0, "2020-06-30": 0, "2020-03-31": "", "2019-12-31": 0, "2019-09-30": 0, "2019-06-30": 0, "2019-03-31": "", "2018-12-31": 0, "2018-09-30": 0, "2018-06-30": 0, "2018-03-31": "", "2017-12-31": 0, "2017-09-30": 0, "2017-06-30": 0, "2017-03-31": "", "2016-12-31": 0, "2016-09-30": 0, "2016-06-30": 0, "2016-03-31": "", "2015-12-31": 0, "2015-09-30": 0, "2015-06-30": 0, "2015-03-31": "", "2014-12-31": 0, "2014-09-30": 0, "2014-06-30": 0, "2014-03-31": "", "2013-12-31": 0, "2013-09-30": 0, "2013-06-30": 0, "2013-03-31": "", "2012-12-31": 0, "2012-09-30": 0, "2012-06-30": 0, "2012-03-31": "", "2011-12-31": 0, "2010-12-31": 0}, "Financial Activities - Other": {"2020-09-30": -1.181, "2020-06-30": -5.302, "2020-03-31": "-6.31900", "2019-12-31": -4.795, "2019-09-30": -5.191, "2019-06-30": -2.761, "2019-03-31": "-2.77900", "2018-12-31": -0.088, "2018-09-30": -0.728, "2018-06-30": -4.19, "2018-03-31": "-5.79100", "2017-12-31": -4.365, "2017-09-30": -2.706, "2017-06-30": -1.351, "2017-03-31": "-23.27200", "2016-12-31": 2.242, "2016-09-30": -2.366, "2016-06-30": 2.433, "2016-03-31": "0.91800", "2015-12-31": 3.018, "2015-09-30": 1.434, "2015-06-30": 1.873, "2015-03-31": "3.07200", "2014-12-31": 2.267, "2014-09-30": 1.412, "2014-06-30": 3.586, "2014-03-31": "1.85800", "2013-12-31": 1.078, "2013-09-30": 2.054, "2013-06-30": 1.055, "2013-03-31": "1.73600", "2012-12-31": -0.001, "2012-09-30": -0.125, "2012-06-30": 0, "2012-03-31": "3.50600", "2011-12-31": -0.22, "2010-12-31": 0.31}, "Cash Flow From Financial Activities": {"2020-09-30": 1.902, "2020-06-30": 247.173, "2020-03-31": "-25.70300", "2019-12-31": -21.959, "2019-09-30": -14.791, "2019-06-30": -50.115, "2019-03-31": "-62.26300", "2018-12-31": -15.946, "2018-09-30": -18.484, "2018-06-30": -20.162, "2018-03-31": "-79.60100", "2017-12-31": -28.797, "2017-09-30": -5.189, "2017-06-30": -12.824, "2017-03-31": "-77.05400", "2016-12-31": 176.78, "2016-09-30": -0.465, "2016-06-30": -38.738, "2016-03-31": "-43.82200", "2015-12-31": -10.075, "2015-09-30": -18.095, "2015-06-30": -70.431, "2015-03-31": "8.02000", "2014-12-31": -48.483, "2014-09-30": -2.088, "2014-06-30": 5.574, "2014-03-31": "8.57700", "2013-12-31": -23.266, "2013-09-30": 24.682, "2013-06-30": 2.076, "2013-03-31": "33.26900", "2012-12-31": -0.217, "2012-09-30": -0.337, "2012-06-30": 82.108, "2012-03-31": "-4.35400", "2011-12-31": 0.21, "2010-12-31": -23.49}, "Net Cash Flow": {"2020-09-30": 101.507, "2020-06-30": 219.334, "2020-03-31": "24.21300", "2019-12-31": -25.717, "2019-09-30": 30.683, "2019-06-30": 3.012, "2019-03-31": "-15.26400", "2018-12-31": -4.977, "2018-09-30": 7.118, "2018-06-30": 2.572, "2018-03-31": "-2.80500", "2017-12-31": -18.937, "2017-09-30": 19.748, "2017-06-30": 12.843, "2017-03-31": "6.86100", "2016-12-31": -4.931, "2016-09-30": -25.542, "2016-06-30": 4.874, "2016-03-31": "28.61300", "2015-12-31": -9.854, "2015-09-30": -55.527, "2015-06-30": -46.741, "2015-03-31": "35.77500", "2014-12-31": -21.122, "2014-09-30": -3.275, "2014-06-30": 36.549, "2014-03-31": "46.14900", "2013-12-31": -5.425, "2013-09-30": -27.989, "2013-06-30": -33.736, "2013-03-31": "62.62600", "2012-12-31": -10.949, "2012-09-30": -17.707, "2012-06-30": 11.213, "2012-03-31": "21.10300", "2011-12-31": 13.94, "2010-12-31": 1.07}, "Stock-Based Compensation": {"2020-09-30": 5.7, "2020-06-30": 5.155, "2020-03-31": "4.28300", "2019-12-31": 4.944, "2019-09-30": 4.721, "2019-06-30": 4.512, "2019-03-31": "3.10600", "2018-12-31": 3.507, "2018-09-30": 3.715, "2018-06-30": 3.698, "2018-03-31": "2.89100", "2017-12-31": 3.295, "2017-09-30": 3.263, "2017-06-30": 3.137, "2017-03-31": "2.37700", "2016-12-31": 3.17, "2016-09-30": 2.83, "2016-06-30": 3.049, "2016-03-31": "2.59700", "2015-12-31": 2.3, "2015-09-30": 2.3, "2015-06-30": 2.3, "2015-03-31": "2.30000", "2014-12-31": 1.46, "2014-09-30": 2.039, "2014-06-30": 2.038, "2014-03-31": "2.38500", "2013-12-31": 1.164, "2013-09-30": 1.223, "2013-06-30": 1.685, "2013-03-31": "6.62000", "2012-12-31": 0.896, "2012-09-30": 0.901, "2012-06-30": 15.574, "2012-03-31": "0.22500", "2011-12-31": 0, "2010-12-31": 0}, "Common Stock Dividends Paid": {"2020-09-30": 0, "2020-06-30": 0, "2020-03-31": "", "2019-12-31": 0, "2019-09-30": 0, "2019-06-30": 0, "2019-03-31": "", "2018-12-31": 0, "2018-09-30": 0, "2018-06-30": 0, "2018-03-31": "", "2017-12-31": 0, "2017-09-30": 0, "2017-06-30": 0, "2017-03-31": "", "2016-12-31": 0, "2016-09-30": 0, "2016-06-30": 0, "2016-03-31": "", "2015-12-31": 0, "2015-09-30": 0, "2015-06-30": 0, "2015-03-31": "", "2014-12-31": 0, "2014-09-30": 0, "2014-06-30": 0, "2014-03-31": "", "2013-12-31": 0, "2013-09-30": 0, "2013-06-30": 0, "2013-03-31": "", "2012-12-31": 0, "2012-09-30": 0, "2012-06-30": 0, "2012-03-31": "", "2011-12-31": 0, "2010-12-31": 0}}, "financial ratios": {"Current Ratio": {"2019-12-31": "0.47360", "2018-12-31": "0.40080", "2017-12-31": "0.41780", "2016-12-31": "0.39840", "2015-12-31": "0.50010", "2014-12-31": "0.79860", "2013-12-31": "0.64750", "2012-12-31": "0.67370", "2011-12-31": "0.64130", "2010-12-31": ""}, "Long-term Debt / Capital": {"2019-12-31": "0.51420", "2018-12-31": "0.57090", "2017-12-31": "0.58270", "2016-12-31": "0.60510", "2015-12-31": "0.55450", "2014-12-31": "0.54830", "2013-12-31": "0.45960", "2012-12-31": "1.39020", "2011-12-31": "1.35010", "2010-12-31": ""}, "Debt/Equity Ratio": {"2019-12-31": "1.06950", "2018-12-31": "1.49560", "2017-12-31": "1.58050", "2016-12-31": "1.65840", "2015-12-31": "1.29080", "2014-12-31": "1.22670", "2013-12-31": "0.85950", "2012-12-31": "-3.57100", "2011-12-31": "-3.87940", "2010-12-31": ""}, "Gross Margin": {"2019-12-31": "25.36040", "2018-12-31": "24.86650", "2017-12-31": "24.73480", "2016-12-31": "24.89720", "2015-12-31": "24.52990", "2014-12-31": "23.17830", "2013-12-31": "23.05070", "2012-12-31": "22.94900", "2011-12-31": "21.27970", "2010-12-31": "20.48550"}, "Operating Margin": {"2019-12-31": "12.98820", "2018-12-31": "12.56290", "2017-12-31": "11.80070", "2016-12-31": "12.56420", "2015-12-31": "12.45180", "2014-12-31": "10.85880", "2013-12-31": "8.94620", "2012-12-31": "8.91410", "2011-12-31": "8.91810", "2010-12-31": "7.81900"}, "EBIT Margin": {"2019-12-31": "12.98820", "2018-12-31": "12.56290", "2017-12-31": "11.80070", "2016-12-31": "12.56420", "2015-12-31": "12.45180", "2014-12-31": "10.85880", "2013-12-31": "8.94620", "2012-12-31": "8.91410", "2011-12-31": "8.91810", "2010-12-31": "7.81900"}, "EBITDA Margin": {"2019-12-31": "18.33240", "2018-12-31": "17.96670", "2017-12-31": "17.34680", "2016-12-31": "18.21820", "2015-12-31": "18.09130", "2014-12-31": "16.80850", "2013-12-31": "15.14680", "2012-12-31": "15.27590", "2011-12-31": "15.26310", "2010-12-31": "14.59030"}, "Pre-Tax Profit Margin": {"2019-12-31": "10.79840", "2018-12-31": "10.06670", "2017-12-31": "9.27100", "2016-12-31": "9.12180", "2015-12-31": "9.61000", "2014-12-31": "8.30110", "2013-12-31": "0.39470", "2012-12-31": "1.09740", "2011-12-31": "0.57380", "2010-12-31": "-2.31260"}, "Net Profit Margin": {"2019-12-31": "8.74800", "2018-12-31": "8.30090", "2017-12-31": "9.01620", "2016-12-31": "5.98270", "2015-12-31": "6.39630", "2014-12-31": "5.30340", "2013-12-31": "1.03570", "2012-12-31": "-7.14190", "2011-12-31": "-6.99220", "2010-12-31": "-8.64960"}, "Asset Turnover": {"2019-12-31": "0.61910", "2018-12-31": "0.75390", "2017-12-31": "0.70520", "2016-12-31": "0.66550", "2015-12-31": "0.67820", "2014-12-31": "0.63190", "2013-12-31": "0.57960", "2012-12-31": "0.55890", "2011-12-31": "0.54980", "2010-12-31": ""}, "Inventory Turnover Ratio": {"2019-12-31": "", "2018-12-31": "", "2017-12-31": "", "2016-12-31": "", "2015-12-31": "", "2014-12-31": "", "2013-12-31": "", "2012-12-31": "", "2011-12-31": "", "2010-12-31": ""}, "Receiveable Turnover": {"2019-12-31": "13.85250", "2018-12-31": "14.50840", "2017-12-31": "14.86200", "2016-12-31": "16.14860", "2015-12-31": "14.98990", "2014-12-31": "16.28820", "2013-12-31": "15.48810", "2012-12-31": "17.07650", "2011-12-31": "16.05280", "2010-12-31": ""}, "Days Sales In Receivables": {"2019-12-31": "26.34900", "2018-12-31": "25.15790", "2017-12-31": "24.55930", "2016-12-31": "22.60250", "2015-12-31": "24.34970", "2014-12-31": "22.40880", "2013-12-31": "23.56640", "2012-12-31": "21.37440", "2011-12-31": "22.73740", "2010-12-31": ""}, "ROE - Return On Equity": {"2019-12-31": "18.57220", "2018-12-31": "20.26760", "2017-12-31": "20.95470", "2016-12-31": "13.77590", "2015-12-31": "12.90900", "2014-12-31": "9.59240", "2013-12-31": "1.38830", "2012-12-31": "-3.35150", "2011-12-31": "-2.31130", "2010-12-31": ""}, "Return On Tangible Equity": {"2019-12-31": "-24.17140", "2018-12-31": "-17.72740", "2017-12-31": "-17.31960", "2016-12-31": "-9.92870", "2015-12-31": "-11.60260", "2014-12-31": "-9.59150", "2013-12-31": "-1.92210", "2012-12-31": "-0.50530", "2011-12-31": "-0.29640", "2010-12-31": ""}, "ROA - Return On Assets": {"2019-12-31": "5.41630", "2018-12-31": "6.25840", "2017-12-31": "6.35830", "2016-12-31": "4.01690", "2015-12-31": "4.36760", "2014-12-31": "3.36440", "2013-12-31": "0.58710", "2012-12-31": "0.44410", "2011-12-31": "0.26890", "2010-12-31": ""}, "ROI - Return On Investment": {"2019-12-31": "9.02240", "2018-12-31": "8.69770", "2017-12-31": "8.74410", "2016-12-31": "5.44010", "2015-12-31": "5.75090", "2014-12-31": "4.33270", "2013-12-31": "0.75020", "2012-12-31": "1.30760", "2011-12-31": "0.80930", "2010-12-31": ""}, "Book Value Per Share": {"2019-12-31": "16.77960", "2018-12-31": "13.55750", "2017-12-31": "12.91190", "2016-12-31": "11.67660", "2015-12-31": "12.12520", "2014-12-31": "12.20380", "2013-12-31": "13.61560", "2012-12-31": "-34.35550", "2011-12-31": "-28.08450", "2010-12-31": ""}, "Operating Cash Flow Per Share": {"2019-12-31": 0.6085, "2018-12-31": 0.8766, "2017-12-31": 0.6004, "2016-12-31": 0.7917, "2015-12-31": 0.135, "2014-12-31": 0.1167, "2013-12-31": -15.1828, "2012-12-31": -4.5417, "2011-12-31": 10.5268, "2010-12-31": 11.673}, "Free Cash Flow Per Share": {"2019-12-31": 0.3679, "2018-12-31": 0.7313, "2017-12-31": 0.4318, "2016-12-31": 0.8155, "2015-12-31": -0.1329, "2014-12-31": 0.2126, "2013-12-31": -4.8578, "2012-12-31": -9.6811, "2011-12-31": 10.8452, "2010-12-31": 5.0944}}, "financial ratios, quarterly": {"Current Ratio": {"2020-09-30": "1.21920", "2020-06-30": "1.17370", "2020-03-31": "0.57160", "2019-12-31": "0.47360", "2019-09-30": "0.48540", "2019-06-30": "0.41280", "2019-03-31": "0.36490", "2018-12-31": "0.40080", "2018-09-30": "0.38550", "2018-06-30": "0.34150", "2018-03-31": "0.38370", "2017-12-31": "0.41780", "2017-09-30": "0.49140", "2017-06-30": "0.42280", "2017-03-31": "0.46750", "2016-12-31": "0.39840", "2016-09-30": "0.47280", "2016-06-30": "0.47000", "2016-03-31": "0.52920", "2015-12-31": "0.50010", "2015-09-30": "0.52960", "2015-06-30": "0.71070", "2015-03-31": "0.93270", "2014-12-31": "0.79860", "2014-09-30": "0.96910", "2014-06-30": "0.89850", "2014-03-31": "0.78260", "2013-12-31": "0.64750", "2013-09-30": "0.56700", "2013-06-30": "0.70600", "2013-03-31": "0.91450", "2012-12-31": "0.67370", "2012-09-30": "", "2012-06-30": "", "2012-03-31": "", "2011-12-31": "", "2010-12-31": ""}, "Long-term Debt / Capital": {"2020-09-30": "0.45450", "2020-06-30": "0.46100", "2020-03-31": "0.52250", "2019-12-31": "0.51420", "2019-09-30": "0.53530", "2019-06-30": "0.54030", "2019-03-31": "0.55280", "2018-12-31": "0.57090", "2018-09-30": "0.57110", "2018-06-30": "0.58160", "2018-03-31": "0.58610", "2017-12-31": "0.58270", "2017-09-30": "0.57520", "2017-06-30": "0.59270", "2017-03-31": "0.59160", "2016-12-31": "0.60510", "2016-09-30": "0.56330", "2016-06-30": "0.57080", "2016-03-31": "0.55370", "2015-12-31": "0.55450", "2015-09-30": "0.55930", "2015-06-30": "0.55040", "2015-03-31": "0.54320", "2014-12-31": "0.54830", "2014-09-30": "0.44140", "2014-06-30": "0.44200", "2014-03-31": "0.45210", "2013-12-31": "0.45960", "2013-09-30": "0.47130", "2013-06-30": "0.48290", "2013-03-31": "0.49280", "2012-12-31": "1.39020", "2012-09-30": "", "2012-06-30": "", "2012-03-31": "", "2011-12-31": "", "2010-12-31": ""}, "Debt/Equity Ratio": {"2020-09-30": "0.84200", "2020-06-30": "0.86420", "2020-03-31": "1.10570", "2019-12-31": "1.06950", "2019-09-30": "1.16380", "2019-06-30": "1.18770", "2019-03-31": "1.30890", "2018-12-31": "1.49560", "2018-09-30": "1.46600", "2018-06-30": "1.55450", "2018-03-31": "1.60600", "2017-12-31": "1.58050", "2017-09-30": "1.45240", "2017-06-30": "1.56310", "2017-03-31": "1.48390", "2016-12-31": "1.65840", "2016-09-30": "1.34660", "2016-06-30": "1.38780", "2016-03-31": "1.25370", "2015-12-31": "1.29080", "2015-09-30": "1.31950", "2015-06-30": "1.23700", "2015-03-31": "1.20140", "2014-12-31": "1.22670", "2014-09-30": "0.79850", "2014-06-30": "0.80040", "2014-03-31": "0.83390", "2013-12-31": "0.85950", "2013-09-30": "0.92480", "2013-06-30": "0.94360", "2013-03-31": "0.98170", "2012-12-31": "-3.57100", "2012-09-30": "", "2012-06-30": "", "2012-03-31": "", "2011-12-31": "", "2010-12-31": ""}, "Gross Margin": {"2020-09-30": "16.32660", "2020-06-30": "22.20630", "2020-03-31": "21.49990", "2019-12-31": "25.19100", "2019-09-30": "24.47690", "2019-06-30": "26.44040", "2019-03-31": "25.30040", "2018-12-31": "25.22450", "2018-09-30": "23.97020", "2018-06-30": "25.73770", "2018-03-31": "24.48880", "2017-12-31": "24.58430", "2017-09-30": "23.81500", "2017-06-30": "25.66310", "2017-03-31": "24.85620", "2016-12-31": "24.89510", "2016-09-30": "23.82520", "2016-06-30": "25.96250", "2016-03-31": "24.85610", "2015-12-31": "24.19380", "2015-09-30": "23.33250", "2015-06-30": "25.87560", "2015-03-31": "24.71410", "2014-12-31": "23.82640", "2014-09-30": "21.75110", "2014-06-30": "23.87650", "2014-03-31": "23.22680", "2013-12-31": "22.31240", "2013-09-30": "22.19410", "2013-06-30": "24.26700", "2013-03-31": "23.48610", "2012-12-31": "23.08120", "2012-09-30": "22.42850", "2012-06-30": "23.77970", "2012-03-31": "22.47770", "2011-12-31": "", "2010-12-31": ""}, "Operating Margin": {"2020-09-30": "-1.75400", "2020-06-30": "2.76200", "2020-03-31": "8.54810", "2019-12-31": "12.95530", "2019-09-30": "12.24220", "2019-06-30": "14.17130", "2019-03-31": "12.53790", "2018-12-31": "13.32530", "2018-09-30": "11.76030", "2018-06-30": "13.19670", "2018-03-31": "11.92350", "2017-12-31": "11.88190", "2017-09-30": "10.37650", "2017-06-30": "12.74980", "2017-03-31": "12.17630", "2016-12-31": "11.88050", "2016-09-30": "11.64670", "2016-06-30": "14.07230", "2016-03-31": "12.61210", "2015-12-31": "12.07820", "2015-09-30": "11.40640", "2015-06-30": "14.07370", "2015-03-31": "12.22490", "2014-12-31": "11.05140", "2014-09-30": "9.86520", "2014-06-30": "12.21920", "2014-03-31": "10.23950", "2013-12-31": "9.52800", "2013-09-30": "9.00300", "2013-06-30": "11.38850", "2013-03-31": "5.51080", "2012-12-31": "10.20970", "2012-09-30": "9.46340", "2012-06-30": "5.91650", "2012-03-31": "10.11310", "2011-12-31": "", "2010-12-31": ""}, "EBIT Margin": {"2020-09-30": "-1.75400", "2020-06-30": "2.76200", "2020-03-31": "8.54810", "2019-12-31": "12.95530", "2019-09-30": "12.24220", "2019-06-30": "14.17130", "2019-03-31": "12.53790", "2018-12-31": "13.32530", "2018-09-30": "11.76030", "2018-06-30": "13.19670", "2018-03-31": "11.92350", "2017-12-31": "11.88190", "2017-09-30": "10.37650", "2017-06-30": "12.74980", "2017-03-31": "12.17630", "2016-12-31": "11.88040", "2016-09-30": "11.64670", "2016-06-30": "14.07230", "2016-03-31": "12.61210", "2015-12-31": "12.07820", "2015-09-30": "11.40640", "2015-06-30": "14.07370", "2015-03-31": "12.22490", "2014-12-31": "11.05140", "2014-09-30": "9.86520", "2014-06-30": "12.21920", "2014-03-31": "10.23950", "2013-12-31": "9.52790", "2013-09-30": "9.00300", "2013-06-30": "11.38850", "2013-03-31": "5.51080", "2012-12-31": "10.20970", "2012-09-30": "9.46340", "2012-06-30": "5.91650", "2012-03-31": "10.11310", "2011-12-31": "", "2010-12-31": ""}, "EBITDA Margin": {"2020-09-30": "", "2020-06-30": "", "2020-03-31": "", "2019-12-31": "", "2019-09-30": "", "2019-06-30": "", "2019-03-31": "", "2018-12-31": "", "2018-09-30": "", "2018-06-30": "", "2018-03-31": "", "2017-12-31": "", "2017-09-30": "", "2017-06-30": "", "2017-03-31": "", "2016-12-31": "", "2016-09-30": "", "2016-06-30": "", "2016-03-31": "", "2015-12-31": "", "2015-09-30": "", "2015-06-30": "", "2015-03-31": "", "2014-12-31": "", "2014-09-30": "", "2014-06-30": "", "2014-03-31": "", "2013-12-31": "", "2013-09-30": "", "2013-06-30": "", "2013-03-31": "", "2012-12-31": "", "2012-09-30": "", "2012-06-30": "", "2012-03-31": "", "2011-12-31": "", "2010-12-31": ""}, "Pre-Tax Profit Margin": {"2020-09-30": "-4.47240", "2020-06-30": "-0.34550", "2020-03-31": "6.53240", "2019-12-31": "10.93300", "2019-09-30": "10.10080", "2019-06-30": "11.95130", "2019-03-31": "10.15670", "2018-12-31": "10.80590", "2018-09-30": "9.25920", "2018-06-30": "10.71330", "2018-03-31": "9.44250", "2017-12-31": "9.20230", "2017-09-30": "7.87850", "2017-06-30": "10.35850", "2017-03-31": "9.62420", "2016-12-31": "6.22200", "2016-09-30": "8.91130", "2016-06-30": "11.50940", "2016-03-31": "9.83930", "2015-12-31": "9.19010", "2015-09-30": "8.58360", "2015-06-30": "11.27910", "2015-03-31": "9.36250", "2014-12-31": "8.42530", "2014-09-30": "7.35900", "2014-06-30": "9.74460", "2014-03-31": "7.61210", "2013-12-31": "6.65990", "2013-09-30": "6.02400", "2013-06-30": "8.51730", "2013-03-31": "-21.95930", "2012-12-31": "2.16880", "2012-09-30": "1.50150", "2012-06-30": "-1.63480", "2012-03-31": "2.41470", "2011-12-31": "", "2010-12-31": ""}, "Net Profit Margin": {"2020-09-30": "-1.96910", "2020-06-30": "0.12220", "2020-03-31": "6.06960", "2019-12-31": "9.17430", "2019-09-30": "8.06400", "2019-06-30": "9.34120", "2019-03-31": "8.37890", "2018-12-31": "9.75600", "2018-09-30": "7.12490", "2018-06-30": "8.25530", "2018-03-31": "8.04430", "2017-12-31": "11.69500", "2017-09-30": "7.17840", "2017-06-30": "7.41560", "2017-03-31": "9.80050", "2016-12-31": "4.18860", "2016-09-30": "5.80990", "2016-06-30": "7.56190", "2016-03-31": "6.36270", "2015-12-31": "6.31380", "2015-09-30": "5.61780", "2015-06-30": "7.21660", "2015-03-31": "6.42960", "2014-12-31": "5.51090", "2014-09-30": "4.59110", "2014-06-30": "6.23790", "2014-03-31": "4.83150", "2013-12-31": "7.43880", "2013-09-30": "4.87390", "2013-06-30": "7.90800", "2013-03-31": "-18.11450", "2012-12-31": "1.52660", "2012-09-30": "-6.91270", "2012-06-30": "-9.38690", "2012-03-31": "-5.83830", "2011-12-31": "", "2010-12-31": ""}, "Asset Turnover": {"2020-09-30": "0.09200", "2020-06-30": "0.08130", "2020-03-31": "0.15110", "2019-12-31": "0.15630", "2019-09-30": "0.15930", "2019-06-30": "0.16540", "2019-03-31": "0.15700", "2018-12-31": "0.18950", "2018-09-30": "0.18880", "2018-06-30": "0.19730", "2018-03-31": "0.18440", "2017-12-31": "0.17820", "2017-09-30": "0.17590", "2017-06-30": "0.18420", "2017-03-31": "0.17760", "2016-12-31": "0.16890", "2016-09-30": "0.18040", "2016-06-30": "0.19070", "2016-03-31": "0.17970", "2015-12-31": "0.17280", "2015-09-30": "0.16990", "2015-06-30": "0.17240", "2015-03-31": "0.16270", "2014-12-31": "0.15780", "2014-09-30": "0.15550", "2014-06-30": "0.16070", "2014-03-31": "0.15660", "2013-12-31": "0.15180", "2013-09-30": "0.14780", "2013-06-30": "0.15290", "2013-03-31": "0.14180", "2012-12-31": "0.14270", "2012-09-30": "", "2012-06-30": "", "2012-03-31": "", "2011-12-31": "", "2010-12-31": ""}, "Inventory Turnover Ratio": {"2020-09-30": "", "2020-06-30": "", "2020-03-31": "", "2019-12-31": "", "2019-09-30": "", "2019-06-30": "", "2019-03-31": "", "2018-12-31": "", "2018-09-30": "", "2018-06-30": "", "2018-03-31": "", "2017-12-31": "", "2017-09-30": "", "2017-06-30": "", "2017-03-31": "", "2016-12-31": "", "2016-09-30": "", "2016-06-30": "", "2016-03-31": "", "2015-12-31": "", "2015-09-30": "", "2015-06-30": "", "2015-03-31": "", "2014-12-31": "", "2014-09-30": "", "2014-06-30": "", "2014-03-31": "", "2013-12-31": "", "2013-09-30": "", "2013-06-30": "", "2013-03-31": "", "2012-12-31": "", "2012-09-30": "", "2012-06-30": "", "2012-03-31": "", "2011-12-31": "", "2010-12-31": ""}, "Receiveable Turnover": {"2020-09-30": "2.25130", "2020-06-30": "1.32610", "2020-03-31": "2.95120", "2019-12-31": "3.49750", "2019-09-30": "4.35120", "2019-06-30": "4.73470", "2019-03-31": "3.85080", "2018-12-31": "3.64570", "2018-09-30": "4.49280", "2018-06-30": "5.38280", "2018-03-31": "4.32230", "2017-12-31": "3.75520", "2017-09-30": "4.50880", "2017-06-30": "5.44640", "2017-03-31": "4.30320", "2016-12-31": "4.09970", "2016-09-30": "4.61590", "2016-06-30": "5.59200", "2016-03-31": "4.57020", "2015-12-31": "3.81930", "2015-09-30": "4.99030", "2015-06-30": "5.46890", "2015-03-31": "4.69070", "2014-12-31": "4.06630", "2014-09-30": "5.18060", "2014-06-30": "5.99300", "2014-03-31": "5.59550", "2013-12-31": "4.05610", "2013-09-30": "5.56970", "2013-06-30": "5.48520", "2013-03-31": "4.86870", "2012-12-31": "4.35990", "2012-09-30": "", "2012-06-30": "", "2012-03-31": "", "2011-12-31": "", "2010-12-31": ""}, "Days Sales In Receivables": {"2020-09-30": "39.97670", "2020-06-30": "67.86860", "2020-03-31": "30.49620", "2019-12-31": "25.73290", "2019-09-30": "20.68390", "2019-06-30": "19.00850", "2019-03-31": "23.37150", "2018-12-31": "24.68630", "2018-09-30": "20.03210", "2018-06-30": "16.72000", "2018-03-31": "20.82250", "2017-12-31": "23.96660", "2017-09-30": "19.96110", "2017-06-30": "16.52460", "2017-03-31": "20.91450", "2016-12-31": "21.95300", "2016-09-30": "19.49780", "2016-06-30": "16.09450", "2016-03-31": "19.69280", "2015-12-31": "23.56470", "2015-09-30": "18.03500", "2015-06-30": "16.45660", "2015-03-31": "19.18680", "2014-12-31": "22.13340", "2014-09-30": "17.37260", "2014-06-30": "15.01740", "2014-03-31": "16.08430", "2013-12-31": "22.18890", "2013-09-30": "16.15880", "2013-06-30": "16.40780", "2013-03-31": "18.48530", "2012-12-31": "20.64270", "2012-09-30": "", "2012-06-30": "", "2012-03-31": "", "2011-12-31": "", "2010-12-31": ""}, "ROE - Return On Equity": {"2020-09-30": "-0.54220", "2020-06-30": "0.03000", "2020-03-31": "3.27800", "2019-12-31": "4.91760", "2019-09-30": "4.61200", "2019-06-30": "5.61580", "2019-03-31": "5.02290", "2018-12-31": "5.98570", "2018-09-30": "4.30650", "2018-06-30": "5.39720", "2018-03-31": "5.05960", "2017-12-31": "6.86780", "2017-09-30": "4.01610", "2017-06-30": "4.57590", "2017-03-31": "5.69850", "2016-12-31": "2.48890", "2016-09-30": "3.22510", "2016-06-30": "4.48430", "2016-03-31": "3.39620", "2015-12-31": "3.28720", "2015-09-30": "2.87600", "2015-06-30": "3.62670", "2015-03-31": "2.94360", "2014-12-31": "2.51600", "2014-09-30": "1.61460", "2014-06-30": "2.28150", "2014-03-31": "1.75400", "2013-12-31": "2.66280", "2013-09-30": "1.75800", "2013-06-30": "3.01630", "2013-03-31": "-6.49200", "2012-12-31": "-1.64250", "2012-09-30": "", "2012-06-30": "", "2012-03-31": "", "2011-12-31": "", "2010-12-31": ""}, "Return On Tangible Equity": {"2020-09-30": "1.43670", "2020-06-30": "-0.07470", "2020-03-31": "-4.11150", "2019-12-31": "-6.40020", "2019-09-30": "-5.26650", "2019-06-30": "-6.04350", "2019-03-31": "-4.85240", "2018-12-31": "-5.23550", "2018-09-30": "-3.78140", "2018-06-30": "-4.34160", "2018-03-31": "-3.96520", "2017-12-31": "-5.67640", "2017-09-30": "-3.51670", "2017-06-30": "-3.51430", "2017-03-31": "-4.51990", "2016-12-31": "-1.79380", "2016-09-30": "-2.72900", "2016-06-30": "-3.65800", "2016-03-31": "-3.08590", "2015-12-31": "-2.95450", "2015-09-30": "-2.50400", "2015-06-30": "-3.50670", "2015-03-31": "-3.12820", "2014-12-31": "-2.51580", "2014-09-30": "-2.75680", "2014-06-30": "-3.77930", "2014-03-31": "-2.63520", "2013-12-31": "-3.68670", "2013-09-30": "-2.15820", "2013-06-30": "-3.66350", "2013-03-31": "8.05800", "2012-12-31": "-0.24770", "2012-09-30": "", "2012-06-30": "", "2012-03-31": "", "2011-12-31": "", "2010-12-31": ""}, "ROA - Return On Assets": {"2020-09-30": "-0.18110", "2020-06-30": "0.00990", "2020-03-31": "0.91710", "2019-12-31": "1.43410", "2019-09-30": "1.28470", "2019-06-30": "1.54460", "2019-03-31": "1.31520", "2018-12-31": "1.84830", "2018-09-30": "1.34540", "2018-06-30": "1.62890", "2018-03-31": "1.48330", "2017-12-31": "2.08390", "2017-09-30": "1.26280", "2017-06-30": "1.36620", "2017-03-31": "1.74100", "2016-12-31": "0.72570", "2016-09-30": "1.05750", "2016-06-30": "1.44240", "2016-03-31": "1.15330", "2015-12-31": "1.11220", "2015-09-30": "0.95440", "2015-06-30": "1.25280", "2015-03-31": "1.04630", "2014-12-31": "0.88250", "2014-09-30": "0.71400", "2014-06-30": "1.00230", "2014-03-31": "0.75640", "2013-12-31": "1.12600", "2013-09-30": "0.71570", "2013-06-30": "1.20560", "2013-03-31": "-2.57070", "2012-12-31": "0.21760", "2012-09-30": "", "2012-06-30": "", "2012-03-31": "", "2011-12-31": "", "2010-12-31": ""}, "ROI - Return On Investment": {"2020-09-30": "-0.29580", "2020-06-30": "0.01610", "2020-03-31": "1.56530", "2019-12-31": "2.38900", "2019-09-30": "2.14330", "2019-06-30": "2.58150", "2019-03-31": "2.24620", "2018-12-31": "2.56870", "2018-09-30": "1.84690", "2018-06-30": "2.25810", "2018-03-31": "2.09430", "2017-12-31": "2.86580", "2017-09-30": "1.70610", "2017-06-30": "1.86360", "2017-03-31": "2.32720", "2016-12-31": "0.98280", "2016-09-30": "1.40840", "2016-06-30": "1.92450", "2016-03-31": "1.51580", "2015-12-31": "1.46440", "2015-09-30": "1.26750", "2015-06-30": "1.63060", "2015-03-31": "1.34480", "2014-12-31": "1.13640", "2014-09-30": "0.90190", "2014-06-30": "1.27310", "2014-03-31": "0.96090", "2013-12-31": "1.43890", "2013-09-30": "0.92950", "2013-06-30": "1.55970", "2013-03-31": "-3.29280", "2012-12-31": "0.64080", "2012-09-30": "", "2012-06-30": "", "2012-03-31": "", "2011-12-31": "", "2010-12-31": ""}, "Book Value Per Share": {"2020-09-30": "20.36260", "2020-06-30": "19.92080", "2020-03-31": "16.18660", "2019-12-31": "16.77960", "2019-09-30": "15.44420", "2019-06-30": "15.17060", "2019-03-31": "14.48770", "2018-12-31": "13.55750", "2018-09-30": "13.50390", "2018-06-30": "12.99010", "2018-03-31": "12.81070", "2017-12-31": "12.91190", "2017-09-30": "13.15250", "2017-06-30": "12.28690", "2017-03-31": "12.21980", "2016-12-31": "11.67660", "2016-09-30": "11.82480", "2016-06-30": "11.52210", "2016-03-31": "12.19260", "2015-12-31": "12.12520", "2015-09-30": "11.91270", "2015-06-30": "12.23770", "2015-03-31": "12.38390", "2014-12-31": "12.20380", "2014-09-30": "14.41460", "2014-06-30": "14.42140", "2014-03-31": "13.95130", "2013-12-31": "13.61560", "2013-09-30": "13.05070", "2013-06-30": "12.53540", "2013-03-31": "12.10740", "2012-12-31": "-34.35550", "2012-09-30": "", "2012-06-30": "", "2012-03-31": "", "2011-12-31": "", "2010-12-31": ""}, "Operating Cash Flow Per Share": {"2020-09-30": 1.971, "2020-06-30": -0.2378, "2020-03-31": "1.08840", "2019-12-31": 0.9971, "2019-09-30": 1.3731, "2019-06-30": 1.4126, "2019-03-31": "1.82140", "2018-12-31": 0.9278, "2018-09-30": 0.8553, "2018-06-30": 1.4321, "2018-03-31": "1.78050", "2017-12-31": 0.5738, "2017-09-30": 0.7696, "2017-06-30": 1.0242, "2017-03-31": "1.75150", "2016-12-31": 0.7821, "2016-09-30": 0.3142, "2016-06-30": 1.0228, "2016-03-31": "1.39960", "2015-12-31": 0.4267, "2015-09-30": 0.4705, "2015-06-30": 1.0819, "2015-03-31": "0.74790", "2014-12-31": 0.7984, "2014-09-30": 0.2464, "2014-06-30": 0.7788, "2014-03-31": "0.76840", "2013-12-31": 0.6578, "2013-09-30": 0.3404, "2013-06-30": 0.5403, "2013-03-31": "0.93680", "2012-12-31": 2.3491, "2012-09-30": 0.3639, "2012-06-30": 8.6131, "2012-03-31": "6.30410", "2011-12-31": 0, "2010-12-31": 0}, "Free Cash Flow Per Share": {"2020-09-30": 1.647, "2020-06-30": -0.4383, "2020-03-31": "0.87370", "2019-12-31": 0.4063, "2019-09-30": 0.9503, "2019-06-30": 1.0073, "2019-03-31": "1.46300", "2018-12-31": 0.4527, "2018-09-30": 0.46, "2018-06-30": 0.9805, "2018-03-31": "1.56580", "2017-12-31": 0.232, "2017-09-30": 0.4188, "2017-06-30": 0.652, "2017-03-31": "1.42490", "2016-12-31": 0.3965, "2016-09-30": -0.0729, "2016-06-30": 0.7462, "2016-03-31": "1.22610", "2015-12-31": 0.1731, "2015-09-30": 0.1425, "2015-06-30": 0.6845, "2015-03-31": "0.48030", "2014-12-31": 0.5287, "2014-09-30": -0.0075, "2014-06-30": 0.5364, "2014-03-31": "0.55570", "2013-12-31": 0.4086, "2013-09-30": 0.1102, "2013-06-30": 0.3428, "2013-03-31": "0.53910", "2012-12-31": -1.1494, "2012-09-30": -2.9519, "2012-06-30": 6.1833, "2012-03-31": "4.16720", "2011-12-31": 0, "2010-12-31": 0}}, "revenue": {"Bright Horizons Family Solutions Annual Revenue (Millions of US $)": {"2019": "$2,062", "2018": "$1,903", "2017": "$1,741", "2016": "$1,570", "2015": "$1,458", "2014": "$1,353", "2013": "$1,219", "2012": "$1,071", "2011": "$974", "2010": "$878"}, "Bright Horizons Family Solutions Quarterly Revenue (Millions of US $)": {"2020-09-30": "$338", "2020-06-30": "$294", "2020-03-31": "$506", "2019-12-31": "$521", "2019-09-30": "$512", "2019-06-30": "$528", "2019-03-31": "$502", "2018-12-31": "$478", "2018-09-30": "$472", "2018-06-30": "$490", "2018-03-31": "$464", "2017-12-31": "$440", "2017-09-30": "$433", "2017-06-30": "$446", "2017-03-31": "$422", "2016-12-31": "$399", "2016-09-30": "$384", "2016-06-30": "$402", "2016-03-31": "$385", "2015-12-31": "$372", "2015-09-30": "$366", "2015-06-30": "$370", "2015-03-31": "$350", "2014-12-31": "$338", "2014-09-30": "$335", "2014-06-30": "$348", "2014-03-31": "$332", "2013-12-31": "$319", "2013-09-30": "$309", "2013-06-30": "$311", "2013-03-31": "$280", "2012-12-31": "$273", "2012-09-30": "$268", "2012-06-30": "$271", "2012-03-31": "$258", "2011-12-31": "", "2010-12-31": ""}}, "gross-profit": {"Bright Horizons Family Solutions Annual Gross Profit (Millions of US $)": {"2019": "$523", "2018": "$473", "2017": "$431", "2016": "$391", "2015": "$358", "2014": "$314", "2013": "$281", "2012": "$246", "2011": "$207", "2010": "$180"}, "Bright Horizons Family Solutions Quarterly Gross Profit (Millions of US $)": {"2020-09-30": "$55", "2020-06-30": "$65", "2020-03-31": "$109", "2019-12-31": "$131", "2019-09-30": "$125", "2019-06-30": "$140", "2019-03-31": "$127", "2018-12-31": "$121", "2018-09-30": "$113", "2018-06-30": "$126", "2018-03-31": "$114", "2017-12-31": "$108", "2017-09-30": "$103", "2017-06-30": "$114", "2017-03-31": "$105", "2016-12-31": "$99", "2016-09-30": "$91", "2016-06-30": "$104", "2016-03-31": "$96", "2015-12-31": "$90", "2015-09-30": "$85", "2015-06-30": "$96", "2015-03-31": "$87", "2014-12-31": "$80", "2014-09-30": "$73", "2014-06-30": "$83", "2014-03-31": "$77", "2013-12-31": "$71", "2013-09-30": "$69", "2013-06-30": "$75", "2013-03-31": "$66", "2012-12-31": "$63", "2012-09-30": "$60", "2012-06-30": "$65", "2012-03-31": "$58", "2011-12-31": "", "2010-12-31": ""}}, "operating-income": {"Bright Horizons Family Solutions Annual Operating Income (Millions of US $)": {"2019": "$268", "2018": "$239", "2017": "$205", "2016": "$197", "2015": "$182", "2014": "$147", "2013": "$109", "2012": "$95", "2011": "$87", "2010": "$69"}, "Bright Horizons Family Solutions Quarterly Operating Income (Millions of US $)": {"2020-09-30": "$-6", "2020-06-30": "$8", "2020-03-31": "$43", "2019-12-31": "$67", "2019-09-30": "$63", "2019-06-30": "$75", "2019-03-31": "$63", "2018-12-31": "$64", "2018-09-30": "$55", "2018-06-30": "$65", "2018-03-31": "$55", "2017-12-31": "$52", "2017-09-30": "$45", "2017-06-30": "$57", "2017-03-31": "$51", "2016-12-31": "$47", "2016-09-30": "$45", "2016-06-30": "$57", "2016-03-31": "$49", "2015-12-31": "$45", "2015-09-30": "$42", "2015-06-30": "$52", "2015-03-31": "$43", "2014-12-31": "$37", "2014-09-30": "$33", "2014-06-30": "$43", "2014-03-31": "$34", "2013-12-31": "$30", "2013-09-30": "$28", "2013-06-30": "$35", "2013-03-31": "$15", "2012-12-31": "$28", "2012-09-30": "$25", "2012-06-30": "$16", "2012-03-31": "$26", "2011-12-31": "", "2010-12-31": ""}}, "ebitda": {"Bright Horizons Family Solutions Annual EBITDA (Millions of US $)": {"2019": "$378", "2018": "$342", "2017": "$302", "2016": "$286", "2015": "$264", "2014": "$227", "2013": "$185", "2012": "$164", "2011": "$149", "2010": "$128"}, "Bright Horizons Family Solutions Quarterly EBITDA (Millions of US $)": {"2020-09-30": "$21", "2020-06-30": "$36", "2020-03-31": "$72", "2019-12-31": "$97", "2019-09-30": "$90", "2019-06-30": "$102", "2019-03-31": "$89", "2018-12-31": "$91", "2018-09-30": "$81", "2018-06-30": "$90", "2018-03-31": "$80", "2017-12-31": "$77", "2017-09-30": "$69", "2017-06-30": "$80", "2017-03-31": "$75", "2016-12-31": "$71", "2016-09-30": "$67", "2016-06-30": "$78", "2016-03-31": "$70", "2015-12-31": "$66", "2015-09-30": "$63", "2015-06-30": "$72", "2015-03-31": "$63", "2014-12-31": "$57", "2014-09-30": "$53", "2014-06-30": "$63", "2014-03-31": "$54", "2013-12-31": "$51", "2013-09-30": "$47", "2013-06-30": "$54", "2013-03-31": "$32", "2012-12-31": "$46", "2012-09-30": "$43", "2012-06-30": "$33", "2012-03-31": "$42", "2011-12-31": "", "2010-12-31": ""}}, "net-income": {"Bright Horizons Family Solutions Annual Net Income (Millions of US $)": {"2019": "$180", "2018": "$158", "2017": "$157", "2016": "$94", "2015": "$93", "2014": "$72", "2013": "$13", "2012": "$-76", "2011": "$-68", "2010": "$-76"}, "Bright Horizons Family Solutions Quarterly Net Income (Millions of US $)": {"2020-09-30": "$-7", "2020-06-30": "$0", "2020-03-31": "$31", "2019-12-31": "$48", "2019-09-30": "$41", "2019-06-30": "$49", "2019-03-31": "$42", "2018-12-31": "$47", "2018-09-30": "$34", "2018-06-30": "$40", "2018-03-31": "$37", "2017-12-31": "$51", "2017-09-30": "$31", "2017-06-30": "$33", "2017-03-31": "$41", "2016-12-31": "$17", "2016-09-30": "$22", "2016-06-30": "$30", "2016-03-31": "$25", "2015-12-31": "$23", "2015-09-30": "$21", "2015-06-30": "$27", "2015-03-31": "$23", "2014-12-31": "$19", "2014-09-30": "$15", "2014-06-30": "$22", "2014-03-31": "$16", "2013-12-31": "$24", "2013-09-30": "$15", "2013-06-30": "$25", "2013-03-31": "$-51", "2012-12-31": "$4", "2012-09-30": "$-19", "2012-06-30": "$-25", "2012-03-31": "$-15", "2011-12-31": "", "2010-12-31": ""}}, "eps-earnings-per-share-diluted": {"Bright Horizons Family Solutions Annual EPS": {"2019": "$3.05", "2018": "$2.66", "2017": "$2.59", "2016": "$1.55", "2015": "$1.50", "2014": "$1.07", "2013": "$0.20", "2012": "$-12.62", "2011": "$-11.32", "2010": "$-12.64"}, "Bright Horizons Family Solutions Quarterly EPS": {"2020-09-30": "$-0.11", "2020-06-30": "$0.01", "2020-03-31": "$0.52", "2019-12-31": "$0.82", "2019-09-30": "$0.69", "2019-06-30": "$0.83", "2019-03-31": "$0.71", "2018-12-31": "$0.79", "2018-09-30": "$0.57", "2018-06-30": "$0.68", "2018-03-31": "$0.62", "2017-12-31": "$0.86", "2017-09-30": "$0.51", "2017-06-30": "$0.54", "2017-03-31": "$0.68", "2016-12-31": "$0.28", "2016-09-30": "$0.37", "2016-06-30": "$0.50", "2016-03-31": "$0.40", "2015-12-31": "$0.39", "2015-09-30": "$0.33", "2015-06-30": "$0.43", "2015-03-31": "$0.35", "2014-12-31": "$0.28", "2014-09-30": "$0.23", "2014-06-30": "$0.32", "2014-03-31": "$0.24", "2013-12-31": "$0.51", "2013-09-30": "$0.23", "2013-06-30": "$0.37", "2013-03-31": "$-0.91", "2012-12-31": "$-2.87", "2012-09-30": "$-3.05", "2012-06-30": "$-4.20", "2012-03-31": "$-2.49", "2011-12-31": "$0.00", "2010-12-31": "$0.00"}}, "shares-outstanding": {"Bright Horizons Family Solutions Annual Shares Outstanding (Millions of Shares)": {"2019": "59", "2018": "59", "2017": "60", "2016": "61", "2015": "62", "2014": "67", "2013": "65", "2012": "6", "2011": "6", "2010": "6"}, "Bright Horizons Family Solutions Quarterly Shares Outstanding (Millions of Shares)": {"2020-09-30": "60", "2020-06-30": "60", "2020-03-31": "59", "2019-12-31": "59", "2019-09-30": "59", "2019-06-30": "59", "2019-03-31": "59", "2018-12-31": "59", "2018-09-30": "59", "2018-06-30": "59", "2018-03-31": "59", "2017-12-31": "60", "2017-09-30": "60", "2017-06-30": "60", "2017-03-31": "61", "2016-12-31": "61", "2016-09-30": "60", "2016-06-30": "61", "2016-03-31": "61", "2015-12-31": "62", "2015-09-30": "62", "2015-06-30": "63", "2015-03-31": "63", "2014-12-31": "67", "2014-09-30": "68", "2014-06-30": "67", "2014-03-31": "67", "2013-12-31": "65", "2013-09-30": "67", "2013-06-30": "67", "2013-03-31": "56", "2012-12-31": "6", "2012-09-30": "6", "2012-06-30": "6", "2012-03-31": "6", "2011-12-31": "", "2010-12-31": ""}}, "total-assets": {"Bright Horizons Family Solutions Annual Total Assets (Millions of US $)": {"2019": "$3,330", "2018": "$2,524", "2017": "$2,469", "2016": "$2,359", "2015": "$2,151", "2014": "$2,141", "2013": "$2,103", "2012": "$1,916", "2011": "$1,771", "2010": "$0"}, "Bright Horizons Family Solutions Quarterly Total Assets (Millions of US $)": {"2020-09-30": "$3,674", "2020-06-30": "$3,612", "2020-03-31": "$3,351", "2019-12-31": "$3,330", "2019-09-30": "$3,211", "2019-06-30": "$3,193", "2019-03-31": "$3,197", "2018-12-31": "$2,524", "2018-09-30": "$2,497", "2018-06-30": "$2,482", "2018-03-31": "$2,514", "2017-12-31": "$2,469", "2017-09-30": "$2,463", "2017-06-30": "$2,418", "2017-03-31": "$2,376", "2016-12-31": "$2,359", "2016-09-30": "$2,129", "2016-06-30": "$2,108", "2016-03-31": "$2,144", "2015-12-31": "$2,151", "2015-09-30": "$2,154", "2015-06-30": "$2,149", "2015-03-31": "$2,154", "2014-12-31": "$2,141", "2014-09-30": "$2,154", "2014-06-30": "$2,166", "2014-03-31": "$2,122", "2013-12-31": "$2,103", "2013-09-30": "$2,088", "2013-06-30": "$2,033", "2013-03-31": "$1,975", "2012-12-31": "$1,916", "2012-09-30": "$0", "2012-06-30": "$0", "2012-03-31": "$0", "2011-12-31": "$1,771", "2010-12-31": "$0"}}, "cash-on-hand": {"Bright Horizons Family Solutions Annual Cash on Hand (Millions of US $)": {"2019": "$28", "2018": "$15", "2017": "$23", "2016": "$15", "2015": "$12", "2014": "$88", "2013": "$30", "2012": "$34", "2011": "$30", "2010": "$"}, "Bright Horizons Family Solutions Quarterly Cash on Hand (Millions of US $)": {"2020-09-30": "$365", "2020-06-30": "$270", "2020-03-31": "$49", "2019-12-31": "$28", "2019-09-30": "$49", "2019-06-30": "$23", "2019-03-31": "$20", "2018-12-31": "$15", "2018-09-30": "$21", "2018-06-30": "$23", "2018-03-31": "$20", "2017-12-31": "$23", "2017-09-30": "$42", "2017-06-30": "$34", "2017-03-31": "$21", "2016-12-31": "$15", "2016-09-30": "$19", "2016-06-30": "$45", "2016-03-31": "$40", "2015-12-31": "$12", "2015-09-30": "$21", "2015-06-30": "$77", "2015-03-31": "$124", "2014-12-31": "$88", "2014-09-30": "$109", "2014-06-30": "$112", "2014-03-31": "$76", "2013-12-31": "$30", "2013-09-30": "$35", "2013-06-30": "$63", "2013-03-31": "$97", "2012-12-31": "$34", "2012-09-30": "", "2012-06-30": "", "2012-03-31": "", "2011-12-31": "$30", "2010-12-31": ""}}, "long-term-debt": {"Bright Horizons Family Solutions Annual Long Term Debt (Millions of US $)": {"2019": "$1,028", "2018": "$1,037", "2017": "$1,046", "2016": "$1,054", "2015": "$906", "2014": "$912", "2013": "$756", "2012": "$905", "2011": "$794", "2010": "$"}, "Bright Horizons Family Solutions Quarterly Long Term Debt (Millions of US $)": {"2020-09-30": "$1,022", "2020-06-30": "$1,025", "2020-03-31": "$1,026", "2019-12-31": "$1,028", "2019-09-30": "$1,030", "2019-06-30": "$1,032", "2019-03-31": "$1,035", "2018-12-31": "$1,037", "2018-09-30": "$1,039", "2018-06-30": "$1,041", "2018-03-31": "$1,044", "2017-12-31": "$1,046", "2017-09-30": "$1,049", "2017-06-30": "$1,051", "2017-03-31": "$1,052", "2016-12-31": "$1,054", "2016-09-30": "$900", "2016-06-30": "$902", "2016-03-31": "$903", "2015-12-31": "$906", "2015-09-30": "$907", "2015-06-30": "$909", "2015-03-31": "$910", "2014-12-31": "$912", "2014-09-30": "$753", "2014-06-30": "$754", "2014-03-31": "$755", "2013-12-31": "$756", "2013-09-30": "$758", "2013-06-30": "$759", "2013-03-31": "$760", "2012-12-31": "$905", "2012-09-30": "", "2012-06-30": "", "2012-03-31": "", "2011-12-31": "$794", "2010-12-31": ""}}, "total-liabilities": {"Bright Horizons Family Solutions Annual Total Liabilities (Millions of US $)": {"2019": "$2,359", "2018": "$1,745", "2017": "$1,720", "2016": "$1,671", "2015": "$1,423", "2014": "$1,390", "2013": "$1,214", "2012": "$2,170", "2011": "$1,977", "2010": "$0"}, "Bright Horizons Family Solutions Quarterly Total Liabilities (Millions of US $)": {"2020-09-30": "$2,446", "2020-06-30": "$2,413", "2020-03-31": "$2,413", "2019-12-31": "$2,359", "2019-09-30": "$2,317", "2019-06-30": "$2,315", "2019-03-31": "$2,360", "2018-12-31": "$1,745", "2018-09-30": "$1,717", "2018-06-30": "$1,733", "2018-03-31": "$1,777", "2017-12-31": "$1,720", "2017-09-30": "$1,689", "2017-06-30": "$1,696", "2017-03-31": "$1,650", "2016-12-31": "$1,671", "2016-09-30": "$1,431", "2016-06-30": "$1,430", "2016-03-31": "$1,416", "2015-12-31": "$1,423", "2015-09-30": "$1,439", "2015-06-30": "$1,406", "2015-03-31": "$1,388", "2014-12-31": "$1,390", "2014-09-30": "$1,201", "2014-06-30": "$1,215", "2014-03-31": "$1,207", "2013-12-31": "$1,214", "2013-09-30": "$1,238", "2013-06-30": "$1,220", "2013-03-31": "$1,193", "2012-12-31": "$2,170", "2012-09-30": "$0", "2012-06-30": "$0", "2012-03-31": "$0", "2011-12-31": "$1,977", "2010-12-31": "$0"}}, "total-share-holder-equity": {"Bright Horizons Family Solutions Annual Share Holder Equity (Millions of US $)": {"2019": "$971", "2018": "$779", "2017": "$749", "2016": "$688", "2015": "$728", "2014": "$751", "2013": "$889", "2012": "$-254", "2011": "$-206", "2010": "$0"}, "Bright Horizons Family Solutions Quarterly Share Holder Equity (Millions of US $)": {"2020-09-30": "$1,227", "2020-06-30": "$1,198", "2020-03-31": "$938", "2019-12-31": "$971", "2019-09-30": "$894", "2019-06-30": "$878", "2019-03-31": "$837", "2018-12-31": "$779", "2018-09-30": "$780", "2018-06-30": "$749", "2018-03-31": "$737", "2017-12-31": "$749", "2017-09-30": "$775", "2017-06-30": "$722", "2017-03-31": "$726", "2016-12-31": "$688", "2016-09-30": "$698", "2016-06-30": "$678", "2016-03-31": "$728", "2015-12-31": "$728", "2015-09-30": "$715", "2015-06-30": "$742", "2015-03-31": "$765", "2014-12-31": "$751", "2014-09-30": "$952", "2014-06-30": "$952", "2014-03-31": "$915", "2013-12-31": "$889", "2013-09-30": "$850", "2013-06-30": "$812", "2013-03-31": "$782", "2012-12-31": "$-254", "2012-09-30": "$0", "2012-06-30": "$0", "2012-03-31": "$0", "2011-12-31": "$-206", "2010-12-31": "$0"}}, "profit-margins": {"current": "4.35%"}, "gross margin": {"2020-09-30": "21.70%", "2020-06-30": "23.46%", "2020-03-31": "24.43%", "2019-12-31": "25.35%", "2019-09-30": "25.40%", "2019-06-30": "25.30%", "2019-03-31": "25.08%", "2018-12-31": "24.89%", "2018-09-30": "24.71%", "2018-06-30": "24.69%", "2018-03-31": "24.62%", "2017-12-31": "24.70%", "2017-09-30": "24.76%", "2017-06-30": "24.77%", "2017-03-31": "24.83%", "2016-12-31": "24.84%", "2016-09-30": "24.69%", "2016-06-30": "24.59%", "2016-03-31": "24.58%", "2015-12-31": "24.55%", "2015-09-30": "24.44%", "2015-06-30": "24.12%", "2015-03-31": "23.56%", "2014-12-31": "23.13%", "2014-09-30": "22.79%", "2014-06-30": "22.94%", "2014-03-31": "22.97%", "2013-12-31": "23.05%", "2013-09-30": "23.27%", "2013-06-30": "23.32%", "2013-03-31": "23.26%", "2012-12-31": "22.99%"}, "operating margin": {"2020-09-30": "6.75%", "2020-06-30": "9.87%", "2020-03-31": "12.00%", "2019-12-31": "12.99%", "2019-09-30": "13.12%", "2019-06-30": "12.98%", "2019-03-31": "12.72%", "2018-12-31": "12.55%", "2018-09-30": "12.17%", "2018-06-30": "11.88%", "2018-03-31": "11.72%", "2017-12-31": "11.77%", "2017-09-30": "11.76%", "2017-06-30": "12.11%", "2017-03-31": "12.45%", "2016-12-31": "12.61%", "2016-09-30": "12.70%", "2016-06-30": "12.66%", "2016-03-31": "12.59%", "2015-12-31": "12.48%", "2015-09-30": "12.22%", "2015-06-30": "11.84%", "2015-03-31": "11.38%", "2014-12-31": "10.86%", "2014-09-30": "10.49%", "2014-06-30": "10.32%", "2014-03-31": "9.99%", "2013-12-31": "8.86%", "2013-09-30": "9.04%", "2013-06-30": "9.10%", "2013-03-31": "7.69%", "2012-12-31": "8.88%"}, "ebitda margin": {"2020-09-30": "13.62%", "2020-06-30": "16.09%", "2020-03-31": "17.46%", "2019-12-31": "18.32%", "2019-09-30": "18.42%", "2019-06-30": "18.33%", "2019-03-31": "18.07%", "2018-12-31": "17.96%", "2018-09-30": "17.58%", "2018-06-30": "17.30%", "2018-03-31": "17.16%", "2017-12-31": "17.29%", "2017-09-30": "17.35%", "2017-06-30": "17.75%", "2017-03-31": "18.11%", "2016-12-31": "18.22%", "2016-09-30": "18.21%", "2016-06-30": "18.16%", "2016-03-31": "18.15%", "2015-12-31": "18.11%", "2015-09-30": "17.91%", "2015-06-30": "17.59%", "2015-03-31": "17.21%", "2014-12-31": "16.78%", "2014-09-30": "16.57%", "2014-06-30": "16.44%", "2014-03-31": "16.21%", "2013-12-31": "15.09%", "2013-09-30": "15.26%", "2013-06-30": "15.46%", "2013-03-31": "14.10%", "2012-12-31": "15.33%"}, "pre tax profit margin": {"2020-09-30": "4.46%", "2020-06-30": "7.69%", "2020-03-31": "9.92%", "2019-12-31": "10.81%", "2019-09-30": "10.79%", "2019-06-30": "10.61%", "2019-03-31": "10.25%", "2018-12-31": "10.08%", "2018-09-30": "9.65%", "2018-06-30": "9.30%", "2018-03-31": "9.20%", "2017-12-31": "9.25%", "2017-09-30": "8.59%", "2017-06-30": "8.84%", "2017-03-31": "9.09%", "2016-12-31": "9.11%", "2016-09-30": "9.85%", "2016-06-30": "9.77%", "2016-03-31": "9.71%", "2015-12-31": "9.60%", "2015-09-30": "9.41%", "2015-06-30": "9.19%", "2015-03-31": "8.75%", "2014-12-31": "8.28%", "2014-09-30": "7.87%", "2014-06-30": "7.57%", "2014-03-31": "7.16%", "2013-12-31": "0.33%", "2013-09-30": "-0.94%", "2013-06-30": "-2.30%", "2013-03-31": "-5.13%", "2012-12-31": "1.12%"}, "net profit margin": {"2020-09-30": "4.34%", "2020-06-30": "6.55%", "2020-03-31": "8.18%", "2019-12-31": "8.73%", "2019-09-30": "8.86%", "2019-06-30": "8.69%", "2019-03-31": "8.39%", "2018-12-31": "8.30%", "2018-09-30": "8.68%", "2018-06-30": "8.70%", "2018-03-31": "8.52%", "2017-12-31": "8.96%", "2017-09-30": "7.18%", "2017-06-30": "6.84%", "2017-03-31": "6.85%", "2016-12-31": "5.99%", "2016-09-30": "6.48%", "2016-06-30": "6.49%", "2016-03-31": "6.43%", "2015-12-31": "6.45%", "2015-09-30": "6.32%", "2015-06-30": "6.03%", "2015-03-31": "5.76%", "2014-12-31": "5.32%", "2014-09-30": "5.77%", "2014-06-30": "5.89%", "2014-03-31": "6.29%", "2013-12-31": "1.07%", "2013-09-30": "-0.60%", "2013-06-30": "-3.62%", "2013-03-31": "-8.33%", "2012-12-31": "-5.14%"}, "pe ratio": {"current": "87.31", "2021-02-05": "139.13", "2020-09-30": "123.61", "2020-06-30": "57.73", "2020-03-31": "35.79", "2019-12-31": "49.44", "2019-09-30": "50.50", "2019-06-30": "52.02", "2019-03-31": "46.22", "2018-12-31": "41.90", "2018-09-30": "43.16", "2018-06-30": "38.40", "2018-03-31": "39.42", "2017-12-31": "36.29", "2017-09-30": "42.89", "2017-06-30": "41.29", "2017-03-31": "39.61", "2016-12-31": "45.17", "2016-09-30": "40.30", "2016-06-30": "40.93", "2016-03-31": "41.79", "2015-12-31": "44.53", "2015-09-30": "46.22", "2015-06-30": "44.81", "2015-03-31": "43.45", "2014-12-31": "43.93", "2014-09-30": "36.89", "2014-06-30": "37.67", "2014-03-31": "32.87", "2013-12-31": "918.50"}, "price sales": {"2021-02-05": "6.13", "2020-09-30": "5.45", "2020-06-30": "3.79", "2020-03-31": "2.91", "2019-12-31": "4.30", "2019-09-30": "4.45", "2019-06-30": "4.49", "2019-03-31": "3.85", "2018-12-31": "3.46", "2018-09-30": "3.75", "2018-06-30": "3.35", "2018-03-31": "3.36", "2017-12-31": "3.26", "2017-09-30": "3.07", "2017-06-30": "2.83", "2017-03-31": "2.73", "2016-12-31": "2.71", "2016-09-30": "2.65", "2016-06-30": "2.67", "2016-03-31": "2.69", "2015-12-31": "2.87", "2015-09-30": "2.87", "2015-06-30": "2.70", "2015-03-31": "2.48", "2014-12-31": "2.34", "2014-09-30": "2.10", "2014-06-30": "2.18", "2014-03-31": "2.04", "2013-12-31": "1.91"}, "price book": {"current": "8.45", "2021-02-05": "8.40", "2020-09-30": "7.47", "2020-06-30": "5.88", "2020-03-31": "6.30", "2019-12-31": "8.96", "2019-09-30": "9.87", "2019-06-30": "9.94", "2019-03-31": "8.77", "2018-12-31": "8.22", "2018-09-30": "8.73", "2018-06-30": "7.89", "2018-03-31": "7.78", "2017-12-31": "7.28", "2017-09-30": "6.55", "2017-06-30": "6.28", "2017-03-31": "5.93", "2016-12-31": "6.00", "2016-09-30": "5.66", "2016-06-30": "5.76", "2016-03-31": "5.31", "2015-12-31": "5.51", "2015-09-30": "5.39", "2015-06-30": "4.72", "2015-03-31": "4.14", "2014-12-31": "3.85", "2014-09-30": "2.92", "2014-06-30": "2.98", "2014-03-31": "2.80", "2013-12-31": "2.70", "2013-09-30": "2.75", "2013-06-30": "2.77", "2013-03-31": "2.79"}, "price fcf": {"2021-02-05": "", "2020-09-30": "$2.49", "2020-06-30": "$1.79", "2020-03-31": "$3.24", "2019-12-31": "$3.83", "2019-09-30": "$3.87", "2019-06-30": "$3.38", "2019-03-31": "$3.36", "2018-12-31": "$3.46", "2018-09-30": "$3.24", "2018-06-30": "$3.20", "2018-03-31": "$2.87", "2017-12-31": "$2.73", "2017-09-30": "$2.89", "2017-06-30": "$2.40", "2017-03-31": "$2.49", "2016-12-31": "$2.30", "2016-09-30": "$2.07", "2016-06-30": "$2.29", "2016-03-31": "$2.23", "2015-12-31": "$1.48", "2015-09-30": "$1.84", "2015-06-30": "$1.69", "2015-03-31": "$1.54", "2014-12-31": "$1.61", "2014-09-30": "$1.49", "2014-06-30": "$1.61", "2014-03-31": "$1.42", "2013-12-31": "$1.40"}, "net worth": {"value": "$10.36B"}, "current ratio": {"current": "1.22", "2020-09-30": "1.22", "2020-06-30": "1.17", "2020-03-31": "0.57", "2019-12-31": "0.47", "2019-09-30": "0.49", "2019-06-30": "0.41", "2019-03-31": "0.37", "2018-12-31": "0.40", "2018-09-30": "0.39", "2018-06-30": "0.34", "2018-03-31": "0.38", "2017-12-31": "0.42", "2017-09-30": "0.49", "2017-06-30": "0.42", "2017-03-31": "0.47", "2016-12-31": "0.40", "2016-09-30": "0.47", "2016-06-30": "0.47", "2016-03-31": "0.53", "2015-12-31": "0.50", "2015-09-30": "0.53", "2015-06-30": "0.71", "2015-03-31": "0.93", "2014-12-31": "0.80", "2014-09-30": "0.97", "2014-06-30": "0.90", "2014-03-31": "0.78", "2013-12-31": "0.65", "2013-09-30": "0.57", "2013-06-30": "0.71", "2013-03-31": "0.92", "2012-12-31": "0.67", "2012-09-30": "0.00", "2012-06-30": "0.00", "2012-03-31": "0.00", "2011-12-31": "0.64", "2010-12-31": "0.00"}, "quick ratio": {"2020-09-30": "0.00", "2020-06-30": "0.00", "2020-03-31": "0.00", "2019-12-31": "0.00", "2019-09-30": "0.00", "2019-06-30": "0.00", "2019-03-31": "0.00", "2018-12-31": "0.00", "2018-09-30": "0.00", "2018-06-30": "0.00", "2018-03-31": "0.00", "2017-12-31": "0.00", "2017-09-30": "0.00", "2017-06-30": "0.00", "2017-03-31": "0.00", "2016-12-31": "0.00", "2016-09-30": "0.00", "2016-06-30": "0.00", "2016-03-31": "0.00", "2015-12-31": "0.00", "2015-09-30": "0.00", "2015-06-30": "0.00", "2015-03-31": "0.00", "2014-12-31": "0.00", "2014-09-30": "0.00", "2014-06-30": "0.00", "2014-03-31": "0.00", "2013-12-31": "0.00", "2013-09-30": "0.00", "2013-06-30": "0.00", "2013-03-31": "0.00", "2012-12-31": "0.00", "2012-09-30": "0.00", "2012-06-30": "0.00", "2012-03-31": "0.00", "2011-12-31": "0.00", "2010-12-31": "0.00"}, "debt equity ratio": {"current": "0.83", "2020-09-30": "1.99", "2020-06-30": "2.01", "2020-03-31": "2.57", "2019-12-31": "2.43", "2019-09-30": "2.59", "2019-06-30": "2.64", "2019-03-31": "2.82", "2018-12-31": "2.24", "2018-09-30": "2.20", "2018-06-30": "2.31", "2018-03-31": "2.41", "2017-12-31": "2.30", "2017-09-30": "2.18", "2017-06-30": "2.35", "2017-03-31": "2.27", "2016-12-31": "2.43", "2016-09-30": "2.05", "2016-06-30": "2.11", "2016-03-31": "1.95", "2015-12-31": "1.96", "2015-09-30": "2.01", "2015-06-30": "1.90", "2015-03-31": "1.81", "2014-12-31": "1.85", "2014-09-30": "1.26", "2014-06-30": "1.28", "2014-03-31": "1.32", "2013-12-31": "1.37", "2013-09-30": "1.46", "2013-06-30": "1.50", "2013-03-31": "1.53", "2012-12-31": "-8.55", "2012-09-30": "0.00", "2012-06-30": "0.00", "2012-03-31": "0.00", "2011-12-31": "-9.60", "2010-12-31": "0.00"}, "return on equity": {"2020-09-30": "6.65%", "2020-06-30": "12.00%", "2020-03-31": "18.36%", "2019-12-31": "20.11%", "2019-09-30": "21.13%", "2019-06-30": "21.01%", "2019-03-31": "20.73%", "2018-12-31": "20.76%", "2018-09-30": "21.49%", "2018-06-30": "21.13%", "2018-03-31": "20.38%", "2017-12-31": "21.00%", "2017-09-30": "16.76%", "2017-06-30": "15.95%", "2017-03-31": "15.77%", "2016-12-31": "13.47%", "2016-09-30": "14.12%", "2016-06-30": "13.90%", "2016-03-31": "13.18%", "2015-12-31": "12.75%", "2015-09-30": "12.11%", "2015-06-30": "10.47%", "2015-03-31": "9.24%", "2014-12-31": "8.07%", "2014-09-30": "8.31%", "2014-06-30": "8.54%", "2014-03-31": "9.23%", "2013-12-31": "1.56%", "2013-09-30": "-1.28%", "2013-06-30": "-12.24%", "2013-03-31": "-68.94%", "2012-12-31": "86.61%"}, "return on assets": {"2020-09-30": "2.06%", "2020-06-30": "3.55%", "2020-03-31": "5.17%", "2019-12-31": "5.57%", "2019-09-30": "5.91%", "2019-06-30": "6.03%", "2019-03-31": "6.09%", "2018-12-31": "6.31%", "2018-09-30": "6.50%", "2018-06-30": "6.41%", "2018-03-31": "6.16%", "2017-12-31": "6.42%", "2017-09-30": "5.07%", "2017-06-30": "4.87%", "2017-03-31": "4.90%", "2016-12-31": "4.30%", "2016-09-30": "4.69%", "2016-06-30": "4.63%", "2016-03-31": "4.47%", "2015-12-31": "4.37%", "2015-09-30": "4.19%", "2015-06-30": "3.91%", "2015-03-31": "3.67%", "2014-12-31": "3.36%", "2014-09-30": "3.60%", "2014-06-30": "3.63%", "2014-03-31": "3.83%", "2013-12-31": "0.63%", "2013-09-30": "-0.35%", "2013-06-30": "-2.77%", "2013-03-31": "-9.35%", "2012-12-31": "-11.48%"}, "return on investments": {"2020-09-30": "5.31%", "2020-06-30": "8.93%", "2020-03-31": "12.72%", "2019-12-31": "13.91%", "2019-09-30": "14.09%", "2019-06-30": "13.86%", "2019-03-31": "13.54%", "2018-12-31": "13.27%", "2018-09-30": "12.64%", "2018-06-30": "12.07%", "2018-03-31": "11.66%", "2017-12-31": "11.44%", "2017-09-30": "11.24%", "2017-06-30": "11.61%", "2017-03-31": "11.94%", "2016-12-31": "12.09%", "2016-09-30": "12.17%", "2016-06-30": "11.94%", "2016-03-31": "11.50%", "2015-12-31": "11.06%", "2015-09-30": "10.53%", "2015-06-30": "9.86%", "2015-03-31": "9.24%", "2014-12-31": "8.72%", "2014-09-30": "8.33%", "2014-06-30": "8.15%", "2014-03-31": "7.82%", "2013-12-31": "6.79%", "2013-09-30": "7.89%", "2013-06-30": "10.95%", "2013-03-31": "15.32%", "2012-12-31": "58.37%"}, "return on tangible equity": {"2020-09-30": "-11.82%", "2020-06-30": "-17.41%", "2020-03-31": "-21.86%", "2019-12-31": "-22.42%", "2019-09-30": "-21.33%", "2019-06-30": "-19.87%", "2019-03-31": "-18.23%", "2018-12-31": "-17.31%", "2018-09-30": "-17.67%", "2018-06-30": "-17.36%", "2018-03-31": "-16.56%", "2017-12-31": "-17.11%", "2017-09-30": "-13.21%", "2017-06-30": "-12.44%", "2017-03-31": "-12.48%", "2016-12-31": "-11.02%", "2016-09-30": "-12.24%", "2016-06-30": "-12.14%", "2016-03-31": "-12.00%", "2015-12-31": "-12.06%", "2015-09-30": "-11.76%", "2015-06-30": "-12.01%", "2015-03-31": "-12.14%", "2014-12-31": "-11.55%", "2014-09-30": "-12.92%", "2014-06-30": "-12.23%", "2014-03-31": "-12.25%", "2013-12-31": "-1.97%", "2013-09-30": "0.76%", "2013-06-30": "5.50%", "2013-03-31": "15.73%", "2012-12-31": "13.06%"}, "dividend yield history": {"last payout": "$0.00", "last yield": "0.00%"}}