{"ticker": "BRX", "price": {"title": "Brixmor Property Group Historical Annual Stock Price Data", "value": 17.57, "historical": {"2020": {"Average Stock Price": "13.8535", "Year Open": "20.7700", "Year High": "21.3300", "Year Low": "7.8700", "Year Close": "16.5500", "Annual % Change": "-23.42%"}, "2019": {"Average Stock Price": "18.8153", "Year Open": "14.4100", "Year High": "22.7100", "Year Low": "14.1700", "Year Close": "21.6100", "Annual % Change": "47.11%"}, "2018": {"Average Stock Price": "16.2328", "Year Open": "18.7300", "Year High": "18.7300", "Year Low": "13.9800", "Year Close": "14.6900", "Annual % Change": "-21.28%"}, "2017": {"Average Stock Price": "19.9647", "Year Open": "24.5000", "Year High": "25.2900", "Year Low": "17.4700", "Year Close": "18.6600", "Annual % Change": "-23.59%"}, "2016": {"Average Stock Price": "25.7715", "Year Open": "25.2200", "Year High": "28.9600", "Year Low": "21.1000", "Year Close": "24.4200", "Annual % Change": "-5.42%"}, "2015": {"Average Stock Price": "24.8328", "Year Open": "25.1000", "Year High": "27.3900", "Year Low": "22.2300", "Year Close": "25.8200", "Annual % Change": "3.95%"}, "2014": {"Average Stock Price": "22.5477", "Year Open": "20.1800", "Year High": "25.2400", "Year Low": "20.1300", "Year Close": "24.8400", "Annual % Change": "22.18%"}, "2013": {"Average Stock Price": "20.1760", "Year Open": "20.4000", "Year High": "20.9400", "Year Low": "19.6600", "Year Close": "20.3300", "Annual % Change": "0.00%"}}}, "market cap": {"value": "$5.21B"}, "income statement": {"Revenue": {"2019-12-31": "1168.25800", "2018-12-31": "1234.34000", "2017-12-31": "1283.18000", "2016-12-31": "1275.77200", "2015-12-31": "1265.98000", "2014-12-31": "1236.59900", "2013-12-31": "1146.40400", "2012-12-31": "1088.25400", "2011-12-31": "1113.38000", "2010-12-31": "1125.10400"}, "Cost Of Goods Sold": {"2019-12-31": "295.86400", "2018-12-31": "313.61800", "2017-12-31": "315.18900", "2016-12-31": "307.91600", "2015-12-31": "310.38800", "2014-12-31": "308.65200", "2013-12-31": "284.99000", "2012-12-31": "274.01800", "2011-12-31": "288.26500", "2010-12-31": "291.90700"}, "Gross Profit": {"2019-12-31": "872.39400", "2018-12-31": "920.72200", "2017-12-31": "967.99110", "2016-12-31": "967.85600", "2015-12-31": "955.59200", "2014-12-31": "927.94700", "2013-12-31": "861.41410", "2012-12-31": "814.23600", "2011-12-31": "825.11500", "2010-12-31": "833.19700"}, "Research And Development Expenses": {"2019-12-31": "", "2018-12-31": "", "2017-12-31": "", "2016-12-31": "", "2015-12-31": "", "2014-12-31": "", "2013-12-31": "", "2012-12-31": "", "2011-12-31": "", "2010-12-31": ""}, "SG&A Expenses": {"2019-12-31": "102.30900", "2018-12-31": "93.59600", "2017-12-31": "92.24700", "2016-12-31": "92.24800", "2015-12-31": "98.45400", "2014-12-31": "80.17500", "2013-12-31": "121.08200", "2012-12-31": "88.93600", "2011-12-31": "107.87100", "2010-12-31": "94.64400"}, "Other Operating Income Or Expenses": {"2019-12-31": "-24.40200", "2018-12-31": "-63.37700", "2017-12-31": "-45.42700", "2016-12-31": "-14.33600", "2015-12-31": "-10.54500", "2014-12-31": "-11.53700", "2013-12-31": "-12.43000", "2012-12-31": "-11.54200", "2011-12-31": "-20.13700", "2010-12-31": "-265.16100"}, "Operating Expenses": {"2019-12-31": "755.00600", "2018-12-31": "822.83600", "2017-12-31": "827.89110", "2016-12-31": "801.80200", "2015-12-31": "837.32200", "2014-12-31": "841.99400", "2013-12-31": "857.04900", "2012-12-31": "863.56100", "2011-12-31": "929.47300", "2010-12-31": "1047.70300"}, "Operating Income": {"2019-12-31": "413.25200", "2018-12-31": "411.50400", "2017-12-31": "455.28900", "2016-12-31": "473.97000", "2015-12-31": "428.65800", "2014-12-31": "394.60500", "2013-12-31": "289.35500", "2012-12-31": "224.69310", "2011-12-31": "183.90700", "2010-12-31": "77.40100"}, "Total Non-Operating Income/Expense": {"2019-12-31": "-138.47900", "2018-12-31": "-45.22000", "2017-12-31": "-159.85700", "2016-12-31": "-196.30500", "2015-12-31": "-231.58100", "2014-12-31": "-284.02400", "2013-12-31": "-371.18000", "2012-12-31": "-375.10200", "2011-12-31": "-65.67900", "2010-12-31": "-366.74600"}, "Pre-Tax Income": {"2019-12-31": "274.77300", "2018-12-31": "366.28400", "2017-12-31": "295.43200", "2016-12-31": "277.66500", "2015-12-31": "197.07700", "2014-12-31": "110.58100", "2013-12-31": "-81.82500", "2012-12-31": "-150.40900", "2011-12-31": "118.22800", "2010-12-31": "-289.34500"}, "Income Taxes": {"2019-12-31": "", "2018-12-31": "", "2017-12-31": "", "2016-12-31": "", "2015-12-31": "", "2014-12-31": "", "2013-12-31": "", "2012-12-31": "", "2011-12-31": "", "2010-12-31": "-16.49400"}, "Income After Taxes": {"2019-12-31": "274.77300", "2018-12-31": "366.28400", "2017-12-31": "295.43200", "2016-12-31": "277.66500", "2015-12-31": "197.07700", "2014-12-31": "110.58100", "2013-12-31": "-81.82500", "2012-12-31": "-150.40900", "2011-12-31": "118.22800", "2010-12-31": "-272.85100"}, "Other Income": {"2019-12-31": "", "2018-12-31": "", "2017-12-31": "", "2016-12-31": "", "2015-12-31": "", "2014-12-31": "", "2013-12-31": "", "2012-12-31": "", "2011-12-31": "", "2010-12-31": ""}, "Income From Continuous Operations": {"2019-12-31": "274.77300", "2018-12-31": "366.28400", "2017-12-31": "300.36900", "2016-12-31": "278.14200", "2015-12-31": "197.53600", "2014-12-31": "112.77100", "2013-12-31": "-80.65800", "2012-12-31": "-150.03600", "2011-12-31": "117.68700", "2010-12-31": "-276.70100"}, "Income From Discontinued Operations": {"2019-12-31": "", "2018-12-31": "", "2017-12-31": "", "2016-12-31": "", "2015-12-31": "", "2014-12-31": "20.08000", "2013-12-31": "-38.22500", "2012-12-31": "-10.67700", "2011-12-31": "-11.64200", "2010-12-31": "-43.28600"}, "Net Income": {"2019-12-31": "274.77300", "2018-12-31": "366.28400", "2017-12-31": "300.36900", "2016-12-31": "275.47800", "2015-12-31": "193.57000", "2014-12-31": "88.85200", "2013-12-31": "-93.69600", "2012-12-31": "-122.86300", "2011-12-31": "67.37100", "2010-12-31": "-321.38700"}, "EBITDA": {"2019-12-31": "734.88800", "2018-12-31": "741.21200", "2017-12-31": "802.33110", "2016-12-31": "818.81400", "2015-12-31": "789.07300", "2014-12-31": "779.58300", "2013-12-31": "678.11300", "2012-12-31": "669.20510", "2011-12-31": "595.17100", "2010-12-31": "423.97200"}, "EBIT": {"2019-12-31": "413.25200", "2018-12-31": "411.50400", "2017-12-31": "455.28900", "2016-12-31": "473.97000", "2015-12-31": "428.65800", "2014-12-31": "394.60500", "2013-12-31": "289.35500", "2012-12-31": "224.69310", "2011-12-31": "183.90700", "2010-12-31": "77.40100"}, "Basic Shares Outstanding": {"2019-12-31": "298.22900", "2018-12-31": "302.07400", "2017-12-31": "304.83400", "2016-12-31": "301.60100", "2015-12-31": "298.00400", "2014-12-31": "243.39000", "2013-12-31": "188.99300", "2012-12-31": "180.67500", "2011-12-31": "180.67500", "2010-12-31": ""}, "Shares Outstanding": {"2019-12-31": "299.33400", "2018-12-31": "302.33900", "2017-12-31": "305.28100", "2016-12-31": "305.06000", "2015-12-31": "305.01700", "2014-12-31": "244.58800", "2013-12-31": "188.99300", "2012-12-31": "180.67500", "2011-12-31": "180.67500", "2010-12-31": ""}, "Basic EPS": {"2019-12-31": "0.92000", "2018-12-31": "1.21000", "2017-12-31": "0.98000", "2016-12-31": "0.91000", "2015-12-31": "0.65000", "2014-12-31": "0.36000", "2013-12-31": "-0.50000", "2012-12-31": "-0.68000", "2011-12-31": "0.37300", "2010-12-31": ""}, "EPS - Earnings Per Share": {"2019-12-31": "0.92000", "2018-12-31": "1.21000", "2017-12-31": "0.98000", "2016-12-31": "0.91000", "2015-12-31": "0.65000", "2014-12-31": "0.36000", "2013-12-31": "-0.50000", "2012-12-31": "-0.68000", "2011-12-31": "0.37300", "2010-12-31": "0.00000"}}, "income statement, quarterly": {"Revenue": {"2020-09-30": "253.93500", "2020-06-30": "247.62000", "2020-03-31": "282.30100", "2019-12-31": "293.14910", "2019-09-30": "292.96500", "2019-06-30": "291.00500", "2019-03-31": "291.13900", "2018-12-31": "297.65500", "2018-09-30": "306.48000", "2018-06-30": "313.03000", "2018-03-31": "317.17500", "2017-12-31": "320.06010", "2017-09-30": "314.49600", "2017-06-30": "322.81800", "2017-03-31": "325.80600", "2016-12-31": "324.03390", "2016-09-30": "318.57700", "2016-06-30": "310.05700", "2016-03-31": "323.10400", "2015-12-31": "325.55100", "2015-09-30": "313.02500", "2015-06-30": "312.11100", "2015-03-31": "315.29300", "2014-12-31": "314.60600", "2014-09-30": "306.46900", "2014-06-30": "307.94900", "2014-03-31": "307.57500", "2013-12-31": "304.77610", "2013-09-30": "286.09000", "2013-06-30": "278.22000", "2013-03-31": "277.31800", "2012-12-31": "", "2012-09-30": "280.49200", "2011-12-31": "", "2010-12-31": ""}, "Cost Of Goods Sold": {"2020-09-30": "66.91800", "2020-06-30": "66.94400", "2020-03-31": "73.22000", "2019-12-31": "75.52300", "2019-09-30": "73.26100", "2019-06-30": "72.49600", "2019-03-31": "74.58400", "2018-12-31": "76.89500", "2018-09-30": "76.68000", "2018-06-30": "78.82800", "2018-03-31": "81.21500", "2017-12-31": "78.62700", "2017-09-30": "75.58100", "2017-06-30": "77.08900", "2017-03-31": "83.89200", "2016-12-31": "79.52300", "2016-09-30": "78.85300", "2016-06-30": "70.09800", "2016-03-31": "79.44200", "2015-12-31": "82.97400", "2015-09-30": "73.42400", "2015-06-30": "74.64100", "2015-03-31": "79.34900", "2014-12-31": "80.50400", "2014-09-30": "73.13800", "2014-06-30": "75.70100", "2014-03-31": "79.30900", "2013-12-31": "74.73900", "2013-09-30": "70.05100", "2013-06-30": "68.65400", "2013-03-31": "71.54600", "2012-12-31": "", "2012-09-30": "69.87100", "2011-12-31": "", "2010-12-31": ""}, "Gross Profit": {"2020-09-30": "187.01700", "2020-06-30": "180.67600", "2020-03-31": "209.08100", "2019-12-31": "217.62610", "2019-09-30": "219.70400", "2019-06-30": "218.50900", "2019-03-31": "216.55500", "2018-12-31": "220.76000", "2018-09-30": "229.80000", "2018-06-30": "234.20200", "2018-03-31": "235.96000", "2017-12-31": "241.43310", "2017-09-30": "238.91500", "2017-06-30": "245.72900", "2017-03-31": "241.91400", "2016-12-31": "244.51090", "2016-09-30": "239.72400", "2016-06-30": "239.95900", "2016-03-31": "243.66200", "2015-12-31": "242.57700", "2015-09-30": "239.60100", "2015-06-30": "237.47000", "2015-03-31": "235.94400", "2014-12-31": "234.10200", "2014-09-30": "233.33100", "2014-06-30": "232.24800", "2014-03-31": "228.26600", "2013-12-31": "230.03710", "2013-09-30": "216.03900", "2013-06-30": "209.56600", "2013-03-31": "205.77200", "2012-12-31": "", "2012-09-30": "210.62100", "2011-12-31": "", "2010-12-31": ""}, "Research And Development Expenses": {"2020-09-30": "", "2020-06-30": "", "2020-03-31": "", "2019-12-31": "", "2019-09-30": "", "2019-06-30": "", "2019-03-31": "", "2018-12-31": "", "2018-09-30": "", "2018-06-30": "", "2018-03-31": "", "2017-12-31": "", "2017-09-30": "", "2017-06-30": "", "2017-03-31": "", "2016-12-31": "", "2016-09-30": "", "2016-06-30": "", "2016-03-31": "", "2015-12-31": "", "2015-09-30": "", "2015-06-30": "", "2015-03-31": "", "2014-12-31": "", "2014-09-30": "", "2014-06-30": "", "2014-03-31": "", "2013-12-31": "", "2013-09-30": "", "2013-06-30": "", "2013-03-31": "", "2012-12-31": "", "2012-09-30": "", "2011-12-31": "", "2010-12-31": ""}, "SG&A Expenses": {"2020-09-30": "27.74800", "2020-06-30": "24.43600", "2020-03-31": "22.59700", "2019-12-31": "27.14100", "2019-09-30": "24.55000", "2019-06-30": "25.17500", "2019-03-31": "25.44300", "2018-12-31": "28.64100", "2018-09-30": "21.20900", "2018-06-30": "21.32000", "2018-03-31": "22.42600", "2017-12-31": "25.20400", "2017-09-30": "22.83800", "2017-06-30": "23.24800", "2017-03-31": "20.95700", "2016-12-31": "22.53900", "2016-09-30": "21.78700", "2016-06-30": "27.19800", "2016-03-31": "20.72400", "2015-12-31": "25.42400", "2015-09-30": "22.03000", "2015-06-30": "20.28500", "2015-03-31": "30.71500", "2014-12-31": "20.95400", "2014-09-30": "19.62400", "2014-06-30": "19.93900", "2014-03-31": "19.65800", "2013-12-31": "55.68500", "2013-09-30": "23.60500", "2013-06-30": "18.72400", "2013-03-31": "23.06800", "2012-12-31": "", "2012-09-30": "20.50600", "2011-12-31": "", "2010-12-31": ""}, "Other Operating Income Or Expenses": {"2020-09-30": "-5.74600", "2020-06-30": "-5.96200", "2020-03-31": "-4.59800", "2019-12-31": "-6.93400", "2019-09-30": "-8.17000", "2019-06-30": "-6.18600", "2019-03-31": "-3.11200", "2018-12-31": "-12.71800", "2018-09-30": "-19.46600", "2018-06-30": "-12.87600", "2018-03-31": "-18.31700", "2017-12-31": "-14.02100", "2017-09-30": "-12.28100", "2017-06-30": "-12.38900", "2017-03-31": "-6.73600", "2016-12-31": "-5.78600", "2016-09-30": "-4.18900", "2016-06-30": "-1.62100", "2016-03-31": "-2.74000", "2015-12-31": "-2.76500", "2015-09-30": "-1.95300", "2015-06-30": "-2.52500", "2015-03-31": "-3.30200", "2014-12-31": "-2.89800", "2014-09-30": "-2.77100", "2014-06-30": "-2.98000", "2014-03-31": "-2.88800", "2013-12-31": "-2.93100", "2013-09-30": "-3.07100", "2013-06-30": "-4.10400", "2013-03-31": "-2.32400", "2012-12-31": "", "2012-09-30": "-3.00300", "2011-12-31": "", "2010-12-31": ""}, "Operating Expenses": {"2020-09-30": "187.90000", "2020-06-30": "178.17100", "2020-03-31": "183.43200", "2019-12-31": "192.20400", "2019-09-30": "188.81800", "2019-06-30": "185.45000", "2019-03-31": "188.53400", "2018-12-31": "203.59900", "2018-09-30": "202.53800", "2018-06-30": "204.35800", "2018-03-31": "212.34100", "2017-12-31": "207.84000", "2017-09-30": "204.93900", "2017-06-30": "209.59600", "2017-03-31": "205.51600", "2016-12-31": "200.51600", "2016-09-30": "203.16600", "2016-06-30": "194.73500", "2016-03-31": "203.38500", "2015-12-31": "213.67400", "2015-09-30": "199.84600", "2015-06-30": "201.89200", "2015-03-31": "221.91000", "2014-12-31": "212.06200", "2014-09-30": "206.63700", "2014-06-30": "208.22000", "2014-03-31": "215.07500", "2013-12-31": "243.02400", "2013-09-30": "205.20600", "2013-06-30": "200.10400", "2013-03-31": "208.71500", "2012-12-31": "", "2012-09-30": "214.87400", "2011-12-31": "", "2010-12-31": ""}, "Operating Income": {"2020-09-30": "66.03500", "2020-06-30": "69.44900", "2020-03-31": "98.86900", "2019-12-31": "100.94500", "2019-09-30": "104.14700", "2019-06-30": "105.55500", "2019-03-31": "102.60500", "2018-12-31": "94.05600", "2018-09-30": "103.94200", "2018-06-30": "108.67200", "2018-03-31": "104.83400", "2017-12-31": "112.22010", "2017-09-30": "109.55700", "2017-06-30": "113.22200", "2017-03-31": "120.29000", "2016-12-31": "123.51790", "2016-09-30": "115.41100", "2016-06-30": "115.32200", "2016-03-31": "119.71900", "2015-12-31": "111.87700", "2015-09-30": "113.17900", "2015-06-30": "110.21900", "2015-03-31": "93.38300", "2014-12-31": "102.54410", "2014-09-30": "99.83200", "2014-06-30": "99.72900", "2014-03-31": "92.50000", "2013-12-31": "61.75210", "2013-09-30": "80.88400", "2013-06-30": "78.11600", "2013-03-31": "68.60300", "2012-12-31": "", "2012-09-30": "65.61800", "2011-12-31": "", "2010-12-31": ""}, "Total Non-Operating Income/Expense": {"2020-09-30": "-38.09100", "2020-06-30": "-60.40500", "2020-03-31": "-39.08800", "2019-12-31": "-38.88600", "2019-09-30": "-23.29300", "2019-06-30": "-36.59500", "2019-03-31": "-39.70500", "2018-12-31": "-16.50200", "2018-09-30": "43.40400", "2018-06-30": "-28.31000", "2018-03-31": "-43.81200", "2017-12-31": "-42.32400", "2017-09-30": "-30.76400", "2017-06-30": "-37.94700", "2017-03-31": "-48.82200", "2016-12-31": "-30.32900", "2016-09-30": "-57.72800", "2016-06-30": "-49.97100", "2016-03-31": "-58.27700", "2015-12-31": "-55.56400", "2015-09-30": "-58.49300", "2015-06-30": "-55.16200", "2015-03-31": "-62.36200", "2014-12-31": "-77.47100", "2014-09-30": "-66.12100", "2014-06-30": "-68.52000", "2014-03-31": "-71.91200", "2013-12-31": "-77.30300", "2013-09-30": "-104.58700", "2013-06-30": "-98.79000", "2013-03-31": "-90.50000", "2012-12-31": "", "2012-09-30": "-98.85800", "2011-12-31": "", "2010-12-31": ""}, "Pre-Tax Income": {"2020-09-30": "27.94400", "2020-06-30": "9.04400", "2020-03-31": "59.78100", "2019-12-31": "62.05900", "2019-09-30": "80.85400", "2019-06-30": "68.96000", "2019-03-31": "62.90000", "2018-12-31": "77.55400", "2018-09-30": "147.34600", "2018-06-30": "80.36200", "2018-03-31": "61.02200", "2017-12-31": "69.89600", "2017-09-30": "78.79300", "2017-06-30": "75.27500", "2017-03-31": "71.46800", "2016-12-31": "93.18900", "2016-09-30": "57.68300", "2016-06-30": "65.35100", "2016-03-31": "61.44200", "2015-12-31": "56.31300", "2015-09-30": "54.68600", "2015-06-30": "55.05700", "2015-03-31": "31.02100", "2014-12-31": "25.07300", "2014-09-30": "33.71100", "2014-06-30": "31.20900", "2014-03-31": "20.58800", "2013-12-31": "-15.55100", "2013-09-30": "-23.70300", "2013-06-30": "-20.67400", "2013-03-31": "-21.89700", "2012-12-31": "", "2012-09-30": "-33.24000", "2011-12-31": "", "2010-12-31": ""}, "Income Taxes": {"2020-09-30": "", "2020-06-30": "", "2020-03-31": "", "2019-12-31": "", "2019-09-30": "", "2019-06-30": "", "2019-03-31": "", "2018-12-31": "", "2018-09-30": "", "2018-06-30": "", "2018-03-31": "", "2017-12-31": "", "2017-09-30": "", "2017-06-30": "", "2017-03-31": "", "2016-12-31": "", "2016-09-30": "", "2016-06-30": "", "2016-03-31": "", "2015-12-31": "", "2015-09-30": "", "2015-06-30": "", "2015-03-31": "", "2014-12-31": "", "2014-09-30": "", "2014-06-30": "", "2014-03-31": "", "2013-12-31": "", "2013-09-30": "", "2013-06-30": "", "2013-03-31": "", "2012-12-31": "", "2012-09-30": "", "2011-12-31": "", "2010-12-31": ""}, "Income After Taxes": {"2020-09-30": "27.94400", "2020-06-30": "9.04400", "2020-03-31": "59.78100", "2019-12-31": "62.05900", "2019-09-30": "80.85400", "2019-06-30": "68.96000", "2019-03-31": "62.90000", "2018-12-31": "77.55400", "2018-09-30": "147.34600", "2018-06-30": "80.36200", "2018-03-31": "61.02200", "2017-12-31": "69.89600", "2017-09-30": "78.79300", "2017-06-30": "75.27500", "2017-03-31": "71.46800", "2016-12-31": "93.18900", "2016-09-30": "57.68300", "2016-06-30": "65.35100", "2016-03-31": "61.44200", "2015-12-31": "56.31300", "2015-09-30": "54.68600", "2015-06-30": "55.05700", "2015-03-31": "31.02100", "2014-12-31": "25.07300", "2014-09-30": "33.71100", "2014-06-30": "31.20900", "2014-03-31": "20.58800", "2013-12-31": "-15.55100", "2013-09-30": "-23.70300", "2013-06-30": "-20.67400", "2013-03-31": "-21.89700", "2012-12-31": "", "2012-09-30": "-33.24000", "2011-12-31": "", "2010-12-31": ""}, "Other Income": {"2020-09-30": "", "2020-06-30": "", "2020-03-31": "", "2019-12-31": "", "2019-09-30": "", "2019-06-30": "", "2019-03-31": "", "2018-12-31": "", "2018-09-30": "", "2018-06-30": "", "2018-03-31": "", "2017-12-31": "", "2017-09-30": "", "2017-06-30": "", "2017-03-31": "", "2016-12-31": "", "2016-09-30": "", "2016-06-30": "", "2016-03-31": "", "2015-12-31": "", "2015-09-30": "", "2015-06-30": "", "2015-03-31": "", "2014-12-31": "", "2014-09-30": "", "2014-06-30": "", "2014-03-31": "", "2013-12-31": "", "2013-09-30": "", "2013-06-30": "", "2013-03-31": "", "2012-12-31": "", "2012-09-30": "", "2011-12-31": "", "2010-12-31": ""}, "Income From Continuous Operations": {"2020-09-30": "27.94400", "2020-06-30": "9.04400", "2020-03-31": "59.78100", "2019-12-31": "62.05900", "2019-09-30": "80.85400", "2019-06-30": "68.96000", "2019-03-31": "62.90000", "2018-12-31": "77.55400", "2018-09-30": "147.34600", "2018-06-30": "80.36200", "2018-03-31": "61.02200", "2017-12-31": "69.89600", "2017-09-30": "83.38000", "2017-06-30": "75.43800", "2017-03-31": "71.65500", "2016-12-31": "93.31800", "2016-09-30": "57.80500", "2016-06-30": "65.47000", "2016-03-31": "61.54900", "2015-12-31": "56.41400", "2015-09-30": "54.81900", "2015-06-30": "55.16700", "2015-03-31": "31.13600", "2014-12-31": "25.19500", "2014-09-30": "33.82300", "2014-06-30": "31.28000", "2014-03-31": "22.47300", "2013-12-31": "-15.38500", "2013-09-30": "-23.45600", "2013-06-30": "-20.16700", "2013-03-31": "-21.65000", "2012-12-31": "", "2012-09-30": "-33.12200", "2011-12-31": "", "2010-12-31": ""}, "Income From Discontinued Operations": {"2020-09-30": "", "2020-06-30": "", "2020-03-31": "", "2019-12-31": "", "2019-09-30": "", "2019-06-30": "", "2019-03-31": "", "2018-12-31": "", "2018-09-30": "", "2018-06-30": "", "2018-03-31": "", "2017-12-31": "", "2017-09-30": "", "2017-06-30": "", "2017-03-31": "", "2016-12-31": "", "2016-09-30": "", "2016-06-30": "", "2016-03-31": "", "2015-12-31": "", "2015-09-30": "", "2015-06-30": "", "2015-03-31": "", "2014-12-31": "0.75400", "2014-09-30": "0.04100", "2014-06-30": "0.01800", "2014-03-31": "19.26700", "2013-12-31": "3.34800", "2013-09-30": "-1.09900", "2013-06-30": "-36.67800", "2013-03-31": "-3.79600", "2012-12-31": "", "2012-09-30": "-4.02400", "2011-12-31": "", "2010-12-31": ""}, "Net Income": {"2020-09-30": "27.94400", "2020-06-30": "9.04400", "2020-03-31": "59.78100", "2019-12-31": "62.05900", "2019-09-30": "80.85400", "2019-06-30": "68.96000", "2019-03-31": "62.90000", "2018-12-31": "77.55400", "2018-09-30": "147.34600", "2018-06-30": "80.36200", "2018-03-31": "61.02200", "2017-12-31": "70.01100", "2017-09-30": "83.38000", "2017-06-30": "75.39900", "2017-03-31": "71.57900", "2016-12-31": "93.05300", "2016-09-30": "57.49200", "2016-06-30": "64.45600", "2016-03-31": "60.47700", "2015-12-31": "55.26200", "2015-09-30": "53.77300", "2015-06-30": "54.11200", "2015-03-31": "30.42300", "2014-12-31": "22.94800", "2014-09-30": "27.03000", "2014-06-30": "23.47300", "2014-03-31": "15.40100", "2013-12-31": "-12.09600", "2013-09-30": "-18.83900", "2013-06-30": "-43.26200", "2013-03-31": "-19.49900", "2012-12-31": "", "2012-09-30": "-28.34800", "2011-12-31": "", "2010-12-31": ""}, "EBITDA": {"2020-09-30": "151.04700", "2020-06-30": "148.07400", "2020-03-31": "179.34100", "2019-12-31": "180.52900", "2019-09-30": "184.35800", "2019-06-30": "184.64400", "2019-03-31": "185.35700", "2018-12-31": "175.40300", "2018-09-30": "183.97300", "2018-06-30": "192.71300", "2018-03-31": "189.12300", "2017-12-31": "196.32210", "2017-09-30": "196.63900", "2017-06-30": "202.82900", "2017-03-31": "206.54100", "2016-12-31": "208.00190", "2016-09-30": "203.47400", "2016-06-30": "200.28700", "2016-03-31": "207.05100", "2015-12-31": "198.97100", "2015-09-30": "188.17300", "2015-06-30": "216.53200", "2015-03-31": "185.39700", "2014-12-31": "196.91300", "2014-09-30": "196.14900", "2014-06-30": "194.84700", "2014-03-31": "191.67400", "2013-12-31": "159.09810", "2013-09-30": "175.79200", "2013-06-30": "174.03600", "2013-03-31": "169.18700", "2012-12-31": "", "2012-09-30": "65.61800", "2011-12-31": "", "2010-12-31": ""}, "EBIT": {"2020-09-30": "66.03500", "2020-06-30": "69.44900", "2020-03-31": "98.86900", "2019-12-31": "100.94500", "2019-09-30": "104.14700", "2019-06-30": "105.55500", "2019-03-31": "102.60500", "2018-12-31": "94.05600", "2018-09-30": "103.94200", "2018-06-30": "108.67200", "2018-03-31": "104.83400", "2017-12-31": "112.22000", "2017-09-30": "109.55700", "2017-06-30": "113.22200", "2017-03-31": "120.29000", "2016-12-31": "123.51790", "2016-09-30": "115.41100", "2016-06-30": "115.32200", "2016-03-31": "119.71900", "2015-12-31": "111.87700", "2015-09-30": "113.17900", "2015-06-30": "110.21900", "2015-03-31": "93.38300", "2014-12-31": "102.54400", "2014-09-30": "99.83200", "2014-06-30": "99.72900", "2014-03-31": "92.50000", "2013-12-31": "61.75200", "2013-09-30": "80.88400", "2013-06-30": "78.11600", "2013-03-31": "68.60300", "2012-12-31": "", "2012-09-30": "65.61800", "2011-12-31": "", "2010-12-31": ""}, "Basic Shares Outstanding": {"2020-09-30": "296.56200", "2020-06-30": "296.54600", "2020-03-31": "297.84100", "2019-12-31": "298.22900", "2019-09-30": "298.03100", "2019-06-30": "298.14000", "2019-03-31": "298.59900", "2018-12-31": "302.07400", "2018-09-30": "302.17000", "2018-06-30": "302.77600", "2018-03-31": "304.15800", "2017-12-31": "304.83400", "2017-09-30": "304.93600", "2017-06-30": "304.91400", "2017-03-31": "304.56900", "2016-12-31": "301.60100", "2016-09-30": "303.01300", "2016-06-30": "299.87200", "2016-03-31": "299.18000", "2015-12-31": "298.00400", "2015-09-30": "298.46400", "2015-06-30": "298.46400", "2015-03-31": "296.18900", "2014-12-31": "243.39000", "2014-09-30": "244.07800", "2014-06-30": "228.97800", "2014-03-31": "228.11300", "2013-12-31": "188.99300", "2013-09-30": "180.67500", "2013-06-30": "180.67500", "2013-03-31": "180.67500", "2012-12-31": "", "2012-09-30": "182.24200", "2011-12-31": "", "2010-12-31": ""}, "Shares Outstanding": {"2020-09-30": "296.86200", "2020-06-30": "296.77300", "2020-03-31": "298.26400", "2019-12-31": "299.33400", "2019-09-30": "298.87900", "2019-06-30": "298.89300", "2019-03-31": "299.02900", "2018-12-31": "302.33900", "2018-09-30": "302.38200", "2018-06-30": "302.93400", "2018-03-31": "304.27800", "2017-12-31": "305.28100", "2017-09-30": "305.17600", "2017-06-30": "305.11500", "2017-03-31": "304.79500", "2016-12-31": "305.06000", "2016-09-30": "303.52100", "2016-06-30": "300.20400", "2016-03-31": "299.37900", "2015-12-31": "305.01700", "2015-09-30": "298.93600", "2015-06-30": "298.99400", "2015-03-31": "297.71500", "2014-12-31": "244.58800", "2014-09-30": "244.83500", "2014-06-30": "230.46900", "2014-03-31": "229.36500", "2013-12-31": "188.99300", "2013-09-30": "180.67500", "2013-06-30": "180.67500", "2013-03-31": "180.67500", "2012-12-31": "", "2012-09-30": "240.90500", "2011-12-31": "", "2010-12-31": ""}, "Basic EPS": {"2020-09-30": "0.09000", "2020-06-30": "0.03000", "2020-03-31": "0.20000", "2019-12-31": "0.21000", "2019-09-30": "0.27000", "2019-06-30": "0.23000", "2019-03-31": "0.21000", "2018-12-31": "0.25000", "2018-09-30": "0.49000", "2018-06-30": "0.27000", "2018-03-31": "0.20000", "2017-12-31": "0.23000", "2017-09-30": "0.27000", "2017-06-30": "0.25000", "2017-03-31": "0.23000", "2016-12-31": "0.31000", "2016-09-30": "0.19000", "2016-06-30": "0.21000", "2016-03-31": "0.20000", "2015-12-31": "0.19000", "2015-09-30": "0.18000", "2015-06-30": "0.18000", "2015-03-31": "0.10000", "2014-12-31": "0.08000", "2014-09-30": "0.11000", "2014-06-30": "0.10000", "2014-03-31": "0.07000", "2013-12-31": "-0.05000", "2013-09-30": "-0.10000", "2013-06-30": "-0.24000", "2013-03-31": "-0.11000", "2012-12-31": "", "2012-09-30": "-0.16000", "2011-12-31": "", "2010-12-31": ""}, "EPS - Earnings Per Share": {"2020-09-30": "0.09000", "2020-06-30": "0.03000", "2020-03-31": "0.20000", "2019-12-31": "0.21000", "2019-09-30": "0.27000", "2019-06-30": "0.23000", "2019-03-31": "0.21000", "2018-12-31": "0.26000", "2018-09-30": "0.49000", "2018-06-30": "0.26000", "2018-03-31": "0.20000", "2017-12-31": "0.23000", "2017-09-30": "0.27000", "2017-06-30": "0.25000", "2017-03-31": "0.23000", "2016-12-31": "0.31000", "2016-09-30": "0.19000", "2016-06-30": "0.21000", "2016-03-31": "0.20000", "2015-12-31": "0.19000", "2015-09-30": "0.18000", "2015-06-30": "0.18000", "2015-03-31": "0.10000", "2014-12-31": "0.08000", "2014-09-30": "0.11000", "2014-06-30": "0.10000", "2014-03-31": "0.07000", "2013-12-31": "-0.05000", "2013-09-30": "-0.10000", "2013-06-30": "-0.24000", "2013-03-31": "-0.11000", "2012-12-31": "0.00000", "2012-09-30": "-0.16000", "2011-12-31": "0.00000", "2010-12-31": "0.00000"}}, "balance sheet": {"Cash On Hand": {"2019-12-31": "39.57700", "2018-12-31": "81.00800", "2017-12-31": "138.78300", "2016-12-31": "136.36300", "2015-12-31": "139.01000", "2014-12-31": "139.14600", "2013-12-31": "220.68100", "2012-12-31": "234.17900", "2011-12-31": "294.72300", "2010-12-31": ""}, "Receivables": {"2019-12-31": "234.24600", "2018-12-31": "228.29700", "2017-12-31": "232.11100", "2016-12-31": "178.21600", "2015-12-31": "180.48600", "2014-12-31": "182.42400", "2013-12-31": "178.50500", "2012-12-31": "156.94400", "2011-12-31": "145.46700", "2010-12-31": ""}, "Inventory": {"2019-12-31": "", "2018-12-31": "", "2017-12-31": "", "2016-12-31": "", "2015-12-31": "", "2014-12-31": "", "2013-12-31": "", "2012-12-31": "", "2011-12-31": "", "2010-12-31": ""}, "Pre-Paid Expenses": {"2019-12-31": "", "2018-12-31": "", "2017-12-31": "", "2016-12-31": "", "2015-12-31": "", "2014-12-31": "", "2013-12-31": "", "2012-12-31": "", "2011-12-31": "", "2010-12-31": ""}, "Other Current Assets": {"2019-12-31": "", "2018-12-31": "", "2017-12-31": "", "2016-12-31": "", "2015-12-31": "", "2014-12-31": "", "2013-12-31": "", "2012-12-31": "", "2011-12-31": "", "2010-12-31": ""}, "Total Current Assets": {"2019-12-31": "273.82300", "2018-12-31": "309.30500", "2017-12-31": "370.89400", "2016-12-31": "314.57900", "2015-12-31": "319.49600", "2014-12-31": "321.57000", "2013-12-31": "399.18600", "2012-12-31": "391.12300", "2011-12-31": "440.19000", "2010-12-31": ""}, "Property, Plant, And Equipment": {"2019-12-31": "7642.35000", "2018-12-31": "7749.65000", "2017-12-31": "8560.42100", "2016-12-31": "8842.00400", "2015-12-31": "9052.16500", "2014-12-31": "9253.01500", "2013-12-31": "9647.55800", "2012-12-31": "9098.13000", "2011-12-31": "9496.90300", "2010-12-31": ""}, "Long-Term Investments": {"2019-12-31": "", "2018-12-31": "", "2017-12-31": "", "2016-12-31": "", "2015-12-31": "", "2014-12-31": "", "2013-12-31": "", "2012-12-31": "", "2011-12-31": "", "2010-12-31": ""}, "Goodwill And Intangible Assets": {"2019-12-31": "", "2018-12-31": "", "2017-12-31": "", "2016-12-31": "", "2015-12-31": "", "2014-12-31": "", "2013-12-31": "", "2012-12-31": "", "2011-12-31": "", "2010-12-31": "0.00000"}, "Other Long-Term Assets": {"2019-12-31": "82.35000", "2018-12-31": "37.80400", "2017-12-31": "75.10300", "2016-12-31": "40.31500", "2015-12-31": "17.19700", "2014-12-31": "13.05900", "2013-12-31": "19.65000", "2012-12-31": "19.35800", "2011-12-31": "15.81500", "2010-12-31": ""}, "Total Long-Term Assets": {"2019-12-31": "7868.67300", "2018-12-31": "7933.11600", "2017-12-31": "8783.03100", "2016-12-31": "9005.10600", "2015-12-31": "9178.51200", "2014-12-31": "9360.34200", "2013-12-31": "9772.73000", "2012-12-31": "9212.60600", "2011-12-31": "9592.07700", "2010-12-31": ""}, "Total Assets": {"2019-12-31": "8142.49600", "2018-12-31": "8242.42100", "2017-12-31": "9153.92600", "2016-12-31": "9319.68500", "2015-12-31": "9498.00700", "2014-12-31": "9681.91300", "2013-12-31": "10171.92000", "2012-12-31": "9603.72900", "2011-12-31": "10032.27000", "2010-12-31": "0.00000"}, "Total Current Liabilities": {"2019-12-31": "537.45400", "2018-12-31": "520.45900", "2017-12-31": "569.34000", "2016-12-31": "553.63600", "2015-12-31": "603.43900", "2014-12-31": "679.10200", "2013-12-31": "709.52900", "2012-12-31": "632.11200", "2011-12-31": "691.15400", "2010-12-31": ""}, "Long Term Debt": {"2019-12-31": "4861.18500", "2018-12-31": "4885.86300", "2017-12-31": "5676.23800", "2016-12-31": "5838.88900", "2015-12-31": "5974.26600", "2014-12-31": "6022.50800", "2013-12-31": "5981.28900", "2012-12-31": "6499.35600", "2011-12-31": "6694.54900", "2010-12-31": ""}, "Other Non-Current Liabilities": {"2019-12-31": "", "2018-12-31": "", "2017-12-31": "", "2016-12-31": "", "2015-12-31": "", "2014-12-31": "", "2013-12-31": "175.11100", "2012-12-31": "174.44000", "2011-12-31": "167.57400", "2010-12-31": ""}, "Total Long Term Liabilities": {"2019-12-31": "4861.18500", "2018-12-31": "4885.86300", "2017-12-31": "5676.23800", "2016-12-31": "5838.88900", "2015-12-31": "5974.26600", "2014-12-31": "6022.50800", "2013-12-31": "6177.86700", "2012-12-31": "6695.26300", "2011-12-31": "6883.68200", "2010-12-31": ""}, "Total Liabilities": {"2019-12-31": "5398.63900", "2018-12-31": "5406.32200", "2017-12-31": "6245.57800", "2016-12-31": "6392.52500", "2015-12-31": "6577.70500", "2014-12-31": "6701.61000", "2013-12-31": "6887.39600", "2012-12-31": "7327.37500", "2011-12-31": "7574.83600", "2010-12-31": "0.00000"}, "Common Stock Net": {"2019-12-31": "2.97900", "2018-12-31": "2.98500", "2017-12-31": "3.04600", "2016-12-31": "3.04300", "2015-12-31": "2.99100", "2014-12-31": "2.96600", "2013-12-31": "2.29700", "2012-12-31": "1.82200", "2011-12-31": "0.00100", "2010-12-31": "0.00000"}, "Retained Earnings (Accumulated Deficit)": {"2019-12-31": "", "2018-12-31": "", "2017-12-31": "", "2016-12-31": "", "2015-12-31": "", "2014-12-31": "", "2013-12-31": "", "2012-12-31": "", "2011-12-31": "", "2010-12-31": ""}, "Comprehensive Income": {"2019-12-31": "-9.54300", "2018-12-31": "15.97300", "2017-12-31": "24.21100", "2016-12-31": "21.51900", "2015-12-31": "-2.50900", "2014-12-31": "-4.43500", "2013-12-31": "-6.81200", "2012-12-31": "-0.03900", "2011-12-31": "0.04400", "2010-12-31": ""}, "Other Share Holders Equity": {"2019-12-31": "-480.20400", "2018-12-31": "-416.18800", "2017-12-31": "-449.37500", "2016-12-31": "-426.55200", "2015-12-31": "-400.94500", "2014-12-31": "-318.76200", "2013-12-31": "-196.70700", "2012-12-31": "-26.55900", "2011-12-31": "115.21410", "2010-12-31": "0.00000"}, "Share Holder Equity": {"2019-12-31": "2743.85700", "2018-12-31": "2836.09900", "2017-12-31": "2908.34800", "2016-12-31": "2927.16000", "2015-12-31": "2920.30200", "2014-12-31": "2980.30300", "2013-12-31": "3284.52000", "2012-12-31": "2276.35400", "2011-12-31": "2457.43000", "2010-12-31": "0.00000"}, "Total Liabilities And Share Holders Equity": {"2019-12-31": "8142.49600", "2018-12-31": "8242.42100", "2017-12-31": "9153.92600", "2016-12-31": "9319.68500", "2015-12-31": "9498.00700", "2014-12-31": "9681.91300", "2013-12-31": "10171.92000", "2012-12-31": "9603.72900", "2011-12-31": "10032.27000", "2010-12-31": "0.00000"}}, "balance sheet, quarterly": {"Cash On Hand": {"2020-09-30": "631.20700", "2020-06-30": "340.75600", "2020-03-31": "604.64100", "2019-12-31": "39.57700", "2019-09-30": "50.59000", "2019-06-30": "29.06900", "2019-03-31": "33.04000", "2018-12-31": "81.00800", "2018-09-30": "95.74400", "2018-06-30": "132.85000", "2018-03-31": "119.83200", "2017-12-31": "138.78300", "2017-09-30": "170.85800", "2017-06-30": "155.39100", "2017-03-31": "137.07500", "2016-12-31": "136.36300", "2016-09-30": "108.42900", "2016-06-30": "195.91300", "2016-03-31": "178.22200", "2015-12-31": "139.01000", "2015-09-30": "120.38200", "2015-06-30": "128.97100", "2015-03-31": "154.95500", "2014-12-31": "139.14600", "2014-09-30": "175.43900", "2014-06-30": "153.50800", "2014-03-31": "151.61400", "2013-12-31": "220.68100", "2013-09-30": "251.61600", "2013-06-30": "", "2013-03-31": "", "2012-12-31": "", "2012-09-30": "", "2011-12-31": "294.71000", "2010-12-31": ""}, "Receivables": {"2020-09-30": "246.29500", "2020-06-30": "274.53200", "2020-03-31": "232.21700", "2019-12-31": "234.24600", "2019-09-30": "223.32300", "2019-06-30": "221.68300", "2019-03-31": "236.39100", "2018-12-31": "228.29700", "2018-09-30": "230.78200", "2018-06-30": "219.99200", "2018-03-31": "219.31200", "2017-12-31": "232.11100", "2017-09-30": "219.87300", "2017-06-30": "219.24100", "2017-03-31": "181.53900", "2016-12-31": "178.21600", "2016-09-30": "176.08600", "2016-06-30": "169.82400", "2016-03-31": "169.89800", "2015-12-31": "180.48600", "2015-09-30": "171.91400", "2015-06-30": "169.35900", "2015-03-31": "178.80100", "2014-12-31": "182.42400", "2014-09-30": "170.61500", "2014-06-30": "171.13100", "2014-03-31": "167.78000", "2013-12-31": "178.50500", "2013-09-30": "178.30400", "2013-06-30": "", "2013-03-31": "", "2012-12-31": "", "2012-09-30": "", "2011-12-31": "145.46000", "2010-12-31": ""}, "Inventory": {"2020-09-30": "", "2020-06-30": "", "2020-03-31": "", "2019-12-31": "", "2019-09-30": "", "2019-06-30": "", "2019-03-31": "", "2018-12-31": "", "2018-09-30": "", "2018-06-30": "", "2018-03-31": "", "2017-12-31": "", "2017-09-30": "", "2017-06-30": "", "2017-03-31": "", "2016-12-31": "", "2016-09-30": "", "2016-06-30": "", "2016-03-31": "", "2015-12-31": "", "2015-09-30": "", "2015-06-30": "", "2015-03-31": "", "2014-12-31": "", "2014-09-30": "", "2014-06-30": "", "2014-03-31": "", "2013-12-31": "", "2013-09-30": "", "2013-06-30": "", "2013-03-31": "", "2012-12-31": "", "2012-09-30": "", "2011-12-31": "", "2010-12-31": ""}, "Pre-Paid Expenses": {"2020-09-30": "", "2020-06-30": "", "2020-03-31": "", "2019-12-31": "", "2019-09-30": "", "2019-06-30": "", "2019-03-31": "", "2018-12-31": "", "2018-09-30": "", "2018-06-30": "", "2018-03-31": "", "2017-12-31": "", "2017-09-30": "", "2017-06-30": "", "2017-03-31": "", "2016-12-31": "", "2016-09-30": "", "2016-06-30": "", "2016-03-31": "", "2015-12-31": "", "2015-09-30": "", "2015-06-30": "", "2015-03-31": "", "2014-12-31": "", "2014-09-30": "", "2014-06-30": "", "2014-03-31": "", "2013-12-31": "", "2013-09-30": "", "2013-06-30": "", "2013-03-31": "", "2012-12-31": "", "2012-09-30": "", "2011-12-31": "", "2010-12-31": ""}, "Other Current Assets": {"2020-09-30": "", "2020-06-30": "", "2020-03-31": "", "2019-12-31": "", "2019-09-30": "", "2019-06-30": "", "2019-03-31": "", "2018-12-31": "", "2018-09-30": "", "2018-06-30": "", "2018-03-31": "", "2017-12-31": "", "2017-09-30": "", "2017-06-30": "", "2017-03-31": "", "2016-12-31": "", "2016-09-30": "", "2016-06-30": "", "2016-03-31": "", "2015-12-31": "", "2015-09-30": "", "2015-06-30": "", "2015-03-31": "", "2014-12-31": "", "2014-09-30": "", "2014-06-30": "", "2014-03-31": "", "2013-12-31": "", "2013-09-30": "", "2013-06-30": "", "2013-03-31": "", "2012-12-31": "", "2012-09-30": "", "2011-12-31": "", "2010-12-31": ""}, "Total Current Assets": {"2020-09-30": "877.50200", "2020-06-30": "615.28800", "2020-03-31": "836.85800", "2019-12-31": "273.82300", "2019-09-30": "273.91300", "2019-06-30": "250.75200", "2019-03-31": "269.43100", "2018-12-31": "309.30500", "2018-09-30": "326.52600", "2018-06-30": "352.84200", "2018-03-31": "339.14400", "2017-12-31": "370.89400", "2017-09-30": "390.73100", "2017-06-30": "374.63200", "2017-03-31": "318.61400", "2016-12-31": "314.57900", "2016-09-30": "284.51500", "2016-06-30": "365.73700", "2016-03-31": "348.12000", "2015-12-31": "319.49600", "2015-09-30": "292.29600", "2015-06-30": "298.33000", "2015-03-31": "333.75600", "2014-12-31": "321.57000", "2014-09-30": "346.05400", "2014-06-30": "324.63900", "2014-03-31": "319.39400", "2013-12-31": "399.18600", "2013-09-30": "429.92000", "2013-06-30": "", "2013-03-31": "", "2012-12-31": "", "2012-09-30": "", "2011-12-31": "440.17000", "2010-12-31": ""}, "Property, Plant, And Equipment": {"2020-09-30": "7564.15800", "2020-06-30": "7596.82600", "2020-03-31": "7622.57200", "2019-12-31": "7642.35000", "2019-09-30": "7668.67700", "2019-06-30": "7729.79500", "2019-03-31": "7687.69300", "2018-12-31": "7749.65000", "2018-09-30": "7896.18900", "2018-06-30": "8253.08100", "2018-03-31": "8452.88700", "2017-12-31": "8560.42100", "2017-09-30": "8610.42900", "2017-06-30": "8734.52300", "2017-03-31": "8870.25900", "2016-12-31": "8842.00400", "2016-09-30": "8859.76100", "2016-06-30": "8929.66400", "2016-03-31": "8990.04200", "2015-12-31": "9052.16500", "2015-09-30": "9111.68100", "2015-06-30": "9167.13600", "2015-03-31": "9174.59900", "2014-12-31": "9253.01500", "2014-09-30": "9297.12500", "2014-06-30": "9351.36200", "2014-03-31": "9413.41700", "2013-12-31": "9647.55800", "2013-09-30": "8836.45900", "2013-06-30": "", "2013-03-31": "", "2012-12-31": "", "2012-09-30": "", "2011-12-31": "", "2010-12-31": ""}, "Long-Term Investments": {"2020-09-30": "", "2020-06-30": "", "2020-03-31": "", "2019-12-31": "", "2019-09-30": "", "2019-06-30": "", "2019-03-31": "", "2018-12-31": "", "2018-09-30": "", "2018-06-30": "", "2018-03-31": "", "2017-12-31": "", "2017-09-30": "", "2017-06-30": "", "2017-03-31": "", "2016-12-31": "", "2016-09-30": "", "2016-06-30": "", "2016-03-31": "", "2015-12-31": "", "2015-09-30": "", "2015-06-30": "", "2015-03-31": "", "2014-12-31": "", "2014-09-30": "", "2014-06-30": "", "2014-03-31": "", "2013-12-31": "", "2013-09-30": "", "2013-06-30": "", "2013-03-31": "", "2012-12-31": "", "2012-09-30": "", "2011-12-31": "", "2010-12-31": ""}, "Goodwill And Intangible Assets": {"2020-09-30": "", "2020-06-30": "", "2020-03-31": "", "2019-12-31": "", "2019-09-30": "", "2019-06-30": "", "2019-03-31": "", "2018-12-31": "", "2018-09-30": "", "2018-06-30": "", "2018-03-31": "", "2017-12-31": "", "2017-09-30": "", "2017-06-30": "", "2017-03-31": "", "2016-12-31": "", "2016-09-30": "", "2016-06-30": "", "2016-03-31": "", "2015-12-31": "", "2015-09-30": "", "2015-06-30": "", "2015-03-31": "", "2014-12-31": "", "2014-09-30": "", "2014-06-30": "", "2014-03-31": "", "2013-12-31": "", "2013-09-30": "", "2013-06-30": "0.00000", "2013-03-31": "0.00000", "2012-12-31": "", "2012-09-30": "0.00000", "2011-12-31": "0.00000", "2010-12-31": "0.00000"}, "Other Long-Term Assets": {"2020-09-30": "51.59000", "2020-06-30": "62.52600", "2020-03-31": "58.70400", "2019-12-31": "82.35000", "2019-09-30": "66.44600", "2019-06-30": "95.79800", "2019-03-31": "83.27100", "2018-12-31": "37.80400", "2018-09-30": "124.49100", "2018-06-30": "97.30300", "2018-03-31": "50.40600", "2017-12-31": "75.10300", "2017-09-30": "51.92000", "2017-06-30": "56.74400", "2017-03-31": "42.69300", "2016-12-31": "40.31500", "2016-09-30": "41.23200", "2016-06-30": "17.12200", "2016-03-31": "17.28300", "2015-12-31": "17.19700", "2015-09-30": "17.13400", "2015-06-30": "14.11500", "2015-03-31": "12.85200", "2014-12-31": "13.05900", "2014-09-30": "13.29800", "2014-06-30": "13.13800", "2014-03-31": "13.60500", "2013-12-31": "19.65000", "2013-09-30": "33.62100", "2013-06-30": "", "2013-03-31": "", "2012-12-31": "", "2012-09-30": "", "2011-12-31": "9512.71000", "2010-12-31": ""}, "Total Long-Term Assets": {"2020-09-30": "7762.65900", "2020-06-30": "7800.99700", "2020-03-31": "7825.22500", "2019-12-31": "7868.67300", "2019-09-30": "7886.24800", "2019-06-30": "7969.77100", "2019-03-31": "7914.49900", "2018-12-31": "7933.11600", "2018-09-30": "8170.91200", "2018-06-30": "8497.70500", "2018-03-31": "8648.71400", "2017-12-31": "8783.03100", "2017-09-30": "8805.48800", "2017-06-30": "8922.44200", "2017-03-31": "9040.48400", "2016-12-31": "9005.10600", "2016-09-30": "9028.19400", "2016-06-30": "9062.05200", "2016-03-31": "9117.13900", "2015-12-31": "9178.51200", "2015-09-30": "9235.32600", "2015-06-30": "9279.17400", "2015-03-31": "9305.42200", "2014-12-31": "9360.34200", "2014-09-30": "9429.35500", "2014-06-30": "9475.56400", "2014-03-31": "9531.41500", "2013-12-31": "9772.73000", "2013-09-30": "8974.95500", "2013-06-30": "", "2013-03-31": "", "2012-12-31": "", "2012-09-30": "", "2011-12-31": "9592.06000", "2010-12-31": ""}, "Total Assets": {"2020-09-30": "8640.16100", "2020-06-30": "8416.28500", "2020-03-31": "8662.08300", "2019-12-31": "8142.49600", "2019-09-30": "8160.16100", "2019-06-30": "8220.52300", "2019-03-31": "8183.93000", "2018-12-31": "8242.42100", "2018-09-30": "8497.43800", "2018-06-30": "8850.54700", "2018-03-31": "8987.85800", "2017-12-31": "9153.92600", "2017-09-30": "9196.22000", "2017-06-30": "9297.07400", "2017-03-31": "9359.09800", "2016-12-31": "9319.68500", "2016-09-30": "9312.70900", "2016-06-30": "9427.78900", "2016-03-31": "9465.25800", "2015-12-31": "9498.00700", "2015-09-30": "9527.62300", "2015-06-30": "9577.50400", "2015-03-31": "9639.17900", "2014-12-31": "9681.91300", "2014-09-30": "9775.41000", "2014-06-30": "9800.20300", "2014-03-31": "9850.80900", "2013-12-31": "10171.92000", "2013-09-30": "9404.87500", "2013-06-30": "0.00000", "2013-03-31": "0.00000", "2012-12-31": "0.00000", "2012-09-30": "0.00000", "2011-12-31": "10032.27000", "2010-12-31": "0.00000"}, "Total Current Liabilities": {"2020-09-30": "444.61000", "2020-06-30": "429.13800", "2020-03-31": "498.53100", "2019-12-31": "537.45400", "2019-09-30": "548.28800", "2019-06-30": "530.80500", "2019-03-31": "518.09400", "2018-12-31": "520.45900", "2018-09-30": "516.46800", "2018-06-30": "510.22200", "2018-03-31": "504.17100", "2017-12-31": "569.34000", "2017-09-30": "561.19100", "2017-06-30": "561.37800", "2017-03-31": "512.64700", "2016-12-31": "553.63600", "2016-09-30": "566.74400", "2016-06-30": "560.21500", "2016-03-31": "552.78500", "2015-12-31": "603.43900", "2015-09-30": "626.60000", "2015-06-30": "636.61000", "2015-03-31": "627.20300", "2014-12-31": "679.10200", "2014-09-30": "677.70100", "2014-06-30": "667.67900", "2014-03-31": "660.82600", "2013-12-31": "709.52900", "2013-09-30": "606.16300", "2013-06-30": "", "2013-03-31": "", "2012-12-31": "", "2012-09-30": "", "2011-12-31": "691.15000", "2010-12-31": ""}, "Long Term Debt": {"2020-09-30": "5481.66000", "2020-06-30": "5307.52700", "2020-03-31": "5494.19900", "2019-12-31": "4861.18500", "2019-09-30": "4852.51000", "2019-06-30": "4925.53700", "2019-03-31": "4873.06500", "2018-12-31": "4885.86300", "2018-09-30": "5106.70800", "2018-06-30": "5483.35400", "2018-03-31": "5622.11100", "2017-12-31": "5676.23800", "2017-09-30": "5713.68800", "2017-06-30": "5819.94800", "2017-03-31": "5924.83400", "2016-12-31": "5838.88900", "2016-09-30": "5857.43100", "2016-06-30": "5966.53300", "2016-03-31": "6007.39700", "2015-12-31": "5974.26600", "2015-09-30": "5969.33600", "2015-06-30": "5998.65100", "2015-03-31": "6059.25800", "2014-12-31": "6022.50800", "2014-09-30": "5933.35800", "2014-06-30": "5947.16800", "2014-03-31": "5975.89100", "2013-12-31": "5981.28900", "2013-09-30": "6477.25700", "2013-06-30": "", "2013-03-31": "", "2012-12-31": "", "2012-09-30": "", "2011-12-31": "6694.54000", "2010-12-31": ""}, "Other Non-Current Liabilities": {"2020-09-30": "", "2020-06-30": "", "2020-03-31": "", "2019-12-31": "", "2019-09-30": "", "2019-06-30": "", "2019-03-31": "", "2018-12-31": "", "2018-09-30": "", "2018-06-30": "", "2018-03-31": "", "2017-12-31": "", "2017-09-30": "", "2017-06-30": "", "2017-03-31": "", "2016-12-31": "", "2016-09-30": "", "2016-06-30": "", "2016-03-31": "", "2015-12-31": "", "2015-09-30": "", "2015-06-30": "", "2015-03-31": "", "2014-12-31": "", "2014-09-30": "121.47000", "2014-06-30": "121.47000", "2014-03-31": "121.47000", "2013-12-31": "175.11100", "2013-09-30": "172.97800", "2013-06-30": "", "2013-03-31": "", "2012-12-31": "", "2012-09-30": "", "2011-12-31": "167.57000", "2010-12-31": ""}, "Total Long Term Liabilities": {"2020-09-30": "5481.66000", "2020-06-30": "5307.52700", "2020-03-31": "5494.19900", "2019-12-31": "4861.18500", "2019-09-30": "4852.51000", "2019-06-30": "4925.53700", "2019-03-31": "4873.06500", "2018-12-31": "4885.86300", "2018-09-30": "5106.70800", "2018-06-30": "5483.35400", "2018-03-31": "5622.11100", "2017-12-31": "5676.23800", "2017-09-30": "5713.68800", "2017-06-30": "5819.94800", "2017-03-31": "5924.83400", "2016-12-31": "5838.88900", "2016-09-30": "5857.43100", "2016-06-30": "5966.53300", "2016-03-31": "6007.39700", "2015-12-31": "5974.26600", "2015-09-30": "5969.33600", "2015-06-30": "5998.65100", "2015-03-31": "6059.25800", "2014-12-31": "6022.50800", "2014-09-30": "6076.29500", "2014-06-30": "6090.10500", "2014-03-31": "6118.82800", "2013-12-31": "6177.86700", "2013-09-30": "6671.70200", "2013-06-30": "", "2013-03-31": "", "2012-12-31": "", "2012-09-30": "", "2011-12-31": "6883.66000", "2010-12-31": ""}, "Total Liabilities": {"2020-09-30": "5926.27000", "2020-06-30": "5736.66500", "2020-03-31": "5992.73000", "2019-12-31": "5398.63900", "2019-09-30": "5400.79800", "2019-06-30": "5456.34200", "2019-03-31": "5391.15900", "2018-12-31": "5406.32200", "2018-09-30": "5623.17600", "2018-06-30": "5993.57600", "2018-03-31": "6126.28200", "2017-12-31": "6245.57800", "2017-09-30": "6274.87900", "2017-06-30": "6381.32600", "2017-03-31": "6437.48100", "2016-12-31": "6392.52500", "2016-09-30": "6424.17500", "2016-06-30": "6526.74800", "2016-03-31": "6560.18200", "2015-12-31": "6577.70500", "2015-09-30": "6595.93600", "2015-06-30": "6635.26100", "2015-03-31": "6686.46100", "2014-12-31": "6701.61000", "2014-09-30": "6753.99600", "2014-06-30": "6757.78400", "2014-03-31": "6779.65400", "2013-12-31": "6887.39600", "2013-09-30": "7277.86500", "2013-06-30": "0.00000", "2013-03-31": "0.00000", "2012-12-31": "", "2012-09-30": "0.00000", "2011-12-31": "7574.83000", "2010-12-31": "0.00000"}, "Common Stock Net": {"2020-09-30": "2.96500", "2020-06-30": "2.96500", "2020-03-31": "2.96400", "2019-12-31": "2.97900", "2019-09-30": "2.97800", "2019-06-30": "2.97800", "2019-03-31": "2.98000", "2018-12-31": "2.98500", "2018-09-30": "2.99900", "2018-06-30": "3.02600", "2018-03-31": "3.02800", "2017-12-31": "3.04600", "2017-09-30": "3.04900", "2017-06-30": "3.04900", "2017-03-31": "3.04900", "2016-12-31": "3.04300", "2016-09-30": "3.04300", "2016-06-30": "3.01100", "2016-03-31": "2.99200", "2015-12-31": "2.99100", "2015-09-30": "2.98500", "2015-06-30": "2.98500", "2015-03-31": "2.98500", "2014-12-31": "2.96600", "2014-09-30": "2.45100", "2014-06-30": "2.45100", "2014-03-31": "2.29700", "2013-12-31": "2.29700", "2013-09-30": "1.82200", "2013-06-30": "0.00000", "2013-03-31": "0.00000", "2012-12-31": "", "2012-09-30": "0.00000", "2011-12-31": "0.00100", "2010-12-31": "0.00000"}, "Retained Earnings (Accumulated Deficit)": {"2020-09-30": "", "2020-06-30": "", "2020-03-31": "", "2019-12-31": "", "2019-09-30": "", "2019-06-30": "", "2019-03-31": "", "2018-12-31": "", "2018-09-30": "", "2018-06-30": "", "2018-03-31": "", "2017-12-31": "", "2017-09-30": "", "2017-06-30": "", "2017-03-31": "", "2016-12-31": "", "2016-09-30": "", "2016-06-30": "", "2016-03-31": "", "2015-12-31": "", "2015-09-30": "", "2015-06-30": "", "2015-03-31": "", "2014-12-31": "", "2014-09-30": "", "2014-06-30": "", "2014-03-31": "", "2013-12-31": "", "2013-09-30": "", "2013-06-30": "", "2013-03-31": "", "2012-12-31": "", "2012-09-30": "", "2011-12-31": "", "2010-12-31": ""}, "Comprehensive Income": {"2020-09-30": "-31.19700", "2020-06-30": "-34.06100", "2020-03-31": "-33.24200", "2019-12-31": "-9.54300", "2019-09-30": "-13.20700", "2019-06-30": "-7.88700", "2019-03-31": "6.04800", "2018-12-31": "15.97300", "2018-09-30": "27.12100", "2018-06-30": "28.36300", "2018-03-31": "28.89800", "2017-12-31": "24.21100", "2017-09-30": "20.05400", "2017-06-30": "21.02700", "2017-03-31": "24.13900", "2016-12-31": "21.51900", "2016-09-30": "-0.01500", "2016-06-30": "-1.28100", "2016-03-31": "-2.44800", "2015-12-31": "-2.50900", "2015-09-30": "-6.22700", "2015-06-30": "-6.13600", "2015-03-31": "-6.83800", "2014-12-31": "-4.43500", "2014-09-30": "-3.86600", "2014-06-30": "-8.36500", "2014-03-31": "-6.60800", "2013-12-31": "-6.81200", "2013-09-30": "-7.73200", "2013-06-30": "", "2013-03-31": "", "2012-12-31": "", "2012-09-30": "", "2011-12-31": "", "2010-12-31": ""}, "Other Share Holders Equity": {"2020-09-30": "-468.45600", "2020-06-30": "-496.40000", "2020-03-31": "-505.44100", "2019-12-31": "-480.20400", "2019-09-30": "-456.93900", "2019-06-30": "-453.96800", "2019-03-31": "-439.10100", "2018-12-31": "-416.18800", "2018-09-30": "-410.58000", "2018-06-30": "-475.05400", "2018-03-31": "-471.83200", "2017-12-31": "-449.37500", "2017-09-30": "-435.45800", "2017-06-30": "-439.21300", "2017-03-31": "-434.45300", "2016-12-31": "-426.55200", "2016-09-30": "-440.34800", "2016-06-30": "-423.01800", "2016-03-31": "-413.44500", "2015-12-31": "-400.94500", "2015-09-30": "-382.79700", "2015-06-30": "-369.19400", "2015-03-31": "-355.87200", "2014-12-31": "-318.76200", "2014-09-30": "-275.04300", "2014-06-30": "-252.96700", "2014-03-31": "-227.32300", "2013-12-31": "-196.70700", "2013-09-30": "-136.52400", "2013-06-30": "0.00000", "2013-03-31": "0.00000", "2012-12-31": "", "2012-09-30": "0.00000", "2011-12-31": "714.19000", "2010-12-31": "0.00000"}, "Share Holder Equity": {"2020-09-30": "2713.89100", "2020-06-30": "2679.62000", "2020-03-31": "2669.35300", "2019-12-31": "2743.85700", "2019-09-30": "2759.36300", "2019-06-30": "2764.18100", "2019-03-31": "2792.77100", "2018-12-31": "2836.09900", "2018-09-30": "2874.26200", "2018-06-30": "2856.97100", "2018-03-31": "2861.57600", "2017-12-31": "2908.34800", "2017-09-30": "2921.34100", "2017-06-30": "2915.74800", "2017-03-31": "2921.61700", "2016-12-31": "2927.16000", "2016-09-30": "2888.53400", "2016-06-30": "2901.04100", "2016-03-31": "2905.07600", "2015-12-31": "2920.30200", "2015-09-30": "2931.68700", "2015-06-30": "2942.24300", "2015-03-31": "2952.71800", "2014-12-31": "2980.30300", "2014-09-30": "3021.41400", "2014-06-30": "3042.41900", "2014-03-31": "3071.15500", "2013-12-31": "3284.52000", "2013-09-30": "2127.01000", "2013-06-30": "0.00000", "2013-03-31": "0.00000", "2012-12-31": "", "2012-09-30": "0.00000", "2011-12-31": "2457.43000", "2010-12-31": "0.00000"}, "Total Liabilities And Share Holders Equity": {"2020-09-30": "8640.16100", "2020-06-30": "8416.28500", "2020-03-31": "8662.08300", "2019-12-31": "8142.49600", "2019-09-30": "8160.16100", "2019-06-30": "8220.52300", "2019-03-31": "8183.93000", "2018-12-31": "8242.42100", "2018-09-30": "8497.43800", "2018-06-30": "8850.54700", "2018-03-31": "8987.85800", "2017-12-31": "9153.92600", "2017-09-30": "9196.22000", "2017-06-30": "9297.07400", "2017-03-31": "9359.09800", "2016-12-31": "9319.68500", "2016-09-30": "9312.70900", "2016-06-30": "9427.78900", "2016-03-31": "9465.25800", "2015-12-31": "9498.00700", "2015-09-30": "9527.62300", "2015-06-30": "9577.50400", "2015-03-31": "9639.17900", "2014-12-31": "9681.91300", "2014-09-30": "9775.41000", "2014-06-30": "9800.20300", "2014-03-31": "9850.80900", "2013-12-31": "10171.92000", "2013-09-30": "9404.87500", "2013-06-30": "0.00000", "2013-03-31": "0.00000", "2012-12-31": "", "2012-09-30": "0.00000", "2011-12-31": "10032.27000", "2010-12-31": "0.00000"}}, "cash flow statement": {"Net Income/Loss": {"2019-12-31": "274.77300", "2018-12-31": "366.28400", "2017-12-31": "300.36900", "2016-12-31": "278.14200", "2015-12-31": "197.53600", "2014-12-31": "132.85100", "2013-12-31": "-118.88300", "2012-12-31": "-160.71300", "2011-12-31": "106.04500", "2010-12-31": "-319.98700"}, "Total Depreciation And Amortization - Cash Flow": {"2019-12-31": "321.63600", "2018-12-31": "329.70800", "2017-12-31": "347.04200", "2016-12-31": "344.84400", "2015-12-31": "360.41500", "2014-12-31": "384.97800", "2013-12-31": "388.75800", "2012-12-31": "444.51200", "2011-12-31": "411.26400", "2010-12-31": "346.57100"}, "Other Non-Cash Items": {"2019-12-31": "-12.48400", "2018-12-31": "-105.97500", "2017-12-31": "-20.80900", "2016-12-31": "-16.93700", "2015-12-31": "7.64400", "2014-12-31": "-8.48700", "2013-12-31": "92.76600", "2012-12-31": "13.77600", "2011-12-31": "-319.92600", "2010-12-31": "285.48400"}, "Total Non-Cash Items": {"2019-12-31": "309.15200", "2018-12-31": "223.73300", "2017-12-31": "326.23300", "2016-12-31": "327.90700", "2015-12-31": "368.05900", "2014-12-31": "376.49100", "2013-12-31": "481.52400", "2012-12-31": "458.28800", "2011-12-31": "91.33800", "2010-12-31": "632.05500"}, "Change In Accounts Receivable": {"2019-12-31": "-26.99900", "2018-12-31": "-12.31200", "2017-12-31": "-26.45800", "2016-12-31": "1.56600", "2015-12-31": "1.82900", "2014-12-31": "-5.34700", "2013-12-31": "-17.05500", "2012-12-31": "-11.79300", "2011-12-31": "7.92900", "2010-12-31": "15.11500"}, "Change In Inventories": {"2019-12-31": "", "2018-12-31": "", "2017-12-31": "", "2016-12-31": "", "2015-12-31": "", "2014-12-31": "", "2013-12-31": "", "2012-12-31": "", "2011-12-31": "", "2010-12-31": ""}, "Change In Accounts Payable": {"2019-12-31": "", "2018-12-31": "", "2017-12-31": "", "2016-12-31": "", "2015-12-31": "", "2014-12-31": "", "2013-12-31": "", "2012-12-31": "", "2011-12-31": "", "2010-12-31": ""}, "Change In Assets/Liabilities": {"2019-12-31": "-30.88100", "2018-12-31": "-36.84000", "2017-12-31": "-56.89100", "2016-12-31": "-34.46300", "2015-12-31": "-40.50300", "2014-12-31": "-12.08400", "2013-12-31": "-14.36300", "2012-12-31": "-35.25800", "2011-12-31": "-26.87100", "2010-12-31": "-16.60700"}, "Total Change In Assets/Liabilities": {"2019-12-31": "-55.25300", "2018-12-31": "-48.32800", "2017-12-31": "-74.65400", "2016-12-31": "-38.56400", "2015-12-31": "-41.59700", "2014-12-31": "-30.13200", "2013-12-31": "-30.65100", "2012-12-31": "-28.72800", "2011-12-31": "-23.54400", "2010-12-31": "-3.17300"}, "Cash Flow From Operating Activities": {"2019-12-31": "528.67200", "2018-12-31": "541.68900", "2017-12-31": "551.94800", "2016-12-31": "567.48500", "2015-12-31": "523.99800", "2014-12-31": "479.21000", "2013-12-31": "331.99000", "2012-12-31": "268.84700", "2011-12-31": "173.83900", "2010-12-31": "308.89500"}, "Net Change In Property, Plant, And Equipment": {"2019-12-31": "-184.57600", "2018-12-31": "671.81900", "2017-12-31": "-62.60300", "2016-12-31": "-136.35700", "2015-12-31": "-187.90600", "2014-12-31": "-207.84300", "2013-12-31": "-97.84400", "2012-12-31": "-132.60400", "2011-12-31": "-61.75600", "2010-12-31": "-36.80600"}, "Net Change In Intangible Assets": {"2019-12-31": "", "2018-12-31": "", "2017-12-31": "", "2016-12-31": "", "2015-12-31": "", "2014-12-31": "", "2013-12-31": "", "2012-12-31": "", "2011-12-31": "", "2010-12-31": ""}, "Net Acquisitions/Divestitures": {"2019-12-31": "", "2018-12-31": "", "2017-12-31": "", "2016-12-31": "", "2015-12-31": "", "2014-12-31": "", "2013-12-31": "", "2012-12-31": "", "2011-12-31": "-1335.79900", "2010-12-31": ""}, "Net Change In Short-term Investments": {"2019-12-31": "12.51200", "2018-12-31": "-2.21600", "2017-12-31": "-2.64000", "2016-12-31": "-2.67800", "2015-12-31": "-2.83700", "2014-12-31": "2.07400", "2013-12-31": "2.80100", "2012-12-31": "-2.50800", "2011-12-31": "-3.43100", "2010-12-31": "-5.75700"}, "Net Change In Long-Term Investments": {"2019-12-31": "", "2018-12-31": "", "2017-12-31": "", "2016-12-31": "", "2015-12-31": "", "2014-12-31": "", "2013-12-31": "", "2012-12-31": "", "2011-12-31": "", "2010-12-31": ""}, "Net Change In Investments - Total": {"2019-12-31": "12.51200", "2018-12-31": "-2.21600", "2017-12-31": "-2.64000", "2016-12-31": "-2.67800", "2015-12-31": "-2.83700", "2014-12-31": "2.07400", "2013-12-31": "2.80100", "2012-12-31": "-2.50800", "2011-12-31": "-3.43100", "2010-12-31": "-5.75700"}, "Investing Activities - Other": {"2019-12-31": "", "2018-12-31": "", "2017-12-31": "12.36900", "2016-12-31": "-2.84600", "2015-12-31": "", "2014-12-31": "4.93700", "2013-12-31": "8.67600", "2012-12-31": "16.41000", "2011-12-31": "-4.88700", "2010-12-31": "-1.14900"}, "Cash Flow From Investing Activities": {"2019-12-31": "-172.06400", "2018-12-31": "669.60500", "2017-12-31": "-52.87400", "2016-12-31": "-141.88100", "2015-12-31": "-190.74300", "2014-12-31": "-200.83200", "2013-12-31": "-86.36700", "2012-12-31": "-118.70200", "2011-12-31": "-1405.87300", "2010-12-31": "-43.71200"}, "Net Long-Term Debt": {"2019-12-31": "-27.37700", "2018-12-31": "-774.71700", "2017-12-31": "-152.65890", "2016-12-31": "-113.82300", "2015-12-31": "-29.77200", "2014-12-31": "-86.94500", "2013-12-31": "-1025.75300", "2012-12-31": "-170.34200", "2011-12-31": "-1093.84500", "2010-12-31": "115.30400"}, "Net Current Debt": {"2019-12-31": "", "2018-12-31": "", "2017-12-31": "", "2016-12-31": "", "2015-12-31": "", "2014-12-31": "", "2013-12-31": "", "2012-12-31": "", "2011-12-31": "", "2010-12-31": ""}, "Debt Issuance/Retirement Net - Total": {"2019-12-31": "-27.37700", "2018-12-31": "-774.71700", "2017-12-31": "-152.65890", "2016-12-31": "-113.82300", "2015-12-31": "-29.77200", "2014-12-31": "-86.94500", "2013-12-31": "-1025.75300", "2012-12-31": "-170.34200", "2011-12-31": "-1093.84500", "2010-12-31": "115.30400"}, "Net Common Equity Issued/Repurchased": {"2019-12-31": "-16.28400", "2018-12-31": "-106.57800", "2017-12-31": "-8.58600", "2016-12-31": "-3.30400", "2015-12-31": "-0.82300", "2014-12-31": "", "2013-12-31": "893.86000", "2012-12-31": "", "2011-12-31": "1742.42600", "2010-12-31": ""}, "Net Total Equity Issued/Repurchased": {"2019-12-31": "-16.28400", "2018-12-31": "-106.57800", "2017-12-31": "-8.58600", "2016-12-31": "-3.30400", "2015-12-31": "-0.82300", "2014-12-31": "", "2013-12-31": "892.61000", "2012-12-31": "", "2011-12-31": "1742.42600", "2010-12-31": ""}, "Total Common And Preferred Stock Dividends Paid": {"2019-12-31": "-334.89500", "2018-12-31": "-333.41100", "2017-12-31": "-318.77900", "2016-12-31": "-298.94100", "2015-12-31": "-294.59500", "2014-12-31": "-241.75800", "2013-12-31": "-74.13400", "2012-12-31": "-27.05500", "2011-12-31": "-2.82500", "2010-12-31": "-1.30900"}, "Financial Activities - Other": {"2019-12-31": "-7.29400", "2018-12-31": "-56.59800", "2017-12-31": "-11.14200", "2016-12-31": "-17.65700", "2015-12-31": "-10.83400", "2014-12-31": "-2.99500", "2013-12-31": "-27.52900", "2012-12-31": "-7.25600", "2011-12-31": "487.56200", "2010-12-31": "-244.68100"}, "Cash Flow From Financial Activities": {"2019-12-31": "-385.85000", "2018-12-31": "-1271.30400", "2017-12-31": "-491.16400", "2016-12-31": "-433.72500", "2015-12-31": "-336.02400", "2014-12-31": "-331.69800", "2013-12-31": "-234.80600", "2012-12-31": "-204.65300", "2011-12-31": "1133.31800", "2010-12-31": "-130.68600"}, "Net Cash Flow": {"2019-12-31": "-29.24200", "2018-12-31": "-60.01200", "2017-12-31": "7.90800", "2016-12-31": "-8.12100", "2015-12-31": "-2.76900", "2014-12-31": "-53.32000", "2013-12-31": "10.81700", "2012-12-31": "-54.50800", "2011-12-31": "-98.71600", "2010-12-31": "134.49700"}, "Stock-Based Compensation": {"2019-12-31": "12.66100", "2018-12-31": "9.37800", "2017-12-31": "10.47700", "2016-12-31": "11.56900", "2015-12-31": "23.33100", "2014-12-31": "9.45200", "2013-12-31": "36.39500", "2012-12-31": "-0.68700", "2011-12-31": "", "2010-12-31": ""}, "Common Stock Dividends Paid": {"2019-12-31": "-334.89500", "2018-12-31": "-333.41100", "2017-12-31": "-318.77900", "2016-12-31": "-298.94100", "2015-12-31": "-294.59500", "2014-12-31": "-241.75800", "2013-12-31": "-74.13400", "2012-12-31": "-27.05500", "2011-12-31": "-2.82500", "2010-12-31": "-1.30900"}}, "cash flow statement, quarterly": {"Net Income/Loss": {"2020-09-30": 27.944, "2020-06-30": 9.044, "2020-03-31": "59.78100", "2019-12-31": 62.059, "2019-09-30": 80.854, "2019-06-30": 68.96, "2019-03-31": "62.90000", "2018-12-31": 77.554, "2018-09-30": 147.346, "2018-06-30": 80.362, "2018-03-31": "61.02200", "2017-12-31": 69.896, "2017-09-30": 83.38, "2017-06-30": 75.438, "2017-03-31": "71.65500", "2016-12-31": 93.318, "2016-09-30": 57.805, "2016-06-30": 65.47, "2016-03-31": "61.54900", "2015-12-31": 56.414, "2015-09-30": 54.819, "2015-06-30": 55.167, "2015-03-31": "31.13600", "2014-12-31": 25.949, "2014-09-30": 33.864, "2014-06-30": 31.298, "2014-03-31": "41.74000", "2013-12-31": -12.038, "2013-09-30": -24.554, "2013-06-30": -56.845, "2013-03-31": "-25.44600", "2012-12-31": -28.998, "2012-09-30": -237.752, "2011-12-31": 426.02, "2010-12-31": -319.98}, "Total Depreciation And Amortization - Cash Flow": {"2020-09-30": 85.012, "2020-06-30": 78.625, "2020-03-31": "80.47200", "2019-12-31": 79.584, "2019-09-30": 80.211, "2019-06-30": 79.089, "2019-03-31": "82.75200", "2018-12-31": 81.347, "2018-09-30": 80.031, "2018-06-30": 84.041, "2018-03-31": "84.28900", "2017-12-31": 84.102, "2017-09-30": 87.082, "2017-06-30": 89.607, "2017-03-31": "86.25100", "2016-12-31": 84.484, "2016-09-30": 88.063, "2016-06-30": 84.965, "2016-03-31": "87.33200", "2015-12-31": 87.094, "2015-09-30": 74.994, "2015-06-30": 106.313, "2015-03-31": "92.01400", "2014-12-31": 94.369, "2014-09-30": 96.317, "2014-06-30": 95.118, "2014-03-31": "99.17400", "2013-12-31": 97.346, "2013-09-30": 94.908, "2013-06-30": 95.92, "2013-03-31": "100.58400", "2012-12-31": 108.761, "2012-09-30": -69.091, "2011-12-31": 64.69, "2010-12-31": 346.57}, "Other Non-Cash Items": {"2020-09-30": -3.718, "2020-06-30": 18.503, "2020-03-31": "-0.75300", "2019-12-31": 3.153, "2019-09-30": -12.392, "2019-06-30": -2.193, "2019-03-31": "-1.05200", "2018-12-31": -21.908, "2018-09-30": -79.698, "2018-06-30": -12.263, "2018-03-31": "7.89400", "2017-12-31": 2.098, "2017-09-30": -17.507, "2017-06-30": -6.013, "2017-03-31": "0.61300", "2016-12-31": -18.451, "2016-09-30": 4.317, "2016-06-30": -1.452, "2016-03-31": "-1.35100", "2015-12-31": 1.098, "2015-09-30": 15.668, "2015-06-30": -22.632, "2015-03-31": "13.51000", "2014-12-31": 5.577, "2014-09-30": 1.333, "2014-06-30": 2.994, "2014-03-31": "-18.39100", "2013-12-31": 32.319, "2013-09-30": 18.896, "2013-06-30": 39.31, "2013-03-31": "2.24100", "2012-12-31": -5.304, "2012-09-30": 5.304, "2011-12-31": 0, "2010-12-31": 0}, "Total Non-Cash Items": {"2020-09-30": 81.294, "2020-06-30": 97.128, "2020-03-31": "79.71900", "2019-12-31": 82.737, "2019-09-30": 67.819, "2019-06-30": 76.896, "2019-03-31": "81.70000", "2018-12-31": 59.439, "2018-09-30": 0.333, "2018-06-30": 71.778, "2018-03-31": "92.18300", "2017-12-31": 86.2, "2017-09-30": 69.575, "2017-06-30": 83.594, "2017-03-31": "86.86400", "2016-12-31": 66.033, "2016-09-30": 92.38, "2016-06-30": 83.513, "2016-03-31": "85.98100", "2015-12-31": 88.192, "2015-09-30": 90.662, "2015-06-30": 83.681, "2015-03-31": "105.52400", "2014-12-31": 99.946, "2014-09-30": 97.65, "2014-06-30": 98.112, "2014-03-31": "80.78300", "2013-12-31": 129.665, "2013-09-30": 113.804, "2013-06-30": 135.23, "2013-03-31": "102.82500", "2012-12-31": 103.457, "2012-09-30": -63.787, "2011-12-31": 64.69, "2010-12-31": 346.57}, "Change In Accounts Receivable": {"2020-09-30": 26.765, "2020-06-30": -41.265, "2020-03-31": "-1.40700", "2019-12-31": -13.467, "2019-09-30": -5.904, "2019-06-30": -6.812, "2019-03-31": "-0.81600", "2018-12-31": -13.728, "2018-09-30": -7.281, "2018-06-30": -3.474, "2018-03-31": "12.17100", "2017-12-31": -10.783, "2017-09-30": -1.747, "2017-06-30": -10.335, "2017-03-31": "-3.59300", "2016-12-31": -2.476, "2016-09-30": -6.509, "2016-06-30": -0.038, "2016-03-31": "10.58900", "2015-12-31": -8.673, "2015-09-30": -2.555, "2015-06-30": 9.382, "2015-03-31": "3.67500", "2014-12-31": -11.86, "2014-09-30": 0.449, "2014-06-30": -3.263, "2014-03-31": "9.32700", "2013-12-31": 4.44, "2013-09-30": 3.734, "2013-06-30": -11.324, "2013-03-31": "-13.90500", "2012-12-31": 8.771, "2012-09-30": -8.771, "2011-12-31": 0, "2010-12-31": 0}, "Change In Inventories": {"2020-09-30": 0, "2020-06-30": 0, "2020-03-31": "", "2019-12-31": 0, "2019-09-30": 0, "2019-06-30": 0, "2019-03-31": "", "2018-12-31": 0, "2018-09-30": 0, "2018-06-30": 0, "2018-03-31": "", "2017-12-31": 0, "2017-09-30": 0, "2017-06-30": 0, "2017-03-31": "", "2016-12-31": 0, "2016-09-30": 0, "2016-06-30": 0, "2016-03-31": "", "2015-12-31": 0, "2015-09-30": 0, "2015-06-30": 0, "2015-03-31": "", "2014-12-31": 0, "2014-09-30": 0, "2014-06-30": 0, "2014-03-31": "", "2013-12-31": 0, "2013-09-30": 0, "2013-06-30": 0, "2013-03-31": "", "2012-12-31": 0, "2012-09-30": 0, "2011-12-31": 0, "2010-12-31": 0}, "Change In Accounts Payable": {"2020-09-30": 0, "2020-06-30": 0, "2020-03-31": "", "2019-12-31": 0, "2019-09-30": 0, "2019-06-30": 0, "2019-03-31": "", "2018-12-31": 0, "2018-09-30": 0, "2018-06-30": 0, "2018-03-31": "", "2017-12-31": 0, "2017-09-30": 0, "2017-06-30": 0, "2017-03-31": "", "2016-12-31": 0, "2016-09-30": 0, "2016-06-30": 0, "2016-03-31": "", "2015-12-31": 0, "2015-09-30": 0, "2015-06-30": 0, "2015-03-31": "", "2014-12-31": 0, "2014-09-30": 0, "2014-06-30": 0, "2014-03-31": "", "2013-12-31": 0, "2013-09-30": 0, "2013-06-30": 0, "2013-03-31": "", "2012-12-31": 0, "2012-09-30": 0, "2011-12-31": 0, "2010-12-31": 0}, "Change In Assets/Liabilities": {"2020-09-30": -12.342, "2020-06-30": -3.558, "2020-03-31": "-7.19500", "2019-12-31": -0.669, "2019-09-30": -15.644, "2019-06-30": -7.821, "2019-03-31": "-6.74700", "2018-12-31": -4.637, "2018-09-30": -20.792, "2018-06-30": -6.142, "2018-03-31": "-5.26900", "2017-12-31": -11.378, "2017-09-30": -22.996, "2017-06-30": -9.922, "2017-03-31": "-12.59500", "2016-12-31": -1.712, "2016-09-30": -17.418, "2016-06-30": -10.107, "2016-03-31": "-5.22600", "2015-12-31": -14.494, "2015-09-30": -5.348, "2015-06-30": -10.94, "2015-03-31": "-9.72100", "2014-12-31": 6.339, "2014-09-30": -8.054, "2014-06-30": -13.895, "2014-03-31": "3.52600", "2013-12-31": 7.501, "2013-09-30": 3.603, "2013-06-30": -15.366, "2013-03-31": "-10.10100", "2012-12-31": 36.22, "2012-09-30": -36.22, "2011-12-31": 0, "2010-12-31": 0}, "Total Change In Assets/Liabilities": {"2020-09-30": 34.83, "2020-06-30": -21.678, "2020-03-31": "-44.43000", "2019-12-31": -16.057, "2019-09-30": 0.253, "2019-06-30": 8.313, "2019-03-31": "-47.76200", "2018-12-31": 4.514, "2018-09-30": -27.85, "2018-06-30": 3.763, "2018-03-31": "-28.75500", "2017-12-31": -25.267, "2017-09-30": -14.03, "2017-06-30": 15.012, "2017-03-31": "-50.36900", "2016-12-31": -13.057, "2016-09-30": -5.18, "2016-06-30": 11.088, "2016-03-31": "-31.41500", "2015-12-31": -32.532, "2015-09-30": -4.95, "2015-06-30": 19.608, "2015-03-31": "-23.72300", "2014-12-31": -18.975, "2014-09-30": 22.136, "2014-06-30": 2.654, "2014-03-31": "-35.94700", "2013-12-31": -0.28, "2013-09-30": 15.648, "2013-06-30": -2.267, "2013-03-31": "-43.75200", "2012-12-31": 1.693, "2012-09-30": -6.873, "2011-12-31": -20.37, "2010-12-31": -3.17}, "Cash Flow From Operating Activities": {"2020-09-30": 144.068, "2020-06-30": 84.494, "2020-03-31": "95.07000", "2019-12-31": 128.739, "2019-09-30": 148.926, "2019-06-30": 154.169, "2019-03-31": "96.83800", "2018-12-31": 141.507, "2018-09-30": 119.829, "2018-06-30": 155.903, "2018-03-31": "124.45000", "2017-12-31": 130.829, "2017-09-30": 138.925, "2017-06-30": 174.044, "2017-03-31": "108.15000", "2016-12-31": 146.294, "2016-09-30": 145.005, "2016-06-30": 160.071, "2016-03-31": "116.11500", "2015-12-31": 112.074, "2015-09-30": 140.531, "2015-06-30": 158.456, "2015-03-31": "112.93700", "2014-12-31": 106.92, "2014-09-30": 153.65, "2014-06-30": 132.064, "2014-03-31": "86.57600", "2013-12-31": 117.347, "2013-09-30": 104.898, "2013-06-30": 76.118, "2013-03-31": "33.62700", "2012-12-31": 83.492, "2012-09-30": 11.518, "2011-12-31": -135.06, "2010-12-31": 308.89}, "Net Change In Property, Plant, And Equipment": {"2020-09-30": -24.936, "2020-06-30": -66.202, "2020-03-31": "-47.30500", "2019-12-31": -62.569, "2019-09-30": 32.017, "2019-06-30": -121.459, "2019-03-31": "-32.56500", "2018-12-31": 188.902, "2018-09-30": 371.604, "2018-06-30": 83.918, "2018-03-31": "27.39500", "2017-12-31": -39.457, "2017-09-30": 56.453, "2017-06-30": 30.381, "2017-03-31": "-109.98000", "2016-12-31": -24.824, "2016-09-30": -48.428, "2016-06-30": -26.765, "2016-03-31": "-36.34000", "2015-12-31": -30.03, "2015-09-30": -49.518, "2015-06-30": -77.865, "2015-03-31": "-30.49300", "2014-12-31": -64.122, "2014-09-30": -57.705, "2014-06-30": -48.319, "2014-03-31": "-37.69700", "2013-12-31": -38.083, "2013-09-30": -25.036, "2013-06-30": -10.35, "2013-03-31": "-24.37500", "2012-12-31": 100.78, "2012-09-30": -100.78, "2011-12-31": 0, "2010-12-31": 0}, "Net Change In Intangible Assets": {"2020-09-30": 0, "2020-06-30": 0, "2020-03-31": "", "2019-12-31": 0, "2019-09-30": 0, "2019-06-30": 0, "2019-03-31": "", "2018-12-31": 0, "2018-09-30": 0, "2018-06-30": 0, "2018-03-31": "", "2017-12-31": 0, "2017-09-30": 0, "2017-06-30": 0, "2017-03-31": "", "2016-12-31": 0, "2016-09-30": 0, "2016-06-30": 0, "2016-03-31": "", "2015-12-31": 0, "2015-09-30": 0, "2015-06-30": 0, "2015-03-31": "", "2014-12-31": 0, "2014-09-30": 0, "2014-06-30": 0, "2014-03-31": "", "2013-12-31": 0, "2013-09-30": 0, "2013-06-30": 0, "2013-03-31": "", "2012-12-31": 0, "2012-09-30": 0, "2011-12-31": 0, "2010-12-31": 0}, "Net Acquisitions/Divestitures": {"2020-09-30": 0, "2020-06-30": 0, "2020-03-31": "", "2019-12-31": 0, "2019-09-30": 0, "2019-06-30": 0, "2019-03-31": "", "2018-12-31": 0, "2018-09-30": 0, "2018-06-30": 0, "2018-03-31": "", "2017-12-31": 0, "2017-09-30": 0, "2017-06-30": 0, "2017-03-31": "", "2016-12-31": 0, "2016-09-30": 0, "2016-06-30": 0, "2016-03-31": "", "2015-12-31": 0, "2015-09-30": 0, "2015-06-30": 0, "2015-03-31": "", "2014-12-31": 0, "2014-09-30": 0, "2014-06-30": 0, "2014-03-31": "", "2013-12-31": 23.792, "2013-09-30": -23.792, "2013-06-30": 0, "2013-03-31": "", "2012-12-31": 5, "2012-09-30": 1330.79, "2011-12-31": -1335.79, "2010-12-31": 0}, "Net Change In Short-term Investments": {"2020-09-30": 0.703, "2020-06-30": -3.205, "2020-03-31": "0.69100", "2019-12-31": 1.048, "2019-09-30": -3.276, "2019-06-30": 14.009, "2019-03-31": "0.73100", "2018-12-31": 0.631, "2018-09-30": 0.48, "2018-06-30": -4.168, "2018-03-31": "0.84100", "2017-12-31": 0.718, "2017-09-30": -4.098, "2017-06-30": -0.093, "2017-03-31": "0.83300", "2016-12-31": 0.872, "2016-09-30": 2.102, "2016-06-30": -5.569, "2016-03-31": "-0.08300", "2015-12-31": 1.469, "2015-09-30": -4.56, "2015-06-30": -0.045, "2015-03-31": "0.29900", "2014-12-31": 0.91, "2014-09-30": 0.683, "2014-06-30": 3.786, "2014-03-31": "-3.30500", "2013-12-31": 0.854, "2013-09-30": 0.667, "2013-06-30": 1.691, "2013-03-31": "-0.41100", "2012-12-31": 2.433, "2012-09-30": -2.433, "2011-12-31": 0, "2010-12-31": 0}, "Net Change In Long-Term Investments": {"2020-09-30": 0, "2020-06-30": 0, "2020-03-31": "", "2019-12-31": 0, "2019-09-30": 0, "2019-06-30": 0, "2019-03-31": "", "2018-12-31": 0, "2018-09-30": 0, "2018-06-30": 0, "2018-03-31": "", "2017-12-31": 0, "2017-09-30": 0, "2017-06-30": 0, "2017-03-31": "", "2016-12-31": 0, "2016-09-30": 0, "2016-06-30": 0, "2016-03-31": "", "2015-12-31": 0, "2015-09-30": 0, "2015-06-30": 0, "2015-03-31": "", "2014-12-31": 0, "2014-09-30": 0, "2014-06-30": 0, "2014-03-31": "", "2013-12-31": 0, "2013-09-30": 0, "2013-06-30": 0, "2013-03-31": "", "2012-12-31": 0, "2012-09-30": 0, "2011-12-31": 0, "2010-12-31": 0}, "Net Change In Investments - Total": {"2020-09-30": 0.703, "2020-06-30": -3.205, "2020-03-31": "0.69100", "2019-12-31": 1.048, "2019-09-30": -3.276, "2019-06-30": 14.009, "2019-03-31": "0.73100", "2018-12-31": 0.631, "2018-09-30": 0.48, "2018-06-30": -4.168, "2018-03-31": "0.84100", "2017-12-31": 0.718, "2017-09-30": -4.098, "2017-06-30": -0.093, "2017-03-31": "0.83300", "2016-12-31": 0.872, "2016-09-30": 2.102, "2016-06-30": -5.569, "2016-03-31": "-0.08300", "2015-12-31": 1.469, "2015-09-30": -4.56, "2015-06-30": -0.045, "2015-03-31": "0.29900", "2014-12-31": 0.91, "2014-09-30": 0.683, "2014-06-30": 3.786, "2014-03-31": "-3.30500", "2013-12-31": 0.854, "2013-09-30": 0.667, "2013-06-30": 1.691, "2013-03-31": "-0.41100", "2012-12-31": -132.677, "2012-09-30": 62.747, "2011-12-31": -22.62, "2010-12-31": -42.56}, "Investing Activities - Other": {"2020-09-30": 0, "2020-06-30": 0, "2020-03-31": "", "2019-12-31": 0, "2019-09-30": 0, "2019-06-30": 0, "2019-03-31": "", "2018-12-31": 0, "2018-09-30": 0, "2018-06-30": 0, "2018-03-31": "", "2017-12-31": 0, "2017-09-30": 12.369, "2017-06-30": 0, "2017-03-31": "", "2016-12-31": -2.846, "2016-09-30": 0, "2016-06-30": 0, "2016-03-31": "", "2015-12-31": -2.182, "2015-09-30": 1.318, "2015-06-30": 2.542, "2015-03-31": "-1.67800", "2014-12-31": -2.571, "2014-09-30": 3.848, "2014-06-30": 2.432, "2014-03-31": "1.22800", "2013-12-31": 3.986, "2013-09-30": 7.307, "2013-06-30": -4.553, "2013-03-31": "1.93600", "2012-12-31": 14.36, "2012-09-30": 6.93, "2011-12-31": -3.74, "2010-12-31": -1.14}, "Cash Flow From Investing Activities": {"2020-09-30": -24.233, "2020-06-30": -69.407, "2020-03-31": "-46.61400", "2019-12-31": -61.521, "2019-09-30": 28.741, "2019-06-30": -107.45, "2019-03-31": "-31.83400", "2018-12-31": 189.535, "2018-09-30": 372.084, "2018-06-30": 79.75, "2018-03-31": "28.23600", "2017-12-31": -38.739, "2017-09-30": 64.724, "2017-06-30": 30.288, "2017-03-31": "-109.14700", "2016-12-31": -26.798, "2016-09-30": -46.326, "2016-06-30": -32.334, "2016-03-31": "-36.42300", "2015-12-31": -30.743, "2015-09-30": -52.76, "2015-06-30": -75.368, "2015-03-31": "-31.87200", "2014-12-31": -65.783, "2014-09-30": -53.174, "2014-06-30": -42.101, "2014-03-31": "-39.77400", "2013-12-31": -9.451, "2013-09-30": -40.854, "2013-06-30": -13.212, "2013-03-31": "-22.85000", "2012-12-31": -12.537, "2012-09-30": 1299.707, "2011-12-31": -1362.16, "2010-12-31": -43.71}, "Net Long-Term Debt": {"2020-09-30": 175.344, "2020-06-30": -183.599, "2020-03-31": "631.50000", "2019-12-31": 7, "2019-09-30": -72.593, "2019-06-30": 53.216, "2019-03-31": "-15.00000", "2018-12-31": -212.409, "2018-09-30": -367.952, "2018-06-30": -139.498, "2018-03-31": "-54.85800", "2017-12-31": -38.219, "2017-09-30": -101.6589, "2017-06-30": -100.856, "2017-03-31": "88.07500", "2016-12-31": -18.553, "2016-09-30": -96.691, "2016-06-30": -33.839, "2016-03-31": "35.26000", "2015-12-31": 15.372, "2015-09-30": -22.388, "2015-06-30": -39.869, "2015-03-31": "17.11300", "2014-12-31": -10.7809, "2014-09-30": -8.3711, "2014-06-30": -22.609, "2014-03-31": "-45.18400", "2013-12-31": -982.0308, "2013-09-30": -36.0512, "2013-06-30": -14.468, "2013-03-31": "6.79700", "2012-12-31": 149.9, "2012-09-30": -149.9, "2011-12-31": 0, "2010-12-31": 0}, "Net Current Debt": {"2020-09-30": 0, "2020-06-30": 0, "2020-03-31": "", "2019-12-31": 0, "2019-09-30": 0, "2019-06-30": 0, "2019-03-31": "", "2018-12-31": 0, "2018-09-30": 0, "2018-06-30": 0, "2018-03-31": "", "2017-12-31": 0, "2017-09-30": 0, "2017-06-30": 0, "2017-03-31": "", "2016-12-31": 0, "2016-09-30": 0, "2016-06-30": 0, "2016-03-31": "", "2015-12-31": 0, "2015-09-30": 0, "2015-06-30": 0, "2015-03-31": "", "2014-12-31": 0, "2014-09-30": 0, "2014-06-30": 0, "2014-03-31": "", "2013-12-31": 0, "2013-09-30": 0, "2013-06-30": 0, "2013-03-31": "", "2012-12-31": 0, "2012-09-30": 0, "2011-12-31": 0, "2010-12-31": 0}, "Debt Issuance/Retirement Net - Total": {"2020-09-30": 175.344, "2020-06-30": -183.599, "2020-03-31": "631.50000", "2019-12-31": 7, "2019-09-30": -72.593, "2019-06-30": 53.216, "2019-03-31": "-15.00000", "2018-12-31": -212.409, "2018-09-30": -367.952, "2018-06-30": -139.498, "2018-03-31": "-54.85800", "2017-12-31": -38.219, "2017-09-30": -101.6589, "2017-06-30": -100.856, "2017-03-31": "88.07500", "2016-12-31": -18.553, "2016-09-30": -96.691, "2016-06-30": -33.839, "2016-03-31": "35.26000", "2015-12-31": 15.372, "2015-09-30": -22.388, "2015-06-30": -39.869, "2015-03-31": "17.11300", "2014-12-31": -10.7809, "2014-09-30": -8.3711, "2014-06-30": -22.609, "2014-03-31": "-45.18400", "2013-12-31": -982.0308, "2013-09-30": -36.0512, "2013-06-30": -14.468, "2013-03-31": "6.79700", "2012-12-31": -20.44, "2012-09-30": 943.94, "2011-12-31": -1209.14, "2010-12-31": 115.3}, "Net Common Equity Issued/Repurchased": {"2020-09-30": -0.005, "2020-06-30": -0.118, "2020-03-31": "-28.41200", "2019-12-31": -0.01, "2019-09-30": 0, "2019-06-30": -3.141, "2019-03-31": "-13.13300", "2018-12-31": -22.779, "2018-09-30": -48.679, "2018-06-30": -3.633, "2018-03-31": "-31.48700", "2017-12-31": -5.872, "2017-09-30": -0.053, "2017-06-30": -0.198, "2017-03-31": "-2.46300", "2016-12-31": -0.098, "2016-09-30": -0.123, "2016-06-30": -1.918, "2016-03-31": "-1.16500", "2015-12-31": -0.823, "2015-09-30": 0.329, "2015-06-30": 0, "2015-03-31": "-0.32900", "2014-12-31": 0, "2014-09-30": 0, "2014-06-30": 0, "2014-03-31": "", "2013-12-31": 893.86, "2013-09-30": 0, "2013-06-30": 0, "2013-03-31": "", "2012-12-31": 0, "2012-09-30": 0, "2011-12-31": 0, "2010-12-31": 0}, "Net Total Equity Issued/Repurchased": {"2020-09-30": -0.005, "2020-06-30": -0.118, "2020-03-31": "-28.41200", "2019-12-31": -0.01, "2019-09-30": 0, "2019-06-30": -3.141, "2019-03-31": "-13.13300", "2018-12-31": -22.779, "2018-09-30": -48.679, "2018-06-30": -3.633, "2018-03-31": "-31.48700", "2017-12-31": -5.872, "2017-09-30": -0.053, "2017-06-30": -0.198, "2017-03-31": "-2.46300", "2016-12-31": -0.098, "2016-09-30": -0.123, "2016-06-30": -1.918, "2016-03-31": "-1.16500", "2015-12-31": -0.823, "2015-09-30": 0.329, "2015-06-30": 0, "2015-03-31": "-0.32900", "2014-12-31": 0, "2014-09-30": 0, "2014-06-30": 0, "2014-03-31": "", "2013-12-31": 892.61, "2013-09-30": 0, "2013-06-30": 0, "2013-03-31": "", "2012-12-31": 0, "2012-09-30": -1739.73, "2011-12-31": 1741.03, "2010-12-31": -1.3}, "Total Common And Preferred Stock Dividends Paid": {"2020-09-30": 0, "2020-06-30": -84.825, "2020-03-31": "-85.57200", "2019-12-31": -83.561, "2019-09-30": -83.562, "2019-06-30": -83.675, "2019-03-31": "-84.09700", "2018-12-31": -82.525, "2018-09-30": -83.31, "2018-06-30": -83.411, "2018-03-31": "-84.16500", "2017-12-31": -79.283, "2017-09-30": -79.303, "2017-06-30": -80.599, "2017-03-31": "-79.59400", "2016-12-31": -74.822, "2016-09-30": -74.668, "2016-06-30": -74.707, "2016-03-31": "-74.74400", "2015-12-31": -68.356, "2015-09-30": -69.21, "2015-06-30": -68.668, "2015-03-31": "-88.36100", "2014-12-31": -62.519, "2014-09-30": -61.177, "2014-06-30": -61.178, "2014-03-31": "-56.88400", "2013-12-31": -35.63, "2013-09-30": -12.828, "2013-06-30": -12.822, "2013-03-31": "-12.85400", "2012-12-31": -13.112, "2012-09-30": -13.808, "2011-12-31": -0.13, "2010-12-31": 0}, "Financial Activities - Other": {"2020-09-30": -3.945, "2020-06-30": -13.645, "2020-03-31": "-0.40400", "2019-12-31": -0.605, "2019-09-30": -3.287, "2019-06-30": -3.269, "2019-03-31": "-0.13300", "2018-12-31": -27.581, "2018-09-30": -28.577, "2018-06-30": -0.256, "2018-03-31": "-0.18400", "2017-12-31": 0.043, "2017-09-30": -3.26, "2017-06-30": -4.417, "2017-03-31": "-3.50800", "2016-12-31": 0.041, "2016-09-30": -12.525, "2016-06-30": -5.173, "2016-03-31": "", "2015-12-31": -7.681, "2015-09-30": -1.254, "2015-06-30": 0, "2015-03-31": "-1.89900", "2014-12-31": 0, "2014-09-30": 0, "2014-06-30": -0.042, "2014-03-31": "-2.95300", "2013-12-31": -6.306, "2013-09-30": -19.795, "2013-06-30": -0.002, "2013-03-31": "-1.42600", "2012-12-31": -0.035, "2012-09-30": -494.775, "2011-12-31": 732.24, "2010-12-31": -244.68}, "Cash Flow From Financial Activities": {"2020-09-30": 171.394, "2020-06-30": -282.187, "2020-03-31": "517.11200", "2019-12-31": -77.176, "2019-09-30": -159.442, "2019-06-30": -36.869, "2019-03-31": "-112.36300", "2018-12-31": -345.294, "2018-09-30": -528.518, "2018-06-30": -226.798, "2018-03-31": "-170.69400", "2017-12-31": -123.329, "2017-09-30": -184.275, "2017-06-30": -186.07, "2017-03-31": "2.51000", "2016-12-31": -93.432, "2016-09-30": -184.007, "2016-06-30": -115.637, "2016-03-31": "-40.64900", "2015-12-31": -61.488, "2015-09-30": -92.523, "2015-06-30": -108.537, "2015-03-31": "-73.47600", "2014-12-31": -73.3, "2014-09-30": -69.548, "2014-06-30": -83.829, "2014-03-31": "-105.02100", "2013-12-31": -131.357, "2013-09-30": -68.674, "2013-06-30": -27.292, "2013-03-31": "-7.48300", "2012-12-31": -33.597, "2012-09-30": -1304.363, "2011-12-31": 1263.99, "2010-12-31": -130.68}, "Net Cash Flow": {"2020-09-30": 291.229, "2020-06-30": -267.1, "2020-03-31": "565.56800", "2019-12-31": -9.958, "2019-09-30": 18.225, "2019-06-30": 9.85, "2019-03-31": "-47.35900", "2018-12-31": -14.254, "2018-09-30": -36.605, "2018-06-30": 8.855, "2018-03-31": "-18.00800", "2017-12-31": -31.241, "2017-09-30": 19.374, "2017-06-30": 18.262, "2017-03-31": "1.51300", "2016-12-31": 26.064, "2016-09-30": -85.328, "2016-06-30": 12.1, "2016-03-31": "39.04300", "2015-12-31": 19.843, "2015-09-30": -4.752, "2015-06-30": -25.449, "2015-03-31": "7.58900", "2014-12-31": -32.163, "2014-09-30": 30.928, "2014-06-30": 6.134, "2014-03-31": "-58.21900", "2013-12-31": -23.461, "2013-09-30": -4.63, "2013-06-30": 35.614, "2013-03-31": "3.29400", "2012-12-31": 37.368, "2012-09-30": 6.842, "2011-12-31": -233.2, "2010-12-31": 134.49}, "Stock-Based Compensation": {"2020-09-30": 3.2, "2020-06-30": 1.955, "2020-03-31": "2.65200", "2019-12-31": 3.814, "2019-09-30": 3.236, "2019-06-30": 2.97, "2019-03-31": "2.64100", "2018-12-31": 1.372, "2018-09-30": 2.738, "2018-06-30": 2.784, "2018-03-31": "2.48400", "2017-12-31": 2.639, "2017-09-30": 2.864, "2017-06-30": 2.848, "2017-03-31": "2.12600", "2016-12-31": 3.528, "2016-09-30": 3.463, "2016-06-30": 6.16, "2016-03-31": "-1.58200", "2015-12-31": 3.972, "2015-09-30": 19.359, "2015-06-30": -12.951, "2015-03-31": "12.95100", "2014-12-31": 2.433, "2014-09-30": 1.896, "2014-06-30": 3.006, "2014-03-31": "2.11700", "2013-12-31": 32.734, "2013-09-30": 2.056, "2013-06-30": 0, "2013-03-31": "1.60500", "2012-12-31": 0, "2012-09-30": 0, "2011-12-31": 0, "2010-12-31": 0}, "Common Stock Dividends Paid": {"2020-09-30": 0, "2020-06-30": -84.825, "2020-03-31": "-85.57200", "2019-12-31": -83.561, "2019-09-30": -83.562, "2019-06-30": -83.675, "2019-03-31": "-84.09700", "2018-12-31": -82.525, "2018-09-30": -83.31, "2018-06-30": -83.411, "2018-03-31": "-84.16500", "2017-12-31": -79.283, "2017-09-30": -79.303, "2017-06-30": -80.599, "2017-03-31": "-79.59400", "2016-12-31": -74.822, "2016-09-30": -74.668, "2016-06-30": -74.707, "2016-03-31": "-74.74400", "2015-12-31": -68.356, "2015-09-30": -69.21, "2015-06-30": -68.668, "2015-03-31": "-88.36100", "2014-12-31": -62.519, "2014-09-30": -61.177, "2014-06-30": -61.178, "2014-03-31": "-56.88400", "2013-12-31": -35.63, "2013-09-30": -12.828, "2013-06-30": -12.822, "2013-03-31": "-12.85400", "2012-12-31": 13.938, "2012-09-30": -13.938, "2011-12-31": 0, "2010-12-31": 0}}, "financial ratios": {"Current Ratio": {"2019-12-31": "", "2018-12-31": "", "2017-12-31": "", "2016-12-31": "", "2015-12-31": "", "2014-12-31": "", "2013-12-31": "", "2012-12-31": "", "2011-12-31": "", "2010-12-31": ""}, "Long-term Debt / Capital": {"2019-12-31": "0.63920", "2018-12-31": "0.63270", "2017-12-31": "0.66120", "2016-12-31": "0.66610", "2015-12-31": "0.67170", "2014-12-31": "0.66900", "2013-12-31": "0.64550", "2012-12-31": "0.74060", "2011-12-31": "0.73150", "2010-12-31": ""}, "Debt/Equity Ratio": {"2019-12-31": "1.77170", "2018-12-31": "1.72270", "2017-12-31": "1.95170", "2016-12-31": "1.99470", "2015-12-31": "2.04580", "2014-12-31": "2.02080", "2013-12-31": "1.82110", "2012-12-31": "2.85520", "2011-12-31": "2.72420", "2010-12-31": ""}, "Gross Margin": {"2019-12-31": "", "2018-12-31": "", "2017-12-31": "", "2016-12-31": "", "2015-12-31": "", "2014-12-31": "", "2013-12-31": "", "2012-12-31": "", "2011-12-31": "", "2010-12-31": ""}, "Operating Margin": {"2019-12-31": "35.37340", "2018-12-31": "33.33800", "2017-12-31": "35.48130", "2016-12-31": "37.15160", "2015-12-31": "33.85980", "2014-12-31": "31.91050", "2013-12-31": "25.24020", "2012-12-31": "20.64710", "2011-12-31": "16.51790", "2010-12-31": "6.87950"}, "EBIT Margin": {"2019-12-31": "35.37340", "2018-12-31": "33.33800", "2017-12-31": "35.48130", "2016-12-31": "37.15160", "2015-12-31": "33.85980", "2014-12-31": "31.91050", "2013-12-31": "25.24020", "2012-12-31": "20.64710", "2011-12-31": "16.51790", "2010-12-31": "6.87950"}, "EBITDA Margin": {"2019-12-31": "62.90460", "2018-12-31": "60.04930", "2017-12-31": "62.52680", "2016-12-31": "64.18180", "2015-12-31": "62.32900", "2014-12-31": "63.04250", "2013-12-31": "59.15130", "2012-12-31": "61.49350", "2011-12-31": "53.45620", "2010-12-31": "37.68290"}, "Pre-Tax Profit Margin": {"2019-12-31": "23.51990", "2018-12-31": "29.67450", "2017-12-31": "23.02340", "2016-12-31": "21.76450", "2015-12-31": "15.56720", "2014-12-31": "8.94230", "2013-12-31": "-7.13750", "2012-12-31": "-13.82110", "2011-12-31": "10.61880", "2010-12-31": "-25.71720"}, "Net Profit Margin": {"2019-12-31": "23.51990", "2018-12-31": "29.67450", "2017-12-31": "23.40820", "2016-12-31": "21.59300", "2015-12-31": "15.29010", "2014-12-31": "7.18520", "2013-12-31": "-8.17300", "2012-12-31": "-11.28990", "2011-12-31": "6.05100", "2010-12-31": "-28.56510"}, "Asset Turnover": {"2019-12-31": "0.14350", "2018-12-31": "0.14980", "2017-12-31": "0.14020", "2016-12-31": "0.13690", "2015-12-31": "0.13330", "2014-12-31": "0.12770", "2013-12-31": "0.11270", "2012-12-31": "0.11330", "2011-12-31": "0.11100", "2010-12-31": ""}, "Inventory Turnover Ratio": {"2019-12-31": "", "2018-12-31": "", "2017-12-31": "", "2016-12-31": "", "2015-12-31": "", "2014-12-31": "", "2013-12-31": "", "2012-12-31": "", "2011-12-31": "", "2010-12-31": ""}, "Receiveable Turnover": {"2019-12-31": "", "2018-12-31": "", "2017-12-31": "", "2016-12-31": "", "2015-12-31": "", "2014-12-31": "", "2013-12-31": "", "2012-12-31": "", "2011-12-31": "", "2010-12-31": ""}, "Days Sales In Receivables": {"2019-12-31": "", "2018-12-31": "", "2017-12-31": "", "2016-12-31": "", "2015-12-31": "", "2014-12-31": "", "2013-12-31": "", "2012-12-31": "", "2011-12-31": "", "2010-12-31": ""}, "ROE - Return On Equity": {"2019-12-31": "10.01410", "2018-12-31": "12.91510", "2017-12-31": "10.32780", "2016-12-31": "9.50210", "2015-12-31": "6.76420", "2014-12-31": "3.78390", "2013-12-31": "-2.45570", "2012-12-31": "-6.59110", "2011-12-31": "4.78900", "2010-12-31": ""}, "Return On Tangible Equity": {"2019-12-31": "10.01410", "2018-12-31": "12.91510", "2017-12-31": "10.32780", "2016-12-31": "9.50210", "2015-12-31": "6.76420", "2014-12-31": "3.78390", "2013-12-31": "-2.45570", "2012-12-31": "-6.59110", "2011-12-31": "4.78900", "2010-12-31": ""}, "ROA - Return On Assets": {"2019-12-31": "3.37460", "2018-12-31": "4.44390", "2017-12-31": "3.28130", "2016-12-31": "2.98450", "2015-12-31": "2.07980", "2014-12-31": "1.16480", "2013-12-31": "-0.79290", "2012-12-31": "-1.56230", "2011-12-31": "1.17310", "2010-12-31": ""}, "ROI - Return On Investment": {"2019-12-31": "3.61300", "2018-12-31": "4.74340", "2017-12-31": "3.49890", "2016-12-31": "3.17290", "2015-12-31": "2.22090", "2014-12-31": "1.25260", "2013-12-31": "-0.87050", "2012-12-31": "-1.70970", "2011-12-31": "1.28590", "2010-12-31": ""}, "Book Value Per Share": {"2019-12-31": "9.21200", "2018-12-31": "9.50150", "2017-12-31": "9.54750", "2016-12-31": "9.61800", "2015-12-31": "9.76240", "2014-12-31": "10.04990", "2013-12-31": "14.29980", "2012-12-31": "12.49080", "2011-12-31": "32.48460", "2010-12-31": ""}, "Operating Cash Flow Per Share": {"2019-12-31": -0.0255, "2018-12-31": -0.0163, "2017-12-31": -0.0522, "2016-12-31": 0.1423, "2015-12-31": -0.2414, "2014-12-31": 0.2027, "2013-12-31": 0.2686, "2012-12-31": 0.5258, "2011-12-31": 0.9622, "2010-12-31": 0}, "Free Cash Flow Per Share": {"2019-12-31": -2.8642, "2018-12-31": 2.4108, "2017-12-31": 0.1896, "2016-12-31": 0.3114, "2015-12-31": -0.0076, "2014-12-31": -0.1294, "2013-12-31": 0.4848, "2012-12-31": 0.1337, "2011-12-31": 0.6204, "2010-12-31": 0}}, "financial ratios, quarterly": {"Current Ratio": {"2020-09-30": "", "2020-06-30": "", "2020-03-31": "", "2019-12-31": "", "2019-09-30": "", "2019-06-30": "", "2019-03-31": "", "2018-12-31": "", "2018-09-30": "", "2018-06-30": "", "2018-03-31": "", "2017-12-31": "", "2017-09-30": "", "2017-06-30": "", "2017-03-31": "", "2016-12-31": "", "2016-09-30": "", "2016-06-30": "", "2016-03-31": "", "2015-12-31": "", "2015-09-30": "", "2015-06-30": "", "2015-03-31": "", "2014-12-31": "", "2014-09-30": "", "2014-06-30": "", "2014-03-31": "", "2013-12-31": "", "2013-09-30": "", "2013-06-30": "", "2013-03-31": "", "2012-12-31": "", "2012-09-30": "", "2011-12-31": "", "2010-12-31": ""}, "Long-term Debt / Capital": {"2020-09-30": "0.66890", "2020-06-30": "0.66450", "2020-03-31": "0.67300", "2019-12-31": "0.63920", "2019-09-30": "0.63750", "2019-06-30": "0.64050", "2019-03-31": "0.63570", "2018-12-31": "0.63270", "2018-09-30": "0.63990", "2018-06-30": "0.65750", "2018-03-31": "0.66270", "2017-12-31": "0.66120", "2017-09-30": "0.66170", "2017-06-30": "0.66620", "2017-03-31": "0.66970", "2016-12-31": "0.66610", "2016-09-30": "0.66970", "2016-06-30": "0.67280", "2016-03-31": "0.67400", "2015-12-31": "0.67170", "2015-09-30": "0.67060", "2015-06-30": "0.67090", "2015-03-31": "0.67240", "2014-12-31": "0.66900", "2014-09-30": "0.66260", "2014-06-30": "0.66160", "2014-03-31": "0.66050", "2013-12-31": "0.64550", "2013-09-30": "0.75280", "2013-06-30": "", "2013-03-31": "", "2012-12-31": "", "2012-09-30": "", "2011-12-31": "", "2010-12-31": ""}, "Debt/Equity Ratio": {"2020-09-30": "2.01990", "2020-06-30": "1.98070", "2020-03-31": "2.05830", "2019-12-31": "1.77170", "2019-09-30": "1.75860", "2019-06-30": "1.78190", "2019-03-31": "1.74490", "2018-12-31": "1.72270", "2018-09-30": "1.77670", "2018-06-30": "1.91930", "2018-03-31": "1.96470", "2017-12-31": "1.95170", "2017-09-30": "1.95580", "2017-06-30": "1.99600", "2017-03-31": "2.02790", "2016-12-31": "1.99470", "2016-09-30": "2.02780", "2016-06-30": "2.05670", "2016-03-31": "2.06790", "2015-12-31": "2.04580", "2015-09-30": "2.03610", "2015-06-30": "2.03880", "2015-03-31": "2.05210", "2014-12-31": "2.02080", "2014-09-30": "1.96380", "2014-06-30": "1.95480", "2014-03-31": "1.94580", "2013-12-31": "1.82110", "2013-09-30": "3.04520", "2013-06-30": "", "2013-03-31": "", "2012-12-31": "", "2012-09-30": "", "2011-12-31": "", "2010-12-31": ""}, "Gross Margin": {"2020-09-30": "", "2020-06-30": "", "2020-03-31": "", "2019-12-31": "", "2019-09-30": "", "2019-06-30": "", "2019-03-31": "", "2018-12-31": "", "2018-09-30": "", "2018-06-30": "", "2018-03-31": "", "2017-12-31": "", "2017-09-30": "", "2017-06-30": "", "2017-03-31": "", "2016-12-31": "", "2016-09-30": "", "2016-06-30": "", "2016-03-31": "", "2015-12-31": "", "2015-09-30": "", "2015-06-30": "", "2015-03-31": "", "2014-12-31": "", "2014-09-30": "", "2014-06-30": "", "2014-03-31": "", "2013-12-31": "", "2013-09-30": "", "2013-06-30": "", "2013-03-31": "", "2012-12-31": "", "2012-09-30": "", "2011-12-31": "", "2010-12-31": ""}, "Operating Margin": {"2020-09-30": "26.00470", "2020-06-30": "28.04660", "2020-03-31": "35.02250", "2019-12-31": "34.43470", "2019-09-30": "35.54930", "2019-06-30": "36.27260", "2019-03-31": "35.24260", "2018-12-31": "31.59900", "2018-09-30": "33.91480", "2018-06-30": "34.71620", "2018-03-31": "33.05240", "2017-12-31": "35.06220", "2017-09-30": "34.83570", "2017-06-30": "35.07300", "2017-03-31": "36.92080", "2016-12-31": "38.11880", "2016-09-30": "36.22700", "2016-06-30": "37.19380", "2016-03-31": "37.05280", "2015-12-31": "34.36540", "2015-09-30": "36.15650", "2015-06-30": "35.31400", "2015-03-31": "29.61790", "2014-12-31": "32.59440", "2014-09-30": "32.57490", "2014-06-30": "32.38490", "2014-03-31": "30.07400", "2013-12-31": "20.26150", "2013-09-30": "28.27220", "2013-06-30": "28.07710", "2013-03-31": "24.73800", "2012-12-31": "", "2012-09-30": "23.39390", "2011-12-31": "", "2010-12-31": ""}, "EBIT Margin": {"2020-09-30": "26.00470", "2020-06-30": "28.04660", "2020-03-31": "35.02250", "2019-12-31": "34.43470", "2019-09-30": "35.54930", "2019-06-30": "36.27260", "2019-03-31": "35.24260", "2018-12-31": "31.59900", "2018-09-30": "33.91480", "2018-06-30": "34.71620", "2018-03-31": "33.05240", "2017-12-31": "35.06220", "2017-09-30": "34.83570", "2017-06-30": "35.07300", "2017-03-31": "36.92080", "2016-12-31": "38.11880", "2016-09-30": "36.22700", "2016-06-30": "37.19380", "2016-03-31": "37.05280", "2015-12-31": "34.36540", "2015-09-30": "36.15650", "2015-06-30": "35.31400", "2015-03-31": "29.61790", "2014-12-31": "32.59440", "2014-09-30": "32.57490", "2014-06-30": "32.38490", "2014-03-31": "30.07400", "2013-12-31": "20.26140", "2013-09-30": "28.27220", "2013-06-30": "28.07710", "2013-03-31": "24.73800", "2012-12-31": "", "2012-09-30": "23.39390", "2011-12-31": "", "2010-12-31": ""}, "EBITDA Margin": {"2020-09-30": "", "2020-06-30": "", "2020-03-31": "", "2019-12-31": "", "2019-09-30": "", "2019-06-30": "", "2019-03-31": "", "2018-12-31": "", "2018-09-30": "", "2018-06-30": "", "2018-03-31": "", "2017-12-31": "", "2017-09-30": "", "2017-06-30": "", "2017-03-31": "", "2016-12-31": "", "2016-09-30": "", "2016-06-30": "", "2016-03-31": "", "2015-12-31": "", "2015-09-30": "", "2015-06-30": "", "2015-03-31": "", "2014-12-31": "", "2014-09-30": "", "2014-06-30": "", "2014-03-31": "", "2013-12-31": "", "2013-09-30": "", "2013-06-30": "", "2013-03-31": "", "2012-12-31": "", "2012-09-30": "", "2011-12-31": "", "2010-12-31": ""}, "Pre-Tax Profit Margin": {"2020-09-30": "11.00440", "2020-06-30": "3.65240", "2020-03-31": "21.17630", "2019-12-31": "21.16980", "2019-09-30": "27.59850", "2019-06-30": "23.69720", "2019-03-31": "21.60480", "2018-12-31": "26.05500", "2018-09-30": "48.07690", "2018-06-30": "25.67230", "2018-03-31": "19.23920", "2017-12-31": "21.83840", "2017-09-30": "25.05370", "2017-06-30": "23.31810", "2017-03-31": "21.93580", "2016-12-31": "28.75900", "2016-09-30": "18.10650", "2016-06-30": "21.07710", "2016-03-31": "19.01620", "2015-12-31": "17.29780", "2015-09-30": "17.47020", "2015-06-30": "17.64020", "2015-03-31": "9.83880", "2014-12-31": "7.96970", "2014-09-30": "10.99980", "2014-06-30": "10.13450", "2014-03-31": "6.69370", "2013-12-31": "-5.10240", "2013-09-30": "-8.28520", "2013-06-30": "-7.43080", "2013-03-31": "-7.89600", "2012-12-31": "", "2012-09-30": "-11.85060", "2011-12-31": "", "2010-12-31": ""}, "Net Profit Margin": {"2020-09-30": "11.00440", "2020-06-30": "3.65240", "2020-03-31": "21.17630", "2019-12-31": "21.16980", "2019-09-30": "27.59850", "2019-06-30": "23.69720", "2019-03-31": "21.60480", "2018-12-31": "26.05500", "2018-09-30": "48.07690", "2018-06-30": "25.67230", "2018-03-31": "19.23920", "2017-12-31": "21.87430", "2017-09-30": "26.51230", "2017-06-30": "23.35650", "2017-03-31": "21.96980", "2016-12-31": "28.71710", "2016-09-30": "18.04650", "2016-06-30": "20.78840", "2016-03-31": "18.71750", "2015-12-31": "16.97490", "2015-09-30": "17.17850", "2015-06-30": "17.33740", "2015-03-31": "9.64910", "2014-12-31": "7.29420", "2014-09-30": "8.81980", "2014-06-30": "7.62240", "2014-03-31": "5.00720", "2013-12-31": "-3.96880", "2013-09-30": "-6.58500", "2013-06-30": "-15.54960", "2013-03-31": "-7.03130", "2012-12-31": "", "2012-09-30": "-10.10650", "2011-12-31": "", "2010-12-31": ""}, "Asset Turnover": {"2020-09-30": "0.02940", "2020-06-30": "0.02940", "2020-03-31": "0.03260", "2019-12-31": "0.03600", "2019-09-30": "0.03590", "2019-06-30": "0.03540", "2019-03-31": "0.03560", "2018-12-31": "0.03610", "2018-09-30": "0.03610", "2018-06-30": "0.03540", "2018-03-31": "0.03530", "2017-12-31": "0.03500", "2017-09-30": "0.03420", "2017-06-30": "0.03470", "2017-03-31": "0.03480", "2016-12-31": "0.03480", "2016-09-30": "0.03420", "2016-06-30": "0.03290", "2016-03-31": "0.03410", "2015-12-31": "0.03430", "2015-09-30": "0.03290", "2015-06-30": "0.03260", "2015-03-31": "0.03270", "2014-12-31": "0.03250", "2014-09-30": "0.03140", "2014-06-30": "0.03140", "2014-03-31": "0.03120", "2013-12-31": "0.03000", "2013-09-30": "0.03040", "2013-06-30": "", "2013-03-31": "", "2012-12-31": "", "2012-09-30": "", "2011-12-31": "", "2010-12-31": ""}, "Inventory Turnover Ratio": {"2020-09-30": "", "2020-06-30": "", "2020-03-31": "", "2019-12-31": "", "2019-09-30": "", "2019-06-30": "", "2019-03-31": "", "2018-12-31": "", "2018-09-30": "", "2018-06-30": "", "2018-03-31": "", "2017-12-31": "", "2017-09-30": "", "2017-06-30": "", "2017-03-31": "", "2016-12-31": "", "2016-09-30": "", "2016-06-30": "", "2016-03-31": "", "2015-12-31": "", "2015-09-30": "", "2015-06-30": "", "2015-03-31": "", "2014-12-31": "", "2014-09-30": "", "2014-06-30": "", "2014-03-31": "", "2013-12-31": "", "2013-09-30": "", "2013-06-30": "", "2013-03-31": "", "2012-12-31": "", "2012-09-30": "", "2011-12-31": "", "2010-12-31": ""}, "Receiveable Turnover": {"2020-09-30": "", "2020-06-30": "", "2020-03-31": "", "2019-12-31": "", "2019-09-30": "", "2019-06-30": "", "2019-03-31": "", "2018-12-31": "", "2018-09-30": "", "2018-06-30": "", "2018-03-31": "", "2017-12-31": "", "2017-09-30": "", "2017-06-30": "", "2017-03-31": "", "2016-12-31": "", "2016-09-30": "", "2016-06-30": "", "2016-03-31": "", "2015-12-31": "", "2015-09-30": "", "2015-06-30": "", "2015-03-31": "", "2014-12-31": "", "2014-09-30": "", "2014-06-30": "", "2014-03-31": "", "2013-12-31": "", "2013-09-30": "", "2013-06-30": "", "2013-03-31": "", "2012-12-31": "", "2012-09-30": "", "2011-12-31": "", "2010-12-31": ""}, "Days Sales In Receivables": {"2020-09-30": "", "2020-06-30": "", "2020-03-31": "", "2019-12-31": "", "2019-09-30": "", "2019-06-30": "", "2019-03-31": "", "2018-12-31": "", "2018-09-30": "", "2018-06-30": "", "2018-03-31": "", "2017-12-31": "", "2017-09-30": "", "2017-06-30": "", "2017-03-31": "", "2016-12-31": "", "2016-09-30": "", "2016-06-30": "", "2016-03-31": "", "2015-12-31": "", "2015-09-30": "", "2015-06-30": "", "2015-03-31": "", "2014-12-31": "", "2014-09-30": "", "2014-06-30": "", "2014-03-31": "", "2013-12-31": "", "2013-09-30": "", "2013-06-30": "", "2013-03-31": "", "2012-12-31": "", "2012-09-30": "", "2011-12-31": "", "2010-12-31": ""}, "ROE - Return On Equity": {"2020-09-30": "1.02970", "2020-06-30": "0.33750", "2020-03-31": "2.23950", "2019-12-31": "2.26170", "2019-09-30": "2.93020", "2019-06-30": "2.49480", "2019-03-31": "2.25220", "2018-12-31": "2.73450", "2018-09-30": "5.12640", "2018-06-30": "2.81280", "2018-03-31": "2.13250", "2017-12-31": "2.40330", "2017-09-30": "2.85420", "2017-06-30": "2.58730", "2017-03-31": "2.45260", "2016-12-31": "3.18800", "2016-09-30": "2.00120", "2016-06-30": "2.25680", "2016-03-31": "2.11870", "2015-12-31": "1.93180", "2015-09-30": "1.86990", "2015-06-30": "1.87500", "2015-03-31": "1.05450", "2014-12-31": "0.84540", "2014-09-30": "1.11940", "2014-06-30": "1.02810", "2014-03-31": "0.73170", "2013-12-31": "-0.46840", "2013-09-30": "-1.10280", "2013-06-30": "", "2013-03-31": "", "2012-12-31": "", "2012-09-30": "", "2011-12-31": "", "2010-12-31": ""}, "Return On Tangible Equity": {"2020-09-30": "1.02970", "2020-06-30": "0.33750", "2020-03-31": "2.23950", "2019-12-31": "2.26170", "2019-09-30": "2.93020", "2019-06-30": "2.49480", "2019-03-31": "2.25220", "2018-12-31": "2.73450", "2018-09-30": "5.12640", "2018-06-30": "2.81280", "2018-03-31": "2.13250", "2017-12-31": "2.40330", "2017-09-30": "2.85420", "2017-06-30": "2.58730", "2017-03-31": "2.45260", "2016-12-31": "3.18800", "2016-09-30": "2.00120", "2016-06-30": "2.25680", "2016-03-31": "2.11870", "2015-12-31": "1.93180", "2015-09-30": "1.86990", "2015-06-30": "1.87500", "2015-03-31": "1.05450", "2014-12-31": "0.84540", "2014-09-30": "1.11940", "2014-06-30": "1.02810", "2014-03-31": "0.73170", "2013-12-31": "-0.46840", "2013-09-30": "-1.10280", "2013-06-30": "", "2013-03-31": "", "2012-12-31": "", "2012-09-30": "", "2011-12-31": "", "2010-12-31": ""}, "ROA - Return On Assets": {"2020-09-30": "0.32340", "2020-06-30": "0.10750", "2020-03-31": "0.69010", "2019-12-31": "0.76220", "2019-09-30": "0.99080", "2019-06-30": "0.83890", "2019-03-31": "0.76860", "2018-12-31": "0.94090", "2018-09-30": "1.73400", "2018-06-30": "0.90800", "2018-03-31": "0.67890", "2017-12-31": "0.76360", "2017-09-30": "0.90670", "2017-06-30": "0.81140", "2017-03-31": "0.76560", "2016-12-31": "1.00130", "2016-09-30": "0.62070", "2016-06-30": "0.69440", "2016-03-31": "0.65030", "2015-12-31": "0.59400", "2015-09-30": "0.57540", "2015-06-30": "0.57600", "2015-03-31": "0.32300", "2014-12-31": "0.26020", "2014-09-30": "0.34600", "2014-06-30": "0.31920", "2014-03-31": "0.22810", "2013-12-31": "-0.15120", "2013-09-30": "-0.24940", "2013-06-30": "", "2013-03-31": "", "2012-12-31": "", "2012-09-30": "", "2011-12-31": "", "2010-12-31": ""}, "ROI - Return On Investment": {"2020-09-30": "0.34100", "2020-06-30": "0.11320", "2020-03-31": "0.73230", "2019-12-31": "0.81600", "2019-09-30": "1.06220", "2019-06-30": "0.89680", "2019-03-31": "0.82050", "2018-12-31": "1.00430", "2018-09-30": "1.84620", "2018-06-30": "0.96350", "2018-03-31": "0.71930", "2017-12-31": "0.81420", "2017-09-30": "0.96560", "2017-06-30": "0.86360", "2017-03-31": "0.81000", "2016-12-31": "1.06450", "2016-09-30": "0.66090", "2016-06-30": "0.73830", "2016-03-31": "0.69060", "2015-12-31": "0.63430", "2015-09-30": "0.61590", "2015-06-30": "0.61700", "2015-03-31": "0.34550", "2014-12-31": "0.27990", "2014-09-30": "0.37770", "2014-06-30": "0.34800", "2014-03-31": "0.24840", "2013-12-31": "-0.16600", "2013-09-30": "-0.27260", "2013-06-30": "", "2013-03-31": "", "2012-12-31": "", "2012-09-30": "", "2011-12-31": "", "2010-12-31": ""}, "Book Value Per Share": {"2020-09-30": "9.15360", "2020-06-30": "9.03810", "2020-03-31": "9.00440", "2019-12-31": "9.21200", "2019-09-30": "9.26440", "2019-06-30": "9.28060", "2019-03-31": "9.37210", "2018-12-31": "9.50150", "2018-09-30": "9.58430", "2018-06-30": "9.44060", "2018-03-31": "9.44960", "2017-12-31": "9.54750", "2017-09-30": "9.58010", "2017-06-30": "9.56180", "2017-03-31": "9.58240", "2016-12-31": "9.61800", "2016-09-30": "9.49170", "2016-06-30": "9.63480", "2016-03-31": "9.70790", "2015-12-31": "9.76240", "2015-09-30": "9.82180", "2015-06-30": "9.85710", "2015-03-31": "9.89240", "2014-12-31": "10.04990", "2014-09-30": "12.32750", "2014-06-30": "12.41320", "2014-03-31": "13.37090", "2013-12-31": "14.29980", "2013-09-30": "11.67140", "2013-06-30": "", "2013-03-31": "", "2012-12-31": "", "2012-09-30": "", "2011-12-31": "", "2010-12-31": ""}, "Operating Cash Flow Per Share": {"2020-09-30": 0.4851, "2020-06-30": 0.2864, "2020-03-31": "0.31870", "2019-12-31": 0.4281, "2019-09-30": 0.4983, "2019-06-30": 0.516, "2019-03-31": "0.32380", "2018-12-31": 0.4683, "2018-09-30": 0.3979, "2018-06-30": 0.5165, "2018-03-31": "0.40900", "2017-12-31": 0.4281, "2017-09-30": 0.455, "2017-06-30": 0.5701, "2017-03-31": "0.35480", "2016-12-31": 0.4725, "2016-09-30": 0.4677, "2016-06-30": 0.5321, "2016-03-31": "0.38790", "2015-12-31": 0.3399, "2015-09-30": 0.4703, "2015-06-30": 0.5284, "2015-03-31": "0.37930", "2014-12-31": 0.4387, "2014-09-30": 0.5719, "2014-06-30": 0.5712, "2014-03-31": "0.37750", "2013-12-31": 0.5686, "2013-09-30": 0.5806, "2013-06-30": 0.4213, "2013-03-31": "0.18610", "2012-12-31": -0.7694, "2012-09-30": 0.7694, "2011-12-31": 0, "2010-12-31": 0}, "Free Cash Flow Per Share": {"2020-09-30": 0.4012, "2020-06-30": 0.0625, "2020-03-31": "0.16010", "2019-12-31": 0.2196, "2019-09-30": 0.6054, "2019-06-30": 0.1096, "2019-03-31": "0.21490", "2018-12-31": 1.0932, "2018-09-30": 1.6276, "2018-06-30": 0.7939, "2018-03-31": "0.49900", "2017-12-31": 0.2988, "2017-09-30": 0.6401, "2017-06-30": 0.67, "2017-03-31": "-0.00600", "2016-12-31": 0.3931, "2016-09-30": 0.3104, "2016-06-30": 0.4433, "2016-03-31": "0.26650", "2015-12-31": 0.2521, "2015-09-30": 0.3045, "2015-06-30": 0.2684, "2015-03-31": "0.27690", "2014-12-31": 0.1759, "2014-09-30": 0.3581, "2014-06-30": 0.3624, "2014-03-31": "0.21310", "2013-12-31": 0.3817, "2013-09-30": 0.442, "2013-06-30": 0.364, "2013-03-31": "0.05120", "2012-12-31": -0.351, "2012-09-30": 0.351, "2011-12-31": 0, "2010-12-31": 0}}, "revenue": {"Brixmor Property Group Annual Revenue (Millions of US $)": {"2019": "$1,168", "2018": "$1,234", "2017": "$1,283", "2016": "$1,276", "2015": "$1,266", "2014": "$1,237", "2013": "$1,146", "2012": "$1,088", "2011": "$1,113", "2010": "$1,125"}, "Brixmor Property Group Quarterly Revenue (Millions of US $)": {"2020-09-30": "$254", "2020-06-30": "$248", "2020-03-31": "$282", "2019-12-31": "$293", "2019-09-30": "$293", "2019-06-30": "$291", "2019-03-31": "$291", "2018-12-31": "$298", "2018-09-30": "$306", "2018-06-30": "$313", "2018-03-31": "$317", "2017-12-31": "$320", "2017-09-30": "$314", "2017-06-30": "$323", "2017-03-31": "$326", "2016-12-31": "$324", "2016-09-30": "$319", "2016-06-30": "$310", "2016-03-31": "$323", "2015-12-31": "$326", "2015-09-30": "$313", "2015-06-30": "$312", "2015-03-31": "$315", "2014-12-31": "$315", "2014-09-30": "$306", "2014-06-30": "$308", "2014-03-31": "$308", "2013-12-31": "$305", "2013-09-30": "$286", "2013-06-30": "$278", "2013-03-31": "$277", "2012-12-31": "", "2012-09-30": "$280", "2011-12-31": "", "2010-12-31": ""}}, "gross-profit": {"Brixmor Property Group Annual Gross Profit (Millions of US $)": {"2019": "$872", "2018": "$921", "2017": "$968", "2016": "$968", "2015": "$956", "2014": "$928", "2013": "$861", "2012": "$814", "2011": "$825", "2010": "$833"}, "Brixmor Property Group Quarterly Gross Profit (Millions of US $)": {"2020-09-30": "$187", "2020-06-30": "$181", "2020-03-31": "$209", "2019-12-31": "$218", "2019-09-30": "$220", "2019-06-30": "$219", "2019-03-31": "$217", "2018-12-31": "$221", "2018-09-30": "$230", "2018-06-30": "$234", "2018-03-31": "$236", "2017-12-31": "$241", "2017-09-30": "$239", "2017-06-30": "$246", "2017-03-31": "$242", "2016-12-31": "$245", "2016-09-30": "$240", "2016-06-30": "$240", "2016-03-31": "$244", "2015-12-31": "$243", "2015-09-30": "$240", "2015-06-30": "$237", "2015-03-31": "$236", "2014-12-31": "$234", "2014-09-30": "$233", "2014-06-30": "$232", "2014-03-31": "$228", "2013-12-31": "$230", "2013-09-30": "$216", "2013-06-30": "$210", "2013-03-31": "$206", "2012-12-31": "", "2012-09-30": "$211", "2011-12-31": "", "2010-12-31": ""}}, "operating-income": {"Brixmor Property Group Annual Operating Income (Millions of US $)": {"2019": "$413", "2018": "$412", "2017": "$455", "2016": "$474", "2015": "$429", "2014": "$395", "2013": "$289", "2012": "$225", "2011": "$184", "2010": "$77"}, "Brixmor Property Group Quarterly Operating Income (Millions of US $)": {"2020-09-30": "$66", "2020-06-30": "$69", "2020-03-31": "$99", "2019-12-31": "$101", "2019-09-30": "$104", "2019-06-30": "$106", "2019-03-31": "$103", "2018-12-31": "$94", "2018-09-30": "$104", "2018-06-30": "$109", "2018-03-31": "$105", "2017-12-31": "$112", "2017-09-30": "$110", "2017-06-30": "$113", "2017-03-31": "$120", "2016-12-31": "$124", "2016-09-30": "$115", "2016-06-30": "$115", "2016-03-31": "$120", "2015-12-31": "$112", "2015-09-30": "$113", "2015-06-30": "$110", "2015-03-31": "$93", "2014-12-31": "$103", "2014-09-30": "$100", "2014-06-30": "$100", "2014-03-31": "$93", "2013-12-31": "$62", "2013-09-30": "$81", "2013-06-30": "$78", "2013-03-31": "$69", "2012-12-31": "", "2012-09-30": "$66", "2011-12-31": "", "2010-12-31": ""}}, "ebitda": {"Brixmor Property Group Annual EBITDA (Millions of US $)": {"2019": "$735", "2018": "$741", "2017": "$802", "2016": "$819", "2015": "$789", "2014": "$780", "2013": "$678", "2012": "$669", "2011": "$595", "2010": "$424"}, "Brixmor Property Group Quarterly EBITDA (Millions of US $)": {"2020-09-30": "$151", "2020-06-30": "$148", "2020-03-31": "$179", "2019-12-31": "$181", "2019-09-30": "$184", "2019-06-30": "$185", "2019-03-31": "$185", "2018-12-31": "$175", "2018-09-30": "$184", "2018-06-30": "$193", "2018-03-31": "$189", "2017-12-31": "$196", "2017-09-30": "$197", "2017-06-30": "$203", "2017-03-31": "$207", "2016-12-31": "$208", "2016-09-30": "$203", "2016-06-30": "$200", "2016-03-31": "$207", "2015-12-31": "$199", "2015-09-30": "$188", "2015-06-30": "$217", "2015-03-31": "$185", "2014-12-31": "$197", "2014-09-30": "$196", "2014-06-30": "$195", "2014-03-31": "$192", "2013-12-31": "$159", "2013-09-30": "$176", "2013-06-30": "$174", "2013-03-31": "$169", "2012-12-31": "", "2012-09-30": "$66", "2011-12-31": "", "2010-12-31": ""}}, "net-income": {"Brixmor Property Group Annual Net Income (Millions of US $)": {"2019": "$275", "2018": "$366", "2017": "$300", "2016": "$275", "2015": "$194", "2014": "$89", "2013": "$-94", "2012": "$-123", "2011": "$67", "2010": "$-321"}, "Brixmor Property Group Quarterly Net Income (Millions of US $)": {"2020-09-30": "$28", "2020-06-30": "$9", "2020-03-31": "$60", "2019-12-31": "$62", "2019-09-30": "$81", "2019-06-30": "$69", "2019-03-31": "$63", "2018-12-31": "$78", "2018-09-30": "$147", "2018-06-30": "$80", "2018-03-31": "$61", "2017-12-31": "$70", "2017-09-30": "$83", "2017-06-30": "$75", "2017-03-31": "$72", "2016-12-31": "$93", "2016-09-30": "$57", "2016-06-30": "$64", "2016-03-31": "$60", "2015-12-31": "$55", "2015-09-30": "$54", "2015-06-30": "$54", "2015-03-31": "$30", "2014-12-31": "$23", "2014-09-30": "$27", "2014-06-30": "$23", "2014-03-31": "$15", "2013-12-31": "$-12", "2013-09-30": "$-19", "2013-06-30": "$-43", "2013-03-31": "$-19", "2012-12-31": "", "2012-09-30": "$-28", "2011-12-31": "", "2010-12-31": ""}}, "eps-earnings-per-share-diluted": {"Brixmor Property Group Annual EPS": {"2019": "$0.92", "2018": "$1.21", "2017": "$0.98", "2016": "$0.91", "2015": "$0.65", "2014": "$0.36", "2013": "$-0.50", "2012": "$-0.68", "2011": "$0.37", "2010": "$0.00"}, "Brixmor Property Group Quarterly EPS": {"2020-09-30": "$0.09", "2020-06-30": "$0.03", "2020-03-31": "$0.20", "2019-12-31": "$0.21", "2019-09-30": "$0.27", "2019-06-30": "$0.23", "2019-03-31": "$0.21", "2018-12-31": "$0.26", "2018-09-30": "$0.49", "2018-06-30": "$0.26", "2018-03-31": "$0.20", "2017-12-31": "$0.23", "2017-09-30": "$0.27", "2017-06-30": "$0.25", "2017-03-31": "$0.23", "2016-12-31": "$0.31", "2016-09-30": "$0.19", "2016-06-30": "$0.21", "2016-03-31": "$0.20", "2015-12-31": "$0.19", "2015-09-30": "$0.18", "2015-06-30": "$0.18", "2015-03-31": "$0.10", "2014-12-31": "$0.08", "2014-09-30": "$0.11", "2014-06-30": "$0.10", "2014-03-31": "$0.07", "2013-12-31": "$-0.05", "2013-09-30": "$-0.10", "2013-06-30": "$-0.24", "2013-03-31": "$-0.11", "2012-12-31": "$0.00", "2012-09-30": "$-0.16", "2011-12-31": "$0.00", "2010-12-31": "$0.00"}}, "shares-outstanding": {"Brixmor Property Group Annual Shares Outstanding (Millions of Shares)": {"2019": "299", "2018": "302", "2017": "305", "2016": "305", "2015": "305", "2014": "245", "2013": "189", "2012": "181", "2011": "181", "2010": ""}, "Brixmor Property Group Quarterly Shares Outstanding (Millions of Shares)": {"2020-09-30": "297", "2020-06-30": "297", "2020-03-31": "298", "2019-12-31": "299", "2019-09-30": "299", "2019-06-30": "299", "2019-03-31": "299", "2018-12-31": "302", "2018-09-30": "302", "2018-06-30": "303", "2018-03-31": "304", "2017-12-31": "305", "2017-09-30": "305", "2017-06-30": "305", "2017-03-31": "305", "2016-12-31": "305", "2016-09-30": "304", "2016-06-30": "300", "2016-03-31": "299", "2015-12-31": "305", "2015-09-30": "299", "2015-06-30": "299", "2015-03-31": "298", "2014-12-31": "245", "2014-09-30": "245", "2014-06-30": "230", "2014-03-31": "229", "2013-12-31": "189", "2013-09-30": "181", "2013-06-30": "181", "2013-03-31": "181", "2012-12-31": "", "2012-09-30": "241", "2011-12-31": "", "2010-12-31": ""}}, "total-assets": {"Brixmor Property Group Annual Total Assets (Millions of US $)": {"2019": "$8,142", "2018": "$8,242", "2017": "$9,154", "2016": "$9,320", "2015": "$9,498", "2014": "$9,682", "2013": "$10,172", "2012": "$9,604", "2011": "$10,032", "2010": "$0"}, "Brixmor Property Group Quarterly Total Assets (Millions of US $)": {"2020-09-30": "$8,640", "2020-06-30": "$8,416", "2020-03-31": "$8,662", "2019-12-31": "$8,142", "2019-09-30": "$8,160", "2019-06-30": "$8,221", "2019-03-31": "$8,184", "2018-12-31": "$8,242", "2018-09-30": "$8,497", "2018-06-30": "$8,851", "2018-03-31": "$8,988", "2017-12-31": "$9,154", "2017-09-30": "$9,196", "2017-06-30": "$9,297", "2017-03-31": "$9,359", "2016-12-31": "$9,320", "2016-09-30": "$9,313", "2016-06-30": "$9,428", "2016-03-31": "$9,465", "2015-12-31": "$9,498", "2015-09-30": "$9,528", "2015-06-30": "$9,578", "2015-03-31": "$9,639", "2014-12-31": "$9,682", "2014-09-30": "$9,775", "2014-06-30": "$9,800", "2014-03-31": "$9,851", "2013-12-31": "$10,172", "2013-09-30": "$9,405", "2013-06-30": "$0", "2013-03-31": "$0", "2012-12-31": "$0", "2012-09-30": "$0", "2011-12-31": "$10,032", "2010-12-31": "$0"}}, "cash-on-hand": {"Brixmor Property Group Annual Cash on Hand (Millions of US $)": {"2019": "$40", "2018": "$81", "2017": "$139", "2016": "$136", "2015": "$139", "2014": "$139", "2013": "$221", "2012": "$234", "2011": "$295", "2010": "$"}, "Brixmor Property Group Quarterly Cash on Hand (Millions of US $)": {"2020-09-30": "$631", "2020-06-30": "$341", "2020-03-31": "$605", "2019-12-31": "$40", "2019-09-30": "$51", "2019-06-30": "$29", "2019-03-31": "$33", "2018-12-31": "$81", "2018-09-30": "$96", "2018-06-30": "$133", "2018-03-31": "$120", "2017-12-31": "$139", "2017-09-30": "$171", "2017-06-30": "$155", "2017-03-31": "$137", "2016-12-31": "$136", "2016-09-30": "$108", "2016-06-30": "$196", "2016-03-31": "$178", "2015-12-31": "$139", "2015-09-30": "$120", "2015-06-30": "$129", "2015-03-31": "$155", "2014-12-31": "$139", "2014-09-30": "$175", "2014-06-30": "$154", "2014-03-31": "$152", "2013-12-31": "$221", "2013-09-30": "$252", "2013-06-30": "", "2013-03-31": "", "2012-12-31": "", "2012-09-30": "", "2011-12-31": "$295", "2010-12-31": ""}}, "long-term-debt": {"Brixmor Property Group Annual Long Term Debt (Millions of US $)": {"2019": "$4,861", "2018": "$4,886", "2017": "$5,676", "2016": "$5,839", "2015": "$5,974", "2014": "$6,023", "2013": "$5,981", "2012": "$6,499", "2011": "$6,695", "2010": "$"}, "Brixmor Property Group Quarterly Long Term Debt (Millions of US $)": {"2020-09-30": "$5,482", "2020-06-30": "$5,308", "2020-03-31": "$5,494", "2019-12-31": "$4,861", "2019-09-30": "$4,853", "2019-06-30": "$4,926", "2019-03-31": "$4,873", "2018-12-31": "$4,886", "2018-09-30": "$5,107", "2018-06-30": "$5,483", "2018-03-31": "$5,622", "2017-12-31": "$5,676", "2017-09-30": "$5,714", "2017-06-30": "$5,820", "2017-03-31": "$5,925", "2016-12-31": "$5,839", "2016-09-30": "$5,857", "2016-06-30": "$5,967", "2016-03-31": "$6,007", "2015-12-31": "$5,974", "2015-09-30": "$5,969", "2015-06-30": "$5,999", "2015-03-31": "$6,059", "2014-12-31": "$6,023", "2014-09-30": "$5,933", "2014-06-30": "$5,947", "2014-03-31": "$5,976", "2013-12-31": "$5,981", "2013-09-30": "$6,477", "2013-06-30": "", "2013-03-31": "", "2012-12-31": "", "2012-09-30": "", "2011-12-31": "$6,695", "2010-12-31": ""}}, "total-liabilities": {"Brixmor Property Group Annual Total Liabilities (Millions of US $)": {"2019": "$5,399", "2018": "$5,406", "2017": "$6,246", "2016": "$6,393", "2015": "$6,578", "2014": "$6,702", "2013": "$6,887", "2012": "$7,327", "2011": "$7,575", "2010": "$0"}, "Brixmor Property Group Quarterly Total Liabilities (Millions of US $)": {"2020-09-30": "$5,926", "2020-06-30": "$5,737", "2020-03-31": "$5,993", "2019-12-31": "$5,399", "2019-09-30": "$5,401", "2019-06-30": "$5,456", "2019-03-31": "$5,391", "2018-12-31": "$5,406", "2018-09-30": "$5,623", "2018-06-30": "$5,994", "2018-03-31": "$6,126", "2017-12-31": "$6,246", "2017-09-30": "$6,275", "2017-06-30": "$6,381", "2017-03-31": "$6,437", "2016-12-31": "$6,393", "2016-09-30": "$6,424", "2016-06-30": "$6,527", "2016-03-31": "$6,560", "2015-12-31": "$6,578", "2015-09-30": "$6,596", "2015-06-30": "$6,635", "2015-03-31": "$6,686", "2014-12-31": "$6,702", "2014-09-30": "$6,754", "2014-06-30": "$6,758", "2014-03-31": "$6,780", "2013-12-31": "$6,887", "2013-09-30": "$7,278", "2013-06-30": "$0", "2013-03-31": "$0", "2012-12-31": "", "2012-09-30": "$0", "2011-12-31": "$7,575", "2010-12-31": "$0"}}, "total-share-holder-equity": {"Brixmor Property Group Annual Share Holder Equity (Millions of US $)": {"2019": "$2,744", "2018": "$2,836", "2017": "$2,908", "2016": "$2,927", "2015": "$2,920", "2014": "$2,980", "2013": "$3,285", "2012": "$2,276", "2011": "$2,457", "2010": "$0"}, "Brixmor Property Group Quarterly Share Holder Equity (Millions of US $)": {"2020-09-30": "$2,714", "2020-06-30": "$2,680", "2020-03-31": "$2,669", "2019-12-31": "$2,744", "2019-09-30": "$2,759", "2019-06-30": "$2,764", "2019-03-31": "$2,793", "2018-12-31": "$2,836", "2018-09-30": "$2,874", "2018-06-30": "$2,857", "2018-03-31": "$2,862", "2017-12-31": "$2,908", "2017-09-30": "$2,921", "2017-06-30": "$2,916", "2017-03-31": "$2,922", "2016-12-31": "$2,927", "2016-09-30": "$2,889", "2016-06-30": "$2,901", "2016-03-31": "$2,905", "2015-12-31": "$2,920", "2015-09-30": "$2,932", "2015-06-30": "$2,942", "2015-03-31": "$2,953", "2014-12-31": "$2,980", "2014-09-30": "$3,021", "2014-06-30": "$3,042", "2014-03-31": "$3,071", "2013-12-31": "$3,285", "2013-09-30": "$2,127", "2013-06-30": "$0", "2013-03-31": "$0", "2012-12-31": "", "2012-09-30": "$0", "2011-12-31": "$2,457", "2010-12-31": "$0"}}, "profit-margins": {"current": "14.75%"}, "gross margin": {"2020-09-30": "73.82%", "2020-06-30": "74.19%", "2020-03-31": "74.72%", "2019-12-31": "74.83%", "2019-09-30": "74.77%", "2019-06-30": "74.79%", "2019-03-31": "74.67%", "2018-12-31": "74.64%", "2018-09-30": "74.92%", "2018-06-30": "75.16%", "2018-03-31": "75.51%", "2017-12-31": "75.45%", "2017-09-30": "75.52%", "2017-06-30": "75.31%", "2017-03-31": "75.61%", "2016-12-31": "75.94%", "2016-09-30": "75.67%", "2016-06-30": "76.02%", "2016-03-31": "75.67%", "2015-12-31": "75.51%", "2015-09-30": "75.46%", "2015-06-30": "75.32%", "2015-03-31": "75.16%", "2014-12-31": "74.94%", "2014-09-30": "75.22%", "2014-06-30": "75.06%", "2014-03-31": "75.11%", "2013-12-31": "75.22%", "2013-06-30": "75.09%"}, "operating margin": {"2020-09-30": "31.10%", "2020-06-30": "33.42%", "2020-03-31": "35.38%", "2019-12-31": "35.45%", "2019-09-30": "34.70%", "2019-06-30": "34.32%", "2019-03-31": "33.94%", "2018-12-31": "33.39%", "2018-09-30": "34.24%", "2018-06-30": "34.49%", "2018-03-31": "34.54%", "2017-12-31": "35.46%", "2017-09-30": "36.29%", "2017-06-30": "36.53%", "2017-03-31": "37.06%", "2016-12-31": "37.15%", "2016-09-30": "36.15%", "2016-06-30": "36.16%", "2016-03-31": "35.71%", "2015-12-31": "33.81%", "2015-09-30": "33.39%", "2015-06-30": "32.53%", "2015-03-31": "31.83%", "2014-12-31": "32.01%", "2014-09-30": "28.93%", "2014-06-30": "27.84%", "2014-03-31": "26.68%", "2013-12-31": "25.31%", "2013-06-30": "25.51%"}, "ebitda margin": {"2020-09-30": "61.19%", "2020-06-30": "62.01%", "2020-03-31": "62.90%", "2019-12-31": "62.93%", "2019-09-30": "62.15%", "2019-06-30": "61.47%", "2019-03-31": "61.01%", "2018-12-31": "60.05%", "2018-09-30": "60.67%", "2018-06-30": "61.31%", "2018-03-31": "61.62%", "2017-12-31": "62.59%", "2017-09-30": "63.33%", "2017-06-30": "63.54%", "2017-03-31": "63.96%", "2016-12-31": "64.11%", "2016-09-30": "63.30%", "2016-06-30": "62.42%", "2016-03-31": "63.66%", "2015-12-31": "62.32%", "2015-09-30": "62.71%", "2015-06-30": "63.70%", "2015-03-31": "62.14%", "2014-12-31": "63.06%", "2014-09-30": "60.47%", "2014-06-30": "59.82%", "2014-03-31": "59.56%", "2013-12-31": "59.16%", "2013-06-30": "48.98%"}, "pre tax profit margin": {"2020-09-30": "14.76%", "2020-06-30": "19.00%", "2020-03-31": "23.47%", "2019-12-31": "23.54%", "2019-09-30": "24.81%", "2019-06-30": "30.10%", "2019-03-31": "30.46%", "2018-12-31": "29.66%", "2018-09-30": "28.50%", "2018-06-30": "22.94%", "2018-03-31": "22.37%", "2017-12-31": "22.99%", "2017-09-30": "24.71%", "2017-06-30": "22.99%", "2017-03-31": "22.44%", "2016-12-31": "21.71%", "2016-09-30": "18.78%", "2016-06-30": "18.63%", "2016-03-31": "17.82%", "2015-12-31": "15.56%", "2015-09-30": "13.23%", "2015-06-30": "11.62%", "2015-03-31": "9.73%", "2014-12-31": "8.97%", "2014-09-30": "5.70%", "2014-06-30": "0.99%", "2014-03-31": "-3.40%", "2013-12-31": "-7.24%", "2013-06-30": "-9.10%"}, "net profit margin": {"2020-09-30": "14.76%", "2020-06-30": "19.00%", "2020-03-31": "23.47%", "2019-12-31": "23.54%", "2019-09-30": "24.81%", "2019-06-30": "30.10%", "2019-03-31": "30.46%", "2018-12-31": "29.66%", "2018-09-30": "28.50%", "2018-06-30": "23.26%", "2018-03-31": "22.68%", "2017-12-31": "23.38%", "2017-09-30": "25.10%", "2017-06-30": "22.99%", "2017-03-31": "22.36%", "2016-12-31": "21.47%", "2016-09-30": "18.47%", "2016-06-30": "18.32%", "2016-03-31": "17.50%", "2015-12-31": "15.24%", "2015-09-30": "12.83%", "2015-06-30": "10.74%", "2015-03-31": "8.28%", "2014-12-31": "7.11%", "2014-09-30": "4.32%", "2014-06-30": "0.58%", "2014-03-31": "-5.01%", "2013-12-31": "-8.12%", "2013-06-30": "-10.78%"}, "pe ratio": {"current": "10.78", "2021-02-05": "33.15", "2020-09-30": "21.76", "2020-06-30": "17.81", "2020-03-31": "9.94", "2019-12-31": "22.06", "2019-09-30": "19.37", "2019-06-30": "13.70", "2019-03-31": "13.52", "2018-12-31": "10.69", "2018-09-30": "12.85", "2018-06-30": "15.48", "2018-03-31": "13.44", "2017-12-31": "15.71", "2017-09-30": "14.43", "2017-06-30": "14.64", "2017-03-31": "18.10", "2016-12-31": "21.05", "2016-09-30": "27.70", "2016-06-30": "26.47", "2016-03-31": "26.42", "2015-12-31": "30.49", "2015-09-30": "32.55", "2015-06-30": "36.48", "2015-03-31": "50.04", "2014-12-31": "50.26", "2014-09-30": "73.04"}, "price sales": {"2021-02-05": "4.86", "2020-09-30": "3.19", "2020-06-30": "3.38", "2020-03-31": "2.33", "2019-12-31": "5.19", "2019-09-30": "4.80", "2019-06-30": "4.13", "2019-03-31": "4.12", "2018-12-31": "3.18", "2018-09-30": "3.66", "2018-06-30": "3.58", "2018-03-31": "3.06", "2017-12-31": "3.66", "2017-09-30": "3.63", "2017-06-30": "3.39", "2017-03-31": "4.04", "2016-12-31": "4.54", "2016-09-30": "5.11", "2016-06-30": "4.82", "2016-03-31": "4.61", "2015-12-31": "4.63", "2015-09-30": "3.96", "2015-06-30": "3.69", "2015-03-31": "3.96", "2014-12-31": "3.47", "2014-09-30": "2.90"}, "price book": {"current": "1.92", "2021-02-05": "1.92", "2020-09-30": "1.26", "2020-06-30": "1.40", "2020-03-31": "1.00", "2019-12-31": "2.20", "2019-09-30": "2.03", "2019-06-30": "1.76", "2019-03-31": "1.76", "2018-12-31": "1.36", "2018-09-30": "1.58", "2018-06-30": "1.57", "2018-03-31": "1.35", "2017-12-31": "1.61", "2017-09-30": "1.60", "2017-06-30": "1.50", "2017-03-31": "1.78", "2016-12-31": "1.99", "2016-09-30": "2.28", "2016-06-30": "2.12", "2016-03-31": "2.01", "2015-12-31": "2.00", "2015-09-30": "1.79", "2015-06-30": "1.74", "2015-03-31": "1.97", "2014-12-31": "1.80", "2014-09-30": "1.30", "2014-06-30": "1.32", "2014-03-31": "1.13", "2013-12-31": "1.00"}, "price fcf": {"2021-02-05": "", "2020-09-30": "$0.84", "2020-06-30": "$1.05", "2020-03-31": "$1.09", "2019-12-31": "$1.15", "2019-09-30": "$2.02", "2019-06-30": "$3.05", "2019-03-31": "$3.73", "2018-12-31": "$4.01", "2018-09-30": "$3.22", "2018-06-30": "$2.23", "2018-03-31": "$2.11", "2017-12-31": "$1.60", "2017-09-30": "$1.70", "2017-06-30": "$1.37", "2017-03-31": "$1.14", "2016-12-31": "$1.41", "2016-09-30": "$1.27", "2016-06-30": "$1.27", "2016-03-31": "$1.09", "2015-12-31": "$1.10", "2015-09-30": "$1.03", "2015-06-30": "$1.08", "2015-03-31": "$1.17", "2014-12-31": "$1.11", "2014-09-30": "$2.17"}, "net worth": {"value": "$5.21B"}, "current ratio": {"2020-09-30": "1.97", "2020-06-30": "1.43", "2020-03-31": "1.68", "2019-12-31": "0.51", "2019-09-30": "0.50", "2019-06-30": "0.47", "2019-03-31": "0.52", "2018-12-31": "0.59", "2018-09-30": "0.63", "2018-06-30": "0.69", "2018-03-31": "0.67", "2017-12-31": "0.65", "2017-09-30": "0.70", "2017-06-30": "0.67", "2017-03-31": "0.62", "2016-12-31": "0.57", "2016-09-30": "0.50", "2016-06-30": "0.65", "2016-03-31": "0.63", "2015-12-31": "0.53", "2015-09-30": "0.47", "2015-06-30": "0.47", "2015-03-31": "0.53", "2014-12-31": "0.47", "2014-09-30": "0.51", "2014-06-30": "0.49", "2014-03-31": "0.48", "2013-12-31": "0.56", "2013-09-30": "0.71", "2013-06-30": "0.00", "2013-03-31": "0.00", "2012-12-31": "0.00", "2012-09-30": "0.00", "2011-12-31": "0.64", "2010-12-31": "0.00"}, "quick ratio": {"2020-09-30": "0.00", "2020-06-30": "0.00", "2020-03-31": "0.00", "2019-12-31": "0.00", "2019-09-30": "0.00", "2019-06-30": "0.00", "2019-03-31": "0.00", "2018-12-31": "0.00", "2018-09-30": "0.00", "2018-06-30": "0.00", "2018-03-31": "0.00", "2017-12-31": "0.00", "2017-09-30": "0.00", "2017-06-30": "0.00", "2017-03-31": "0.00", "2016-12-31": "0.00", "2016-09-30": "0.00", "2016-06-30": "0.00", "2016-03-31": "0.00", "2015-12-31": "0.00", "2015-09-30": "0.00", "2015-06-30": "0.00", "2015-03-31": "0.00", "2014-12-31": "0.00", "2014-09-30": "0.00", "2014-06-30": "0.00", "2014-03-31": "0.00", "2013-12-31": "0.00", "2013-09-30": "0.00", "2013-06-30": "0.00", "2013-03-31": "0.00", "2012-12-31": "0.00", "2012-09-30": "0.00", "2011-12-31": "0.00", "2010-12-31": "0.00"}, "debt equity ratio": {"current": "2.02", "2020-09-30": "2.18", "2020-06-30": "2.14", "2020-03-31": "2.25", "2019-12-31": "1.97", "2019-09-30": "1.96", "2019-06-30": "1.97", "2019-03-31": "1.93", "2018-12-31": "1.91", "2018-09-30": "1.96", "2018-06-30": "2.10", "2018-03-31": "2.14", "2017-12-31": "2.15", "2017-09-30": "2.15", "2017-06-30": "2.19", "2017-03-31": "2.20", "2016-12-31": "2.18", "2016-09-30": "2.22", "2016-06-30": "2.25", "2016-03-31": "2.26", "2015-12-31": "2.25", "2015-09-30": "2.25", "2015-06-30": "2.26", "2015-03-31": "2.27", "2014-12-31": "2.25", "2014-09-30": "2.24", "2014-06-30": "2.22", "2014-03-31": "2.21", "2013-12-31": "2.10", "2013-09-30": "3.42", "2013-06-30": "0.00", "2013-03-31": "0.00", "2012-12-31": "0.00", "2012-09-30": "0.00", "2011-12-31": "3.08", "2010-12-31": "0.00"}, "return on equity": {"2020-09-30": "5.89%", "2020-06-30": "7.81%", "2020-03-31": "9.95%", "2019-12-31": "9.95%", "2019-09-30": "10.44%", "2019-06-30": "12.67%", "2019-03-31": "12.96%", "2018-12-31": "12.81%", "2018-09-30": "12.45%", "2018-06-30": "10.18%", "2018-03-31": "9.96%", "2017-12-31": "10.29%", "2017-09-30": "11.06%", "2017-06-30": "10.19%", "2017-03-31": "9.83%", "2016-12-31": "9.43%", "2016-09-30": "8.13%", "2016-06-30": "7.99%", "2016-03-31": "7.62%", "2015-12-31": "6.57%", "2015-09-30": "5.45%", "2015-06-30": "4.51%", "2015-03-31": "3.43%", "2014-12-31": "2.91%", "2014-09-30": "1.71%", "2014-06-30": "0.24%", "2014-03-31": "-2.78%", "2013-12-31": "-6.87%", "2013-06-30": "inf%"}, "return on assets": {"2020-09-30": "1.88%", "2020-06-30": "2.54%", "2020-03-31": "3.28%", "2019-12-31": "3.36%", "2019-09-30": "3.55%", "2019-06-30": "4.31%", "2019-03-31": "4.36%", "2018-12-31": "4.23%", "2018-09-30": "4.03%", "2018-06-30": "3.25%", "2018-03-31": "3.16%", "2017-12-31": "3.24%", "2017-09-30": "3.48%", "2017-06-30": "3.19%", "2017-03-31": "3.06%", "2016-12-31": "2.92%", "2016-09-30": "2.50%", "2016-06-30": "2.46%", "2016-03-31": "2.34%", "2015-12-31": "2.02%", "2015-09-30": "1.68%", "2015-06-30": "1.39%", "2015-03-31": "1.06%", "2014-12-31": "0.90%", "2014-09-30": "0.54%", "2014-06-30": "0.07%", "2014-03-31": "-0.80%", "2013-12-31": "-1.90%", "2013-06-30": "inf%"}, "return on investments": {"2020-09-30": "4.19%", "2020-06-30": "4.76%", "2020-03-31": "5.28%", "2019-12-31": "5.42%", "2019-09-30": "5.30%", "2019-06-30": "5.24%", "2019-03-31": "5.17%", "2018-12-31": "5.07%", "2018-09-30": "5.15%", "2018-06-30": "5.12%", "2018-03-31": "5.11%", "2017-12-31": "5.23%", "2017-09-30": "5.34%", "2017-06-30": "5.38%", "2017-03-31": "5.38%", "2016-12-31": "5.37%", "2016-09-30": "5.22%", "2016-06-30": "5.17%", "2016-03-31": "5.11%", "2015-12-31": "4.79%", "2015-09-30": "4.67%", "2015-06-30": "4.52%", "2015-03-31": "4.40%", "2014-12-31": "4.40%", "2014-09-30": "3.92%", "2014-06-30": "3.74%", "2014-03-31": "4.67%", "2013-12-31": "6.49%", "2013-06-30": "inf%"}, "return on tangible equity": {"2020-09-30": "5.89%", "2020-06-30": "7.81%", "2020-03-31": "9.95%", "2019-12-31": "9.95%", "2019-09-30": "10.44%", "2019-06-30": "12.67%", "2019-03-31": "12.96%", "2018-12-31": "12.81%", "2018-09-30": "12.45%", "2018-06-30": "10.18%", "2018-03-31": "9.96%", "2017-12-31": "10.29%", "2017-09-30": "11.06%", "2017-06-30": "10.19%", "2017-03-31": "9.83%", "2016-12-31": "9.43%", "2016-09-30": "8.13%", "2016-06-30": "7.99%", "2016-03-31": "7.62%", "2015-12-31": "6.57%", "2015-09-30": "5.45%", "2015-06-30": "4.51%", "2015-03-31": "3.43%", "2014-12-31": "2.91%", "2014-09-30": "1.71%", "2014-06-30": "0.24%", "2014-03-31": "-2.78%", "2013-12-31": "-6.87%", "2013-06-30": "inf%"}, "dividend yield history": {"last payout": "$0.86", "last yield": "4.89%"}}