{"ticker": "BRK.B", "price": {"title": "Berkshire Hathaway Historical Annual Stock Price Data", "value": 239.92, "historical": {"2021": {"Average Stock Price": "233.0426", "Year Open": "228.4500", "Year High": "239.9200", "Year Low": "227.3600", "Year Close": "239.9200", "Annual % Change": "3.47%"}, "2020": {"Average Stock Price": "205.0102", "Year Open": "228.3900", "Year High": "233.9200", "Year Low": "162.1300", "Year Close": "231.8700", "Annual % Change": "2.37%"}, "2019": {"Average Stock Price": "208.0724", "Year Open": "202.8000", "Year High": "227.0500", "Year Low": "191.6600", "Year Close": "226.5000", "Annual % Change": "10.93%"}, "2018": {"Average Stock Price": "203.5278", "Year Open": "197.2200", "Year High": "223.7600", "Year Low": "184.9100", "Year Close": "204.1800", "Annual % Change": "3.01%"}, "2017": {"Average Stock Price": "175.0900", "Year Open": "163.8300", "Year High": "199.5600", "Year Low": "158.8100", "Year Close": "198.2200", "Annual % Change": "21.62%"}, "2016": {"Average Stock Price": "144.0327", "Year Open": "130.7500", "Year High": "166.6200", "Year Low": "124.1300", "Year Close": "162.9800", "Annual % Change": "23.43%"}, "2015": {"Average Stock Price": "140.1510", "Year Open": "149.1700", "Year High": "151.3700", "Year Low": "127.7400", "Year Close": "132.0400", "Annual % Change": "-12.06%"}, "2014": {"Average Stock Price": "130.4217", "Year Open": "117.5000", "Year High": "152.6700", "Year Low": "108.7800", "Year Close": "150.1500", "Annual % Change": "26.64%"}, "2013": {"Average Stock Price": "110.1793", "Year Open": "93.2000", "Year High": "118.9400", "Year Low": "93.2000", "Year Close": "118.5600", "Annual % Change": "32.17%"}, "2012": {"Average Stock Price": "83.3940", "Year Open": "77.6800", "Year High": "90.6900", "Year Low": "76.2900", "Year Close": "89.7000", "Annual % Change": "17.56%"}, "2011": {"Average Stock Price": "77.5811", "Year Open": "80.4100", "Year High": "87.2800", "Year Low": "66.0000", "Year Close": "76.3000", "Annual % Change": "-4.76%"}, "2010": {"Average Stock Price": "78.5048", "Year Open": "66.2200", "Year High": "83.7200", "Year Low": "64.9400", "Year Close": "80.1100", "Annual % Change": "21.90%"}, "2009": {"Average Stock Price": "61.5164", "Year Open": "66.4600", "Year High": "70.8000", "Year Low": "46.0000", "Year Close": "65.7200", "Annual % Change": "2.24%"}, "2008": {"Average Stock Price": "81.3388", "Year Open": "92.1000", "Year High": "95.9000", "Year Low": "52.4000", "Year Close": "64.2800", "Annual % Change": "-32.14%"}, "2007": {"Average Stock Price": "77.4825", "Year Open": "72.8600", "Year High": "99.7000", "Year Low": "69.5800", "Year Close": "94.7200", "Annual % Change": "29.19%"}, "2006": {"Average Stock Price": "62.8331", "Year Open": "59.3000", "Year High": "76.0000", "Year Low": "57.0000", "Year Close": "73.3200", "Annual % Change": "24.89%"}, "2005": {"Average Stock Price": "57.1608", "Year Open": "57.9800", "Year High": "61.1600", "Year Low": "53.4980", "Year Close": "58.7100", "Annual % Change": "-0.02%"}, "2004": {"Average Stock Price": "58.7913", "Year Open": "56.0600", "Year High": "63.6800", "Year Low": "54.0600", "Year Close": "58.7200", "Annual % Change": "4.30%"}, "2003": {"Average Stock Price": "48.9149", "Year Open": "47.8800", "Year High": "56.3000", "Year Low": "40.7000", "Year Close": "56.3000", "Annual % Change": "16.18%"}, "2002": {"Average Stock Price": "48.1575", "Year Open": "49.6800", "Year High": "52.1200", "Year Low": "40.0000", "Year Close": "48.4600", "Annual % Change": "-4.04%"}, "2001": {"Average Stock Price": "45.7601", "Year Open": "48.2200", "Year High": "50.5000", "Year Low": "40.9600", "Year Close": "50.5000", "Annual % Change": "7.26%"}, "2000": {"Average Stock Price": "37.4158", "Year Open": "35.3000", "Year High": "47.0800", "Year Low": "27.4000", "Year Close": "47.0800", "Annual % Change": "28.63%"}, "1999": {"Average Stock Price": "43.3619", "Year Open": "46.6000", "Year High": "52.8400", "Year Low": "34.2000", "Year Close": "36.6000", "Annual % Change": "-22.13%"}, "1998": {"Average Stock Price": "43.5209", "Year Open": "30.5800", "Year High": "54.1000", "Year Low": "30.5800", "Year Close": "47.0000", "Annual % Change": "52.70%"}, "1997": {"Average Stock Price": "27.9832", "Year Open": "21.9400", "Year High": "32.4600", "Year Low": "21.9200", "Year Close": "30.7800", "Annual % Change": "38.40%"}}}, "market cap": {"value": "$562.52B"}, "income statement": {"Revenue": {"2019-12-31": "254616.00000", "2018-12-31": "247837.00000", "2017-12-31": "239933.00000", "2016-12-31": "215114.00000", "2015-12-31": "210943.00000", "2014-12-31": "194699.00000", "2013-12-31": "182150.00000", "2012-12-31": "162463.00000", "2011-12-31": "143688.00000", "2010-12-31": "136185.00000", "2009-12-31": "112493.00000", "2008-12-31": "107786.00000", "2007-12-31": "118245.00000", "2006-12-31": "98539.00000", "2005-12-31": "81663.00000"}, "Cost Of Goods Sold": {"2019-12-31": "60642.00000", "2018-12-31": "55398.00000", "2017-12-31": "63830.00000", "2016-12-31": "43750.00000", "2015-12-31": "39457.00000", "2014-12-31": "38585.00000", "2013-12-31": "33595.00000", "2012-12-31": "32920.00000", "2011-12-31": "31827.00000", "2010-12-31": "28736.00000", "2009-12-31": "26424.00000", "2008-12-31": "22835.00000", "2007-12-31": "28409.00000", "2006-12-31": "20126.00000", "2005-12-31": "21944.00000"}, "Gross Profit": {"2019-12-31": "193974.00000", "2018-12-31": "192439.00000", "2017-12-31": "176103.00000", "2016-12-31": "171364.00000", "2015-12-31": "171486.00000", "2014-12-31": "156114.00000", "2013-12-31": "148555.00000", "2012-12-31": "129543.00000", "2011-12-31": "111861.00000", "2010-12-31": "107449.00000", "2009-12-31": "86069.00000", "2008-12-31": "84951.00000", "2007-12-31": "89836.00000", "2006-12-31": "78413.00000", "2005-12-31": "59719.00000"}, "Research And Development Expenses": {"2019-12-31": "", "2018-12-31": "", "2017-12-31": "", "2016-12-31": "", "2015-12-31": "", "2014-12-31": "", "2013-12-31": "", "2012-12-31": "", "2011-12-31": "", "2010-12-31": "", "2009-12-31": "", "2008-12-31": "", "2007-12-31": "", "2006-12-31": "", "2005-12-31": ""}, "SG&A Expenses": {"2019-12-31": "34758.00000", "2018-12-31": "34283.00000", "2017-12-31": "33220.00000", "2016-12-31": "31107.00000", "2015-12-31": "15309.00000", "2014-12-31": "13721.00000", "2013-12-31": "13282.00000", "2012-12-31": "11870.00000", "2011-12-31": "8670.00000", "2010-12-31": "7704.00000", "2009-12-31": "8117.00000", "2008-12-31": "8052.00000", "2007-12-31": "7098.00000", "2006-12-31": "5932.00000", "2005-12-31": "5328.00000"}, "Other Operating Income Or Expenses": {"2019-12-31": "-122340.00000", "2018-12-31": "-121785.00000", "2017-12-31": "-116570.00000", "2016-12-31": "-109673.00000", "2015-12-31": "-117594.00000", "2014-12-31": "-111009.00000", "2013-12-31": "-103676.00000", "2012-12-31": "-92693.00000", "2011-12-31": "-82575.00000", "2010-12-31": "-75222.00000", "2009-12-31": "-61386.00000", "2008-12-31": "-63943.00000", "2007-12-31": "-57173.00000", "2006-12-31": "-50605.00000", "2005-12-31": "-38288.00000"}, "Operating Expenses": {"2019-12-31": "145133.00000", "2018-12-31": "233921.00000", "2017-12-31": "211492.00000", "2016-12-31": "176226.00000", "2015-12-31": "172360.00000", "2014-12-31": "163315.00000", "2013-12-31": "150553.00000", "2012-12-31": "137483.00000", "2011-12-31": "123072.00000", "2010-12-31": "111662.00000", "2009-12-31": "95927.00000", "2008-12-31": "94830.00000", "2007-12-31": "92680.00000", "2006-12-31": "76663.00000", "2005-12-31": "65560.00000"}, "Operating Income": {"2019-12-31": "109483.00000", "2018-12-31": "13916.00000", "2017-12-31": "28441.00000", "2016-12-31": "38888.00000", "2015-12-31": "38583.00000", "2014-12-31": "31384.00000", "2013-12-31": "31597.00000", "2012-12-31": "24980.00000", "2011-12-31": "20616.00000", "2010-12-31": "24523.00000", "2009-12-31": "16566.00000", "2008-12-31": "12956.00000", "2007-12-31": "25565.00000", "2006-12-31": "21876.00000", "2005-12-31": "16103.00000"}, "Total Non-Operating Income/Expense": {"2019-12-31": "-7963.00000", "2018-12-31": "-7748.00000", "2017-12-31": "-7617.00000", "2016-12-31": "-6330.00000", "2015-12-31": "-3637.00000", "2014-12-31": "-3279.00000", "2013-12-31": "-2801.00000", "2012-12-31": "-2744.00000", "2011-12-31": "-5302.00000", "2010-12-31": "-5472.00000", "2009-12-31": "-5014.00000", "2008-12-31": "-5382.00000", "2007-12-31": "-5404.00000", "2006-12-31": "-5098.00000", "2005-12-31": "-3312.00000"}, "Pre-Tax Income": {"2019-12-31": "101520.00000", "2018-12-31": "6168.00000", "2017-12-31": "20824.00000", "2016-12-31": "32558.00000", "2015-12-31": "34946.00000", "2014-12-31": "28105.00000", "2013-12-31": "28796.00000", "2012-12-31": "22236.00000", "2011-12-31": "15314.00000", "2010-12-31": "19051.00000", "2009-12-31": "11552.00000", "2008-12-31": "7574.00000", "2007-12-31": "20161.00000", "2006-12-31": "16778.00000", "2005-12-31": "12791.00000"}, "Income Taxes": {"2019-12-31": "20904.00000", "2018-12-31": "-321.00000", "2017-12-31": "-21515.00000", "2016-12-31": "9240.00000", "2015-12-31": "10532.00000", "2014-12-31": "7935.00000", "2013-12-31": "8951.00000", "2012-12-31": "6924.00000", "2011-12-31": "4568.00000", "2010-12-31": "5607.00000", "2009-12-31": "3538.00000", "2008-12-31": "1978.00000", "2007-12-31": "6594.00000", "2006-12-31": "5505.00000", "2005-12-31": "4159.00000"}, "Income After Taxes": {"2019-12-31": "80616.00000", "2018-12-31": "6489.00000", "2017-12-31": "42339.00000", "2016-12-31": "23318.00000", "2015-12-31": "24414.00000", "2014-12-31": "20170.00000", "2013-12-31": "19845.00000", "2012-12-31": "15312.00000", "2011-12-31": "10746.00000", "2010-12-31": "13444.00000", "2009-12-31": "8014.00000", "2008-12-31": "5596.00000", "2007-12-31": "13567.00000", "2006-12-31": "11273.00000", "2005-12-31": "8632.00000"}, "Other Income": {"2019-12-31": "", "2018-12-31": "", "2017-12-31": "", "2016-12-31": "", "2015-12-31": "", "2014-12-31": "", "2013-12-31": "", "2012-12-31": "", "2011-12-31": "", "2010-12-31": "", "2009-12-31": "", "2008-12-31": "", "2007-12-31": "", "2006-12-31": "", "2005-12-31": ""}, "Income From Continuous Operations": {"2019-12-31": "81792.00000", "2018-12-31": "4322.00000", "2017-12-31": "45353.00000", "2016-12-31": "24427.00000", "2015-12-31": "24414.00000", "2014-12-31": "20170.00000", "2013-12-31": "19845.00000", "2012-12-31": "15312.00000", "2011-12-31": "10746.00000", "2010-12-31": "13494.00000", "2009-12-31": "8441.00000", "2008-12-31": "5596.00000", "2007-12-31": "13567.00000", "2006-12-31": "11015.00000", "2005-12-31": "8528.00000"}, "Income From Discontinued Operations": {"2019-12-31": "", "2018-12-31": "", "2017-12-31": "", "2016-12-31": "", "2015-12-31": "", "2014-12-31": "", "2013-12-31": "", "2012-12-31": "", "2011-12-31": "", "2010-12-31": "", "2009-12-31": "", "2008-12-31": "", "2007-12-31": "", "2006-12-31": "", "2005-12-31": ""}, "Net Income": {"2019-12-31": "81417.00000", "2018-12-31": "4021.00000", "2017-12-31": "44940.00000", "2016-12-31": "24074.00000", "2015-12-31": "24083.00000", "2014-12-31": "19872.00000", "2013-12-31": "19476.00000", "2012-12-31": "14824.00000", "2011-12-31": "10254.00000", "2010-12-31": "12967.00000", "2009-12-31": "8055.00000", "2008-12-31": "4994.00000", "2007-12-31": "13213.00000", "2006-12-31": "11015.00000", "2005-12-31": "8528.00000"}, "EBITDA": {"2019-12-31": "192154.00000", "2018-12-31": "1240.00000", "2017-12-31": "39757.00000", "2016-12-31": "56093.00000", "2015-12-31": "46362.00000", "2014-12-31": "38754.00000", "2013-12-31": "38105.00000", "2012-12-31": "31134.00000", "2011-12-31": "26108.00000", "2010-12-31": "28802.00000", "2009-12-31": "19693.00000", "2008-12-31": "15766.00000", "2007-12-31": "27972.00000", "2006-12-31": "23942.00000", "2005-12-31": "17085.00000"}, "EBIT": {"2019-12-31": "182090.00000", "2018-12-31": "-8539.00000", "2017-12-31": "30569.00000", "2016-12-31": "47192.00000", "2015-12-31": "38583.00000", "2014-12-31": "31384.00000", "2013-12-31": "31597.00000", "2012-12-31": "24980.00000", "2011-12-31": "20616.00000", "2010-12-31": "24523.00000", "2009-12-31": "16566.00000", "2008-12-31": "12956.00000", "2007-12-31": "25565.00000", "2006-12-31": "21876.00000", "2005-12-31": "16103.00000"}, "Basic Shares Outstanding": {"2019-12-31": "2452.55300", "2018-12-31": "2467.33600", "2017-12-31": "2468.56800", "2016-12-31": "2467.38300", "2015-12-31": "2466.41700", "2014-12-31": "2466.82700", "2013-12-31": "2468.70700", "2012-12-31": "2478.59200", "2011-12-31": "2476.48600", "2010-12-31": "2455.12700", "2009-12-31": "2328.31200", "2008-12-31": "2324.98900", "2007-12-31": "2320.17200", "2006-12-31": "2389.80100", "2005-12-31": "2386.65100"}, "Shares Outstanding": {"2019-12-31": "2452.55300", "2018-12-31": "2467.33600", "2017-12-31": "2468.56800", "2016-12-31": "2467.38300", "2015-12-31": "2466.41700", "2014-12-31": "2466.82800", "2013-12-31": "2468.70700", "2012-12-31": "2478.59200", "2011-12-31": "2476.48600", "2010-12-31": "2455.12700", "2009-12-31": "2328.31200", "2008-12-31": "2324.98900", "2007-12-31": "2320.17200", "2006-12-31": "2389.80100", "2005-12-31": "2386.65100"}, "Basic EPS": {"2019-12-31": "33.19680", "2018-12-31": "1.62970", "2017-12-31": "18.20490", "2016-12-31": "9.75690", "2015-12-31": "9.76000", "2014-12-31": "8.05570", "2013-12-31": "7.89440", "2012-12-31": "5.98080", "2011-12-31": "4.14050", "2010-12-31": "5.28160", "2009-12-31": "3.45960", "2008-12-31": "2.14800", "2007-12-31": "5.69480", "2006-12-31": "4.60920", "2005-12-31": "3.57320"}, "EPS - Earnings Per Share": {"2019-12-31": "33.19680", "2018-12-31": "1.62970", "2017-12-31": "18.20490", "2016-12-31": "9.75690", "2015-12-31": "9.76000", "2014-12-31": "8.05570", "2013-12-31": "7.89440", "2012-12-31": "5.98080", "2011-12-31": "4.14050", "2010-12-31": "5.28160", "2009-12-31": "3.45960", "2008-12-31": "2.14800", "2007-12-31": "5.69480", "2006-12-31": "4.60920", "2005-12-31": "3.57320"}}, "income statement, quarterly": {"Revenue": {"2020-09-30": "63024.00000", "2020-06-30": "56840.00000", "2020-03-31": "61265.00000", "2019-12-31": "65368.00000", "2019-09-30": "64972.00000", "2019-06-30": "63598.00000", "2019-03-31": "60678.00000", "2018-12-31": "63714.00000", "2018-09-30": "63450.00000", "2018-06-30": "62200.00000", "2018-03-31": "58473.00000", "2017-12-31": "58800.00000", "2017-09-30": "59507.00000", "2017-06-30": "57256.00000", "2017-03-31": "64370.00000", "2016-12-31": "49854.00000", "2016-09-30": "58843.00000", "2016-06-30": "54254.00000", "2016-03-31": "52163.00000", "2015-12-31": "51942.00000", "2015-09-30": "58989.00000", "2015-06-30": "51368.00000", "2015-03-31": "48644.00000", "2014-12-31": "48285.00000", "2014-09-30": "51199.00000", "2014-06-30": "49762.00000", "2014-03-31": "45453.00000", "2013-12-31": "47049.00000", "2013-09-30": "46541.00000", "2013-06-30": "44693.00000", "2013-03-31": "43867.00000", "2012-12-31": "44720.00000", "2012-09-30": "41050.00000", "2012-06-30": "38546.00000", "2012-03-31": "38147.00000", "2011-12-31": "37955.00000", "2011-09-30": "33739.00000", "2011-06-30": "38274.00000", "2011-03-31": "33720.00000", "2010-12-31": "36165.00000", "2010-09-30": "36274.00000", "2010-06-30": "31709.00000", "2010-03-31": "32037.00000", "2009-12-31": "30198.00000", "2009-09-30": "29904.00000", "2009-06-30": "29607.00000", "2009-03-31": "22784.00000", "2008-12-31": "24592.00000", "2008-09-30": "27926.00000", "2008-06-30": "30093.00000", "2008-03-31": "25175.00000", "2007-12-31": "28043.00000", "2007-09-30": "29937.00000", "2007-06-30": "27347.00000", "2007-03-31": "32918.00000", "2006-12-31": "26231.00000", "2006-09-30": "25360.00000", "2006-06-30": "24185.00000", "2006-03-31": "22763.00000", "2005-12-31": "25368.00000", "2005-09-30": "20533.00000", "2005-06-30": "18128.00000", "2005-03-31": "17634.00000"}, "Cost Of Goods Sold": {"2020-09-30": "16206.00000", "2020-06-30": "14540.00000", "2020-03-31": "15286.00000", "2019-12-31": "17663.00000", "2019-09-30": "14742.00000", "2019-06-30": "14403.00000", "2019-03-31": "13834.00000", "2018-12-31": "15870.00000", "2018-09-30": "13732.00000", "2018-06-30": "12942.00000", "2018-03-31": "12854.00000", "2017-12-31": "13753.00000", "2017-09-30": "15557.00000", "2017-06-30": "12388.00000", "2017-03-31": "22132.00000", "2016-12-31": "11730.00000", "2016-09-30": "10955.00000", "2016-06-30": "10289.00000", "2016-03-31": "10776.00000", "2015-12-31": "10345.00000", "2015-09-30": "9871.00000", "2015-06-30": "10448.00000", "2015-03-31": "8793.00000", "2014-12-31": "9457.00000", "2014-09-30": "11742.00000", "2014-06-30": "8685.00000", "2014-03-31": "8701.00000", "2013-12-31": "8611.00000", "2013-09-30": "9007.00000", "2013-06-30": "7989.00000", "2013-03-31": "7988.00000", "2012-12-31": "9226.00000", "2012-09-30": "8243.00000", "2012-06-30": "7471.00000", "2012-03-31": "7980.00000", "2011-12-31": "8161.00000", "2011-09-30": "5950.00000", "2011-06-30": "8958.00000", "2011-03-31": "8758.00000", "2010-12-31": "6758.00000", "2010-09-30": "8749.00000", "2010-06-30": "6148.00000", "2010-03-31": "7081.00000", "2009-12-31": "6106.00000", "2009-09-30": "6061.00000", "2009-06-30": "6387.00000", "2009-03-31": "7870.00000", "2008-12-31": "4898.00000", "2008-09-30": "6339.00000", "2008-06-30": "5671.00000", "2008-03-31": "5927.00000", "2007-12-31": "5578.00000", "2007-09-30": "5268.00000", "2007-06-30": "4976.00000", "2007-03-31": "12587.00000", "2006-12-31": "4924.00000", "2006-09-30": "4932.00000", "2006-06-30": "5259.00000", "2006-03-31": "5011.00000", "2005-12-31": "4911.00000", "2005-09-30": "7576.00000", "2005-06-30": "4618.00000", "2005-03-31": "4839.00000"}, "Gross Profit": {"2020-09-30": "46818.00000", "2020-06-30": "42300.00000", "2020-03-31": "45979.00000", "2019-12-31": "47705.00000", "2019-09-30": "50230.00000", "2019-06-30": "49195.00000", "2019-03-31": "46844.00000", "2018-12-31": "47844.00000", "2018-09-30": "49718.00000", "2018-06-30": "49258.00000", "2018-03-31": "45619.00000", "2017-12-31": "45047.00000", "2017-09-30": "43950.00000", "2017-06-30": "44868.00000", "2017-03-31": "42238.00000", "2016-12-31": "38124.00000", "2016-09-30": "47888.00000", "2016-06-30": "43965.00000", "2016-03-31": "41387.00000", "2015-12-31": "41597.00000", "2015-09-30": "49118.00000", "2015-06-30": "40920.00000", "2015-03-31": "39851.00000", "2014-12-31": "38828.00000", "2014-09-30": "39457.00000", "2014-06-30": "41077.00000", "2014-03-31": "36752.00000", "2013-12-31": "38438.00000", "2013-09-30": "37534.00000", "2013-06-30": "36704.00000", "2013-03-31": "35879.00000", "2012-12-31": "35494.00000", "2012-09-30": "32807.00000", "2012-06-30": "31075.00000", "2012-03-31": "30167.00000", "2011-12-31": "29794.00000", "2011-09-30": "27789.00000", "2011-06-30": "29316.00000", "2011-03-31": "24962.00000", "2010-12-31": "29407.00000", "2010-09-30": "27525.00000", "2010-06-30": "25561.00000", "2010-03-31": "24956.00000", "2009-12-31": "24092.00000", "2009-09-30": "23843.00000", "2009-06-30": "23220.00000", "2009-03-31": "14914.00000", "2008-12-31": "19694.00000", "2008-09-30": "21587.00000", "2008-06-30": "24422.00000", "2008-03-31": "19248.00000", "2007-12-31": "22465.00000", "2007-09-30": "24669.00000", "2007-06-30": "22371.00000", "2007-03-31": "20331.00000", "2006-12-31": "21307.00000", "2006-09-30": "20428.00000", "2006-06-30": "18926.00000", "2006-03-31": "17752.00000", "2005-12-31": "20457.00000", "2005-09-30": "12957.00000", "2005-06-30": "13510.00000", "2005-03-31": "12795.00000"}, "Research And Development Expenses": {"2020-09-30": "", "2020-06-30": "", "2020-03-31": "", "2019-12-31": "", "2019-09-30": "", "2019-06-30": "", "2019-03-31": "", "2018-12-31": "", "2018-09-30": "", "2018-06-30": "", "2018-03-31": "", "2017-12-31": "", "2017-09-30": "", "2017-06-30": "", "2017-03-31": "", "2016-12-31": "", "2016-09-30": "", "2016-06-30": "", "2016-03-31": "", "2015-12-31": "", "2015-09-30": "", "2015-06-30": "", "2015-03-31": "", "2014-12-31": "", "2014-09-30": "", "2014-06-30": "", "2014-03-31": "", "2013-12-31": "", "2013-09-30": "", "2013-06-30": "", "2013-03-31": "", "2012-12-31": "", "2012-09-30": "", "2012-06-30": "", "2012-03-31": "", "2011-12-31": "", "2011-09-30": "", "2011-06-30": "", "2011-03-31": "", "2010-12-31": "", "2010-09-30": "", "2010-06-30": "", "2010-03-31": "", "2009-12-31": "", "2009-09-30": "", "2009-06-30": "", "2009-03-31": "", "2008-12-31": "", "2008-09-30": "", "2008-06-30": "", "2008-03-31": "", "2007-12-31": "", "2007-09-30": "", "2007-06-30": "", "2007-03-31": "", "2006-12-31": "", "2006-09-30": "", "2006-06-30": "", "2006-03-31": "", "2005-12-31": "", "2005-09-30": "", "2005-06-30": "", "2005-03-31": ""}, "SG&A Expenses": {"2020-09-30": "8342.00000", "2020-06-30": "7523.00000", "2020-03-31": "8064.00000", "2019-12-31": "9407.00000", "2019-09-30": "8223.00000", "2019-06-30": "8714.00000", "2019-03-31": "8414.00000", "2018-12-31": "9011.00000", "2018-09-30": "8506.00000", "2018-06-30": "8206.00000", "2018-03-31": "8560.00000", "2017-12-31": "19677.00000", "2017-09-30": "4496.00000", "2017-06-30": "4489.00000", "2017-03-31": "4558.00000", "2016-12-31": "18059.00000", "2016-09-30": "4424.00000", "2016-06-30": "4509.00000", "2016-03-31": "4115.00000", "2015-12-31": "3956.00000", "2015-09-30": "4130.00000", "2015-06-30": "3780.00000", "2015-03-31": "3443.00000", "2014-12-31": "3683.00000", "2014-09-30": "3384.00000", "2014-06-30": "3389.00000", "2014-03-31": "3265.00000", "2013-12-31": "3539.00000", "2013-09-30": "3248.00000", "2013-06-30": "3285.00000", "2013-03-31": "3210.00000", "2012-12-31": "4393.00000", "2012-09-30": "2573.00000", "2012-06-30": "2476.00000", "2012-03-31": "2428.00000", "2011-12-31": "2408.00000", "2011-09-30": "2105.00000", "2011-06-30": "2122.00000", "2011-03-31": "2035.00000", "2010-12-31": "2054.00000", "2010-09-30": "1896.00000", "2010-06-30": "1915.00000", "2010-03-31": "1839.00000", "2009-12-31": "2066.00000", "2009-09-30": "2015.00000", "2009-06-30": "2073.00000", "2009-03-31": "1963.00000", "2008-12-31": "2282.00000", "2008-09-30": "1861.00000", "2008-06-30": "2049.00000", "2008-03-31": "1860.00000", "2007-12-31": "1964.00000", "2007-09-30": "1732.00000", "2007-06-30": "1761.00000", "2007-03-31": "1641.00000", "2006-12-31": "1554.00000", "2006-09-30": "1560.00000", "2006-06-30": "1440.00000", "2006-03-31": "1378.00000", "2005-12-31": "1506.00000", "2005-09-30": "1289.00000", "2005-06-30": "1242.00000", "2005-03-31": "1291.00000"}, "Other Operating Income Or Expenses": {"2020-09-30": "-29912.00000", "2020-06-30": "-26468.00000", "2020-03-31": "-29116.00000", "2019-12-31": "-31043.00000", "2019-09-30": "-30941.00000", "2019-06-30": "-30727.00000", "2019-03-31": "-29629.00000", "2018-12-31": "-30945.00000", "2018-09-30": "-31043.00000", "2018-06-30": "-30553.00000", "2018-03-31": "-29244.00000", "2017-12-31": "-17407.00000", "2017-09-30": "-33861.00000", "2017-06-30": "-33321.00000", "2017-03-31": "-31981.00000", "2016-12-31": "-16106.00000", "2016-09-30": "-32121.00000", "2016-06-30": "-31563.00000", "2016-03-31": "-29883.00000", "2015-12-31": "-29330.00000", "2015-09-30": "-30051.00000", "2015-06-30": "-30327.00000", "2015-03-31": "-27886.00000", "2014-12-31": "-28448.00000", "2014-09-30": "-28506.00000", "2014-06-30": "-27948.00000", "2014-03-31": "-26107.00000", "2013-12-31": "-26949.00000", "2013-09-30": "-26202.00000", "2013-06-30": "-25837.00000", "2013-03-31": "-24688.00000", "2012-12-31": "-25717.00000", "2012-09-30": "-22922.00000", "2012-06-30": "-22588.00000", "2012-03-31": "-21466.00000", "2011-12-31": "-21582.00000", "2011-09-30": "-20956.00000", "2011-06-30": "-20606.00000", "2011-03-31": "-19431.00000", "2010-12-31": "-19542.00000", "2010-09-30": "-19690.00000", "2010-06-30": "-19252.00000", "2010-03-31": "-16738.00000", "2009-12-31": "-16296.00000", "2009-09-30": "-15694.00000", "2009-06-30": "-15083.00000", "2009-03-31": "-14313.00000", "2008-12-31": "-15951.00000", "2008-09-30": "-16784.00000", "2008-06-30": "-16516.00000", "2008-03-31": "-14692.00000", "2007-12-31": "-14735.00000", "2007-09-30": "-14692.00000", "2007-06-30": "-14393.00000", "2007-03-31": "-13353.00000", "2006-12-31": "-13167.00000", "2006-09-30": "-13277.00000", "2006-06-30": "-12584.00000", "2006-03-31": "-11577.00000", "2005-12-31": "-10202.00000", "2005-09-30": "-9973.00000", "2005-06-30": "-9279.00000", "2005-03-31": "-8834.00000"}, "Operating Expenses": {"2020-09-30": "22903.00000", "2020-06-30": "8446.00000", "2020-03-31": "122741.00000", "2019-12-31": "26802.00000", "2019-09-30": "42980.00000", "2019-06-30": "43796.00000", "2019-03-31": "31555.00000", "2018-12-31": "91334.00000", "2018-09-30": "38575.00000", "2018-06-30": "45339.00000", "2018-03-31": "58673.00000", "2017-12-31": "50674.00000", "2017-09-30": "52949.00000", "2017-06-30": "49973.00000", "2017-03-31": "57896.00000", "2016-12-31": "37591.00000", "2016-09-30": "47500.00000", "2016-06-30": "46361.00000", "2016-03-31": "44774.00000", "2015-12-31": "43631.00000", "2015-09-30": "44052.00000", "2015-06-30": "44555.00000", "2015-03-31": "40122.00000", "2014-12-31": "41588.00000", "2014-09-30": "43632.00000", "2014-06-30": "40022.00000", "2014-03-31": "38073.00000", "2013-12-31": "39099.00000", "2013-09-30": "38457.00000", "2013-06-30": "37111.00000", "2013-03-31": "35886.00000", "2012-12-31": "39336.00000", "2012-09-30": "33738.00000", "2012-06-30": "32535.00000", "2012-03-31": "31874.00000", "2011-12-31": "32151.00000", "2011-09-30": "29011.00000", "2011-06-30": "31686.00000", "2011-03-31": "30224.00000", "2010-12-31": "28354.00000", "2010-09-30": "30335.00000", "2010-06-30": "27315.00000", "2010-03-31": "25658.00000", "2009-12-31": "24468.00000", "2009-09-30": "23770.00000", "2009-06-30": "23543.00000", "2009-03-31": "24146.00000", "2008-12-31": "23131.00000", "2008-09-30": "24984.00000", "2008-06-30": "24236.00000", "2008-03-31": "22479.00000", "2007-12-31": "22277.00000", "2007-09-30": "21692.00000", "2007-06-30": "21130.00000", "2007-03-31": "27581.00000", "2006-12-31": "19645.00000", "2006-09-30": "19769.00000", "2006-06-30": "19283.00000", "2006-03-31": "17966.00000", "2005-12-31": "16619.00000", "2005-09-30": "18838.00000", "2005-06-30": "15139.00000", "2005-03-31": "14964.00000"}, "Operating Income": {"2020-09-30": "40121.00000", "2020-06-30": "48394.00000", "2020-03-31": "-61476.00000", "2019-12-31": "38566.00000", "2019-09-30": "21992.00000", "2019-06-30": "19802.00000", "2019-03-31": "29123.00000", "2018-12-31": "-27620.00000", "2018-09-30": "24875.00000", "2018-06-30": "16861.00000", "2018-03-31": "-200.00000", "2017-12-31": "8126.00000", "2017-09-30": "6558.00000", "2017-06-30": "7283.00000", "2017-03-31": "6474.00000", "2016-12-31": "12263.00000", "2016-09-30": "11343.00000", "2016-06-30": "7893.00000", "2016-03-31": "7389.00000", "2015-12-31": "8311.00000", "2015-09-30": "14937.00000", "2015-06-30": "6813.00000", "2015-03-31": "8522.00000", "2014-12-31": "6697.00000", "2014-09-30": "7567.00000", "2014-06-30": "9740.00000", "2014-03-31": "7380.00000", "2013-12-31": "7950.00000", "2013-09-30": "8084.00000", "2013-06-30": "7582.00000", "2013-03-31": "7981.00000", "2012-12-31": "5384.00000", "2012-09-30": "7312.00000", "2012-06-30": "6011.00000", "2012-03-31": "6273.00000", "2011-12-31": "5804.00000", "2011-09-30": "4728.00000", "2011-06-30": "6588.00000", "2011-03-31": "3496.00000", "2010-12-31": "7811.00000", "2010-09-30": "5939.00000", "2010-06-30": "4394.00000", "2010-03-31": "6379.00000", "2009-12-31": "5730.00000", "2009-09-30": "6134.00000", "2009-06-30": "6064.00000", "2009-03-31": "-1362.00000", "2008-12-31": "1461.00000", "2008-09-30": "2942.00000", "2008-06-30": "5857.00000", "2008-03-31": "2696.00000", "2007-12-31": "5766.00000", "2007-09-30": "8245.00000", "2007-06-30": "6217.00000", "2007-03-31": "5337.00000", "2006-12-31": "6586.00000", "2006-09-30": "5591.00000", "2006-06-30": "4902.00000", "2006-03-31": "4797.00000", "2005-12-31": "8749.00000", "2005-09-30": "1695.00000", "2005-06-30": "2989.00000", "2005-03-31": "2670.00000"}, "Total Non-Operating Income/Expense": {"2020-09-30": "-2481.00000", "2020-06-30": "-12728.00000", "2020-03-31": "-1573.00000", "2019-12-31": "-2173.00000", "2019-09-30": "-2147.00000", "2019-06-30": "-2167.00000", "2019-03-31": "-1476.00000", "2018-12-31": "-2618.00000", "2018-09-30": "-2044.00000", "2018-06-30": "-1763.00000", "2018-03-31": "-1323.00000", "2017-12-31": "-4403.00000", "2017-09-30": "-928.00000", "2017-06-30": "-1500.00000", "2017-03-31": "-786.00000", "2016-12-31": "-4058.00000", "2016-09-30": "-818.00000", "2016-06-30": "-521.00000", "2016-03-31": "-933.00000", "2015-12-31": "-930.00000", "2015-09-30": "-865.00000", "2015-06-30": "-967.00000", "2015-03-31": "-875.00000", "2014-12-31": "-856.00000", "2014-09-30": "-817.00000", "2014-06-30": "-824.00000", "2014-03-31": "-782.00000", "2013-12-31": "-718.00000", "2013-09-30": "-706.00000", "2013-06-30": "-691.00000", "2013-03-31": "-686.00000", "2012-12-31": "1370.00000", "2012-09-30": "-1376.00000", "2012-06-30": "-1396.00000", "2012-03-31": "-1342.00000", "2011-12-31": "-1352.00000", "2011-09-30": "-1365.00000", "2011-06-30": "-1323.00000", "2011-03-31": "-1262.00000", "2010-12-31": "-1330.00000", "2010-09-30": "-1405.00000", "2010-06-30": "-1456.00000", "2010-03-31": "-1281.00000", "2009-12-31": "-1265.00000", "2009-09-30": "-1295.00000", "2009-06-30": "-1273.00000", "2009-03-31": "-1181.00000", "2008-12-31": "-1313.00000", "2008-09-30": "-1440.00000", "2008-06-30": "-1386.00000", "2008-03-31": "-1243.00000", "2007-12-31": "-1340.00000", "2007-09-30": "-1398.00000", "2007-06-30": "-1401.00000", "2007-03-31": "-1265.00000", "2006-12-31": "-1324.00000", "2006-09-30": "-1290.00000", "2006-06-30": "-1300.00000", "2006-03-31": "-1184.00000", "2005-12-31": "-920.00000", "2005-09-30": "-860.00000", "2005-06-30": "-835.00000", "2005-03-31": "-697.00000"}, "Pre-Tax Income": {"2020-09-30": "37640.00000", "2020-06-30": "35666.00000", "2020-03-31": "-63049.00000", "2019-12-31": "36393.00000", "2019-09-30": "19845.00000", "2019-06-30": "17635.00000", "2019-03-31": "27647.00000", "2018-12-31": "-30238.00000", "2018-09-30": "22831.00000", "2018-06-30": "15098.00000", "2018-03-31": "-1523.00000", "2017-12-31": "3723.00000", "2017-09-30": "5630.00000", "2017-06-30": "5783.00000", "2017-03-31": "5688.00000", "2016-12-31": "8205.00000", "2016-09-30": "10525.00000", "2016-06-30": "7372.00000", "2016-03-31": "6456.00000", "2015-12-31": "7381.00000", "2015-09-30": "14072.00000", "2015-06-30": "5846.00000", "2015-03-31": "7647.00000", "2014-12-31": "5841.00000", "2014-09-30": "6750.00000", "2014-06-30": "8916.00000", "2014-03-31": "6598.00000", "2013-12-31": "7232.00000", "2013-09-30": "7378.00000", "2013-06-30": "6891.00000", "2013-03-31": "7295.00000", "2012-12-31": "6754.00000", "2012-09-30": "5936.00000", "2012-06-30": "4615.00000", "2012-03-31": "4931.00000", "2011-12-31": "4452.00000", "2011-09-30": "3363.00000", "2011-06-30": "5265.00000", "2011-03-31": "2234.00000", "2010-12-31": "6481.00000", "2010-09-30": "4534.00000", "2010-06-30": "2938.00000", "2010-03-31": "5098.00000", "2009-12-31": "4465.00000", "2009-09-30": "4839.00000", "2009-06-30": "4791.00000", "2009-03-31": "-2543.00000", "2008-12-31": "148.00000", "2008-09-30": "1502.00000", "2008-06-30": "4471.00000", "2008-03-31": "1453.00000", "2007-12-31": "4426.00000", "2007-09-30": "6847.00000", "2007-06-30": "4816.00000", "2007-03-31": "4072.00000", "2006-12-31": "5262.00000", "2006-09-30": "4301.00000", "2006-06-30": "3602.00000", "2006-03-31": "3613.00000", "2005-12-31": "7829.00000", "2005-09-30": "835.00000", "2005-06-30": "2154.00000", "2005-03-31": "1973.00000"}, "Income Taxes": {"2020-09-30": "7517.00000", "2020-06-30": "9002.00000", "2020-03-31": "-13352.00000", "2019-12-31": "7571.00000", "2019-09-30": "3832.00000", "2019-06-30": "3586.00000", "2019-03-31": "5915.00000", "2018-12-31": "-7330.00000", "2018-09-30": "4440.00000", "2018-06-30": "3021.00000", "2018-03-31": "-452.00000", "2017-12-31": "-26265.00000", "2017-09-30": "1427.00000", "2017-06-30": "1774.00000", "2017-03-31": "1549.00000", "2016-12-31": "2959.00000", "2016-09-30": "3192.00000", "2016-06-30": "2290.00000", "2016-03-31": "799.00000", "2015-12-31": "1834.00000", "2015-09-30": "4545.00000", "2015-06-30": "1739.00000", "2015-03-31": "2414.00000", "2014-12-31": "1623.00000", "2014-09-30": "2029.00000", "2014-06-30": "2458.00000", "2014-03-31": "1825.00000", "2013-12-31": "2169.00000", "2013-09-30": "2225.00000", "2013-06-30": "2279.00000", "2013-03-31": "2278.00000", "2012-12-31": "2093.00000", "2012-09-30": "1882.00000", "2012-06-30": "1384.00000", "2012-03-31": "1565.00000", "2011-12-31": "1261.00000", "2011-09-30": "953.00000", "2011-06-30": "1725.00000", "2011-03-31": "629.00000", "2010-12-31": "2008.00000", "2010-09-30": "1415.00000", "2010-06-30": "848.00000", "2010-03-31": "1336.00000", "2009-12-31": "1431.00000", "2009-09-30": "1601.00000", "2009-06-30": "1520.00000", "2009-03-31": "-1014.00000", "2008-12-31": "-167.00000", "2008-09-30": "294.00000", "2008-06-30": "1443.00000", "2008-03-31": "408.00000", "2007-12-31": "1392.00000", "2007-09-30": "2197.00000", "2007-06-30": "1617.00000", "2007-03-31": "1388.00000", "2006-12-31": "1604.00000", "2006-09-30": "1451.00000", "2006-06-30": "1208.00000", "2006-03-31": "1242.00000", "2005-12-31": "2636.00000", "2005-09-30": "232.00000", "2005-06-30": "691.00000", "2005-03-31": "600.00000"}, "Income After Taxes": {"2020-09-30": "30123.00000", "2020-06-30": "26664.00000", "2020-03-31": "-49697.00000", "2019-12-31": "28822.00000", "2019-09-30": "16013.00000", "2019-06-30": "14049.00000", "2019-03-31": "21732.00000", "2018-12-31": "-22908.00000", "2018-09-30": "18391.00000", "2018-06-30": "12077.00000", "2018-03-31": "-1071.00000", "2017-12-31": "29988.00000", "2017-09-30": "4203.00000", "2017-06-30": "4009.00000", "2017-03-31": "4139.00000", "2016-12-31": "5246.00000", "2016-09-30": "7333.00000", "2016-06-30": "5082.00000", "2016-03-31": "5657.00000", "2015-12-31": "5547.00000", "2015-09-30": "9527.00000", "2015-06-30": "4107.00000", "2015-03-31": "5233.00000", "2014-12-31": "4218.00000", "2014-09-30": "4721.00000", "2014-06-30": "6458.00000", "2014-03-31": "4773.00000", "2013-12-31": "5063.00000", "2013-09-30": "5153.00000", "2013-06-30": "4612.00000", "2013-03-31": "5017.00000", "2012-12-31": "4661.00000", "2012-09-30": "4054.00000", "2012-06-30": "3231.00000", "2012-03-31": "3366.00000", "2011-12-31": "3191.00000", "2011-09-30": "2410.00000", "2011-06-30": "3540.00000", "2011-03-31": "1605.00000", "2010-12-31": "4473.00000", "2010-09-30": "3119.00000", "2010-06-30": "2090.00000", "2010-03-31": "3762.00000", "2009-12-31": "3034.00000", "2009-09-30": "3238.00000", "2009-06-30": "3271.00000", "2009-03-31": "-1529.00000", "2008-12-31": "315.00000", "2008-09-30": "1208.00000", "2008-06-30": "3028.00000", "2008-03-31": "1045.00000", "2007-12-31": "3034.00000", "2007-09-30": "4650.00000", "2007-06-30": "3199.00000", "2007-03-31": "2684.00000", "2006-12-31": "3658.00000", "2006-09-30": "2850.00000", "2006-06-30": "2394.00000", "2006-03-31": "2371.00000", "2005-12-31": "5193.00000", "2005-09-30": "603.00000", "2005-06-30": "1463.00000", "2005-03-31": "1373.00000"}, "Other Income": {"2020-09-30": "", "2020-06-30": "", "2020-03-31": "", "2019-12-31": "", "2019-09-30": "", "2019-06-30": "", "2019-03-31": "", "2018-12-31": "", "2018-09-30": "", "2018-06-30": "", "2018-03-31": "", "2017-12-31": "", "2017-09-30": "", "2017-06-30": "", "2017-03-31": "", "2016-12-31": "", "2016-09-30": "", "2016-06-30": "", "2016-03-31": "", "2015-12-31": "", "2015-09-30": "", "2015-06-30": "", "2015-03-31": "", "2014-12-31": "", "2014-09-30": "", "2014-06-30": "", "2014-03-31": "", "2013-12-31": "", "2013-09-30": "", "2013-06-30": "", "2013-03-31": "", "2012-12-31": "", "2012-09-30": "", "2012-06-30": "", "2012-03-31": "", "2011-12-31": "", "2011-09-30": "", "2011-06-30": "", "2011-03-31": "", "2010-12-31": "", "2010-09-30": "", "2010-06-30": "", "2010-03-31": "", "2009-12-31": "", "2009-09-30": "", "2009-06-30": "", "2009-03-31": "", "2008-12-31": "", "2008-09-30": "", "2008-06-30": "", "2008-03-31": "", "2007-12-31": "", "2007-09-30": "", "2007-06-30": "", "2007-03-31": "", "2006-12-31": "", "2006-09-30": "", "2006-06-30": "", "2006-03-31": "", "2005-12-31": "", "2005-09-30": "", "2005-06-30": "", "2005-03-31": ""}, "Income From Continuous Operations": {"2020-09-30": "30413.00000", "2020-06-30": "26407.00000", "2020-03-31": "-49697.00000", "2019-12-31": "29230.00000", "2019-09-30": "16657.00000", "2019-06-30": "14173.00000", "2019-03-31": "21732.00000", "2018-12-31": "-25391.00000", "2018-09-30": "18707.00000", "2018-06-30": "12077.00000", "2018-03-31": "-1071.00000", "2017-12-31": "32656.00000", "2017-09-30": "4203.00000", "2017-06-30": "4355.00000", "2017-03-31": "4139.00000", "2016-12-31": "6355.00000", "2016-09-30": "7333.00000", "2016-06-30": "5082.00000", "2016-03-31": "5657.00000", "2015-12-31": "5547.00000", "2015-09-30": "9527.00000", "2015-06-30": "4107.00000", "2015-03-31": "5233.00000", "2014-12-31": "4218.00000", "2014-09-30": "4721.00000", "2014-06-30": "6458.00000", "2014-03-31": "4773.00000", "2013-12-31": "5063.00000", "2013-09-30": "5153.00000", "2013-06-30": "4612.00000", "2013-03-31": "5017.00000", "2012-12-31": "4661.00000", "2012-09-30": "4054.00000", "2012-06-30": "3231.00000", "2012-03-31": "3366.00000", "2011-12-31": "3191.00000", "2011-09-30": "2410.00000", "2011-06-30": "3540.00000", "2011-03-31": "1605.00000", "2010-12-31": "4473.00000", "2010-09-30": "3119.00000", "2010-06-30": "2090.00000", "2010-03-31": "3812.00000", "2009-12-31": "3154.00000", "2009-09-30": "3349.00000", "2009-06-30": "3384.00000", "2009-03-31": "-1446.00000", "2008-12-31": "315.00000", "2008-09-30": "1208.00000", "2008-06-30": "3028.00000", "2008-03-31": "1045.00000", "2007-12-31": "3301.00000", "2007-09-30": "4553.00000", "2007-06-30": "3118.00000", "2007-03-31": "2595.00000", "2006-12-31": "3583.00000", "2006-09-30": "2772.00000", "2006-06-30": "2347.00000", "2006-03-31": "2313.00000", "2005-12-31": "5130.00000", "2005-09-30": "586.00000", "2005-06-30": "1449.00000", "2005-03-31": "1363.00000"}, "Income From Discontinued Operations": {"2020-09-30": "", "2020-06-30": "", "2020-03-31": "", "2019-12-31": "", "2019-09-30": "", "2019-06-30": "", "2019-03-31": "", "2018-12-31": "", "2018-09-30": "", "2018-06-30": "", "2018-03-31": "", "2017-12-31": "", "2017-09-30": "", "2017-06-30": "", "2017-03-31": "", "2016-12-31": "", "2016-09-30": "", "2016-06-30": "", "2016-03-31": "", "2015-12-31": "", "2015-09-30": "", "2015-06-30": "", "2015-03-31": "", "2014-12-31": "", "2014-09-30": "", "2014-06-30": "", "2014-03-31": "", "2013-12-31": "", "2013-09-30": "", "2013-06-30": "", "2013-03-31": "", "2012-12-31": "", "2012-09-30": "", "2012-06-30": "", "2012-03-31": "", "2011-12-31": "", "2011-09-30": "", "2011-06-30": "", "2011-03-31": "", "2010-12-31": "", "2010-09-30": "", "2010-06-30": "", "2010-03-31": "", "2009-12-31": "", "2009-09-30": "", "2009-06-30": "", "2009-03-31": "", "2008-12-31": "", "2008-09-30": "", "2008-06-30": "", "2008-03-31": "", "2007-12-31": "", "2007-09-30": "", "2007-06-30": "", "2007-03-31": "", "2006-12-31": "", "2006-09-30": "", "2006-06-30": "", "2006-03-31": "", "2005-12-31": "", "2005-09-30": "", "2005-06-30": "", "2005-03-31": ""}, "Net Income": {"2020-09-30": "30137.00000", "2020-06-30": "26295.00000", "2020-03-31": "-49746.00000", "2019-12-31": "29159.00000", "2019-09-30": "16524.00000", "2019-06-30": "14073.00000", "2019-03-31": "21661.00000", "2018-12-31": "-25392.00000", "2018-09-30": "18540.00000", "2018-06-30": "12011.00000", "2018-03-31": "-1138.00000", "2017-12-31": "32551.00000", "2017-09-30": "4067.00000", "2017-06-30": "4262.00000", "2017-03-31": "4060.00000", "2016-12-31": "6286.00000", "2016-09-30": "7198.00000", "2016-06-30": "5001.00000", "2016-03-31": "5589.00000", "2015-12-31": "5478.00000", "2015-09-30": "9428.00000", "2015-06-30": "4013.00000", "2015-03-31": "5164.00000", "2014-12-31": "4155.00000", "2014-09-30": "4617.00000", "2014-06-30": "6395.00000", "2014-03-31": "4705.00000", "2013-12-31": "4990.00000", "2013-09-30": "5053.00000", "2013-06-30": "4541.00000", "2013-03-31": "4892.00000", "2012-12-31": "4551.00000", "2012-09-30": "3920.00000", "2012-06-30": "3108.00000", "2012-03-31": "3245.00000", "2011-12-31": "3048.00000", "2011-09-30": "2278.00000", "2011-06-30": "3417.00000", "2011-03-31": "1511.00000", "2010-12-31": "4377.00000", "2010-09-30": "2989.00000", "2010-06-30": "1968.00000", "2010-03-31": "3633.00000", "2009-12-31": "3056.00000", "2009-09-30": "3238.00000", "2009-06-30": "3295.00000", "2009-03-31": "-1534.00000", "2008-12-31": "117.00000", "2008-09-30": "1057.00000", "2008-06-30": "2880.00000", "2008-03-31": "940.00000", "2007-12-31": "2947.00000", "2007-09-30": "4553.00000", "2007-06-30": "3118.00000", "2007-03-31": "2595.00000", "2006-12-31": "3583.00000", "2006-09-30": "2772.00000", "2006-06-30": "2347.00000", "2006-03-31": "2313.00000", "2005-12-31": "5130.00000", "2005-09-30": "586.00000", "2005-06-30": "1449.00000", "2005-03-31": "1363.00000"}, "EBITDA": {"2020-09-30": "74286.00000", "2020-06-30": "91003.00000", "2020-03-31": "-129166.00000", "2019-12-31": "72534.00000", "2019-09-30": "35452.00000", "2019-06-30": "32306.00000", "2019-03-31": "51862.00000", "2018-12-31": "-60518.00000", "2018-09-30": "41976.00000", "2018-06-30": "25610.00000", "2018-03-31": "-5828.00000", "2017-12-31": "10642.00000", "2017-09-30": "9819.00000", "2017-06-30": "9804.00000", "2017-03-31": "9492.00000", "2016-12-31": "14559.00000", "2016-09-30": "13589.00000", "2016-06-30": "10127.00000", "2016-03-31": "9514.00000", "2015-12-31": "10289.00000", "2015-09-30": "16926.00000", "2015-06-30": "8754.00000", "2015-03-31": "10393.00000", "2014-12-31": "8631.00000", "2014-09-30": "9421.00000", "2014-06-30": "11550.00000", "2014-03-31": "9152.00000", "2013-12-31": "9625.00000", "2013-09-30": "9700.00000", "2013-06-30": "9198.00000", "2013-03-31": "9582.00000", "2012-12-31": "7724.00000", "2012-09-30": "8608.00000", "2012-06-30": "7276.00000", "2012-03-31": "7526.00000", "2011-12-31": "7878.00000", "2011-09-30": "5870.00000", "2011-06-30": "7729.00000", "2011-03-31": "4631.00000", "2010-12-31": "8981.00000", "2010-09-30": "7033.00000", "2010-06-30": "5494.00000", "2010-03-31": "7294.00000", "2009-12-31": "6542.00000", "2009-09-30": "6913.00000", "2009-06-30": "6842.00000", "2009-03-31": "-604.00000", "2008-12-31": "2200.00000", "2008-09-30": "2942.00000", "2008-06-30": "5857.00000", "2008-03-31": "2696.00000", "2007-12-31": "5766.00000", "2007-09-30": "8245.00000", "2007-06-30": "6217.00000", "2007-03-31": "5337.00000", "2006-12-31": "6586.00000", "2006-09-30": "5591.00000", "2006-06-30": "4902.00000", "2006-03-31": "4797.00000", "2005-12-31": "8749.00000", "2005-09-30": "1695.00000", "2005-06-30": "2989.00000", "2005-03-31": "2670.00000"}, "EBIT": {"2020-09-30": "71703.00000", "2020-06-30": "88479.00000", "2020-03-31": "-131751.00000", "2019-12-31": "69877.00000", "2019-09-30": "32918.00000", "2019-06-30": "29850.00000", "2019-03-31": "49445.00000", "2018-12-31": "-63128.00000", "2018-09-30": "39581.00000", "2018-06-30": "23223.00000", "2018-03-31": "-8215.00000", "2017-12-31": "8289.00000", "2017-09-30": "7523.00000", "2017-06-30": "7508.00000", "2017-03-31": "7249.00000", "2016-12-31": "20567.00000", "2016-09-30": "11343.00000", "2016-06-30": "7893.00000", "2016-03-31": "7389.00000", "2015-12-31": "8311.00000", "2015-09-30": "14937.00000", "2015-06-30": "6813.00000", "2015-03-31": "8522.00000", "2014-12-31": "6697.00000", "2014-09-30": "7567.00000", "2014-06-30": "9740.00000", "2014-03-31": "7380.00000", "2013-12-31": "7950.00000", "2013-09-30": "8084.00000", "2013-06-30": "7582.00000", "2013-03-31": "7981.00000", "2012-12-31": "5384.00000", "2012-09-30": "7312.00000", "2012-06-30": "6011.00000", "2012-03-31": "6273.00000", "2011-12-31": "5804.00000", "2011-09-30": "4728.00000", "2011-06-30": "6588.00000", "2011-03-31": "3496.00000", "2010-12-31": "7811.00000", "2010-09-30": "5939.00000", "2010-06-30": "4394.00000", "2010-03-31": "6379.00000", "2009-12-31": "5730.00000", "2009-09-30": "6134.00000", "2009-06-30": "6064.00000", "2009-03-31": "-1362.00000", "2008-12-31": "1461.00000", "2008-09-30": "2942.00000", "2008-06-30": "5857.00000", "2008-03-31": "2696.00000", "2007-12-31": "5766.00000", "2007-09-30": "8245.00000", "2007-06-30": "6217.00000", "2007-03-31": "5337.00000", "2006-12-31": "6586.00000", "2006-09-30": "5591.00000", "2006-06-30": "4902.00000", "2006-03-31": "4797.00000", "2005-12-31": "8749.00000", "2005-09-30": "1695.00000", "2005-06-30": "2989.00000", "2005-03-31": "2670.00000"}, "Basic Shares Outstanding": {"2020-09-30": "2381.63300", "2020-06-30": "2419.25200", "2020-03-31": "2435.95600", "2019-12-31": "2452.55300", "2019-09-30": "2451.13500", "2019-06-30": "2454.07700", "2019-03-31": "2461.37200", "2018-12-31": "2467.33600", "2018-09-30": "2466.97700", "2018-06-30": "2469.23100", "2018-03-31": "2469.08200", "2017-12-31": "2468.56800", "2017-09-30": "1332.95000", "2017-06-30": "2468.51500", "2017-03-31": "2468.28100", "2016-12-31": "2467.38300", "2016-09-30": "2467.51300", "2016-06-30": "2467.26100", "2016-03-31": "2466.87400", "2015-12-31": "2466.41700", "2015-09-30": "2466.61700", "2015-06-30": "2466.26900", "2015-03-31": "2466.06900", "2014-12-31": "2466.82700", "2014-09-30": "2465.47900", "2014-06-30": "2468.19900", "2014-03-31": "2467.73300", "2013-12-31": "2468.70700", "2013-09-30": "2467.31200", "2013-06-30": "2467.04200", "2013-03-31": "2466.41500", "2012-12-31": "2478.59200", "2012-09-30": "2479.92800", "2012-06-30": "2478.91800", "2012-03-31": "2478.06700", "2011-12-31": "2476.48600", "2011-09-30": "2478.58600", "2011-06-30": "2475.22700", "2011-03-31": "2474.26500", "2010-12-31": "2455.12700", "2010-09-30": "2473.03700", "2010-06-30": "2472.41000", "2010-03-31": "2400.35000", "2009-12-31": "2328.31200", "2009-09-30": "2329.14200", "2009-06-30": "2329.13800", "2009-03-31": "2325.77400", "2008-12-31": "2324.98900", "2008-09-30": "2401.30000", "2008-06-30": "2400.92200", "2008-03-31": "2400.01200", "2007-12-31": "2320.17200", "2007-09-30": "2398.42000", "2007-06-30": "2395.06900", "2007-03-31": "2391.35400", "2006-12-31": "2389.80100", "2006-09-30": "2390.62800", "2006-06-30": "2389.54300", "2006-03-31": "2388.44900", "2005-12-31": "2386.65100", "2005-09-30": "2386.84200", "2005-06-30": "2386.46500", "2005-03-31": "2385.60500"}, "Shares Outstanding": {"2020-09-30": "2381.63300", "2020-06-30": "2419.25200", "2020-03-31": "2435.95600", "2019-12-31": "2452.55300", "2019-09-30": "2451.13500", "2019-06-30": "2454.07700", "2019-03-31": "2461.37200", "2018-12-31": "2467.33600", "2018-09-30": "2466.97700", "2018-06-30": "2469.23100", "2018-03-31": "2469.08200", "2017-12-31": "2468.56800", "2017-09-30": "1332.95000", "2017-06-30": "2468.51500", "2017-03-31": "2468.28100", "2016-12-31": "2467.38300", "2016-09-30": "2467.51300", "2016-06-30": "2467.26100", "2016-03-31": "2466.87400", "2015-12-31": "2466.41700", "2015-09-30": "2466.61700", "2015-06-30": "2466.26900", "2015-03-31": "2466.06900", "2014-12-31": "2466.82800", "2014-09-30": "2465.47900", "2014-06-30": "2468.19900", "2014-03-31": "2467.73200", "2013-12-31": "2468.70700", "2013-09-30": "2467.31200", "2013-06-30": "2467.04200", "2013-03-31": "2466.41500", "2012-12-31": "2478.59200", "2012-09-30": "2479.92800", "2012-06-30": "2478.91800", "2012-03-31": "2478.06700", "2011-12-31": "2476.48600", "2011-09-30": "2478.58600", "2011-06-30": "2475.22700", "2011-03-31": "2474.26500", "2010-12-31": "2455.12700", "2010-09-30": "2473.03700", "2010-06-30": "2472.41000", "2010-03-31": "2400.35000", "2009-12-31": "2328.31200", "2009-09-30": "2329.14200", "2009-06-30": "2329.13800", "2009-03-31": "2325.77400", "2008-12-31": "2324.98900", "2008-09-30": "2401.30000", "2008-06-30": "2400.92200", "2008-03-31": "2400.01200", "2007-12-31": "2320.17200", "2007-09-30": "2398.42000", "2007-06-30": "2395.06900", "2007-03-31": "2391.35400", "2006-12-31": "2389.80100", "2006-09-30": "2390.62800", "2006-06-30": "2389.54300", "2006-03-31": "2388.44900", "2005-12-31": "2386.65100", "2005-09-30": "2386.84200", "2005-06-30": "2386.46500", "2005-03-31": "2385.60500"}, "Basic EPS": {"2020-09-30": "12.65300", "2020-06-30": "10.86910", "2020-03-31": "-20.42000", "2019-12-31": "11.92230", "2019-09-30": "6.74000", "2019-06-30": "5.73450", "2019-03-31": "8.80000", "2018-12-31": "-10.29370", "2018-09-30": "7.52000", "2018-06-30": "4.86430", "2018-03-31": "-0.46090", "2017-12-31": "11.25190", "2017-09-30": "3.58150", "2017-06-30": "1.72650", "2017-03-31": "1.64490", "2016-12-31": "2.54740", "2016-09-30": "2.91700", "2016-06-30": "2.02690", "2016-03-31": "2.26560", "2015-12-31": "2.21660", "2015-09-30": "3.82220", "2015-06-30": "1.62720", "2015-03-31": "2.09400", "2014-12-31": "1.68550", "2014-09-30": "1.87270", "2014-06-30": "2.59100", "2014-03-31": "1.90660", "2013-12-31": "2.02230", "2013-09-30": "2.04800", "2013-06-30": "1.84070", "2013-03-31": "1.98340", "2012-12-31": "1.83690", "2012-09-30": "1.58070", "2012-06-30": "1.25380", "2012-03-31": "1.30950", "2011-12-31": "1.23030", "2011-09-30": "0.91910", "2011-06-30": "1.38050", "2011-03-31": "0.61070", "2010-12-31": "1.76350", "2010-09-30": "1.20860", "2010-06-30": "0.79600", "2010-03-31": "1.51350", "2009-12-31": "1.31430", "2009-09-30": "1.39020", "2009-06-30": "1.41470", "2009-03-31": "-0.65960", "2008-12-31": "0.11660", "2008-09-30": "0.44020", "2008-06-30": "1.19950", "2008-03-31": "0.39170", "2007-12-31": "1.40950", "2007-09-30": "1.89830", "2007-06-30": "1.30180", "2007-03-31": "1.08520", "2006-12-31": "1.49890", "2006-09-30": "1.15970", "2006-06-30": "0.98220", "2006-03-31": "0.96840", "2005-12-31": "2.14920", "2005-09-30": "0.24550", "2005-06-30": "0.60720", "2005-03-31": "0.57130"}, "EPS - Earnings Per Share": {"2020-09-30": "12.65300", "2020-06-30": "10.86910", "2020-03-31": "-20.42000", "2019-12-31": "11.92230", "2019-09-30": "6.74000", "2019-06-30": "5.73450", "2019-03-31": "8.80000", "2018-12-31": "-10.29370", "2018-09-30": "7.52000", "2018-06-30": "4.86430", "2018-03-31": "-0.46090", "2017-12-31": "11.25190", "2017-09-30": "3.58150", "2017-06-30": "1.72650", "2017-03-31": "1.64490", "2016-12-31": "2.54740", "2016-09-30": "2.91700", "2016-06-30": "2.02690", "2016-03-31": "2.26560", "2015-12-31": "2.21660", "2015-09-30": "3.82220", "2015-06-30": "1.62720", "2015-03-31": "2.09400", "2014-12-31": "1.68550", "2014-09-30": "1.87270", "2014-06-30": "2.59100", "2014-03-31": "1.90660", "2013-12-31": "2.02230", "2013-09-30": "2.04800", "2013-06-30": "1.84070", "2013-03-31": "1.98340", "2012-12-31": "1.83690", "2012-09-30": "1.58070", "2012-06-30": "1.25380", "2012-03-31": "1.30950", "2011-12-31": "1.23030", "2011-09-30": "0.91910", "2011-06-30": "1.38050", "2011-03-31": "0.61070", "2010-12-31": "1.76350", "2010-09-30": "1.20860", "2010-06-30": "0.79600", "2010-03-31": "1.51350", "2009-12-31": "1.31430", "2009-09-30": "1.39020", "2009-06-30": "1.41470", "2009-03-31": "-0.65960", "2008-12-31": "0.11660", "2008-09-30": "0.44020", "2008-06-30": "1.19950", "2008-03-31": "0.39170", "2007-12-31": "1.40950", "2007-09-30": "1.89830", "2007-06-30": "1.30180", "2007-03-31": "1.08520", "2006-12-31": "1.49890", "2006-09-30": "1.15970", "2006-06-30": "0.98220", "2006-03-31": "0.96840", "2005-12-31": "2.14920", "2005-09-30": "0.24550", "2005-06-30": "0.60720", "2005-03-31": "0.57130"}}, "balance sheet": {"Cash On Hand": {"2019-12-31": "64175.00000", "2018-12-31": "30361.00000", "2017-12-31": "31583.00000", "2016-12-31": "28048.00000", "2015-12-31": "67161.00000", "2014-12-31": "63269.00000", "2013-12-31": "48186.00000", "2012-12-31": "46992.00000", "2011-12-31": "37299.00000", "2010-12-31": "38227.00000", "2009-12-31": "30558.00000", "2008-12-31": "25539.00000", "2007-12-31": "44329.00000", "2006-12-31": "43743.00000", "2005-12-31": "44660.00000"}, "Receivables": {"2019-12-31": "53362.00000", "2018-12-31": "51510.00000", "2017-12-31": "46671.00000", "2016-12-31": "40397.00000", "2015-12-31": "36075.00000", "2014-12-31": "34418.00000", "2013-12-31": "33106.00000", "2012-12-31": "34562.00000", "2011-12-31": "32946.00000", "2010-12-31": "36143.00000", "2009-12-31": "28781.00000", "2008-12-31": "28867.00000", "2007-12-31": "25516.00000", "2006-12-31": "24379.00000", "2005-12-31": "23484.00000"}, "Inventory": {"2019-12-31": "", "2018-12-31": "", "2017-12-31": "", "2016-12-31": "", "2015-12-31": "", "2014-12-31": "", "2013-12-31": "", "2012-12-31": "", "2011-12-31": "", "2010-12-31": "", "2009-12-31": "", "2008-12-31": "", "2007-12-31": "", "2006-12-31": "", "2005-12-31": ""}, "Pre-Paid Expenses": {"2019-12-31": "", "2018-12-31": "", "2017-12-31": "", "2016-12-31": "", "2015-12-31": "", "2014-12-31": "", "2013-12-31": "", "2012-12-31": "", "2011-12-31": "", "2010-12-31": "", "2009-12-31": "", "2008-12-31": "", "2007-12-31": "", "2006-12-31": "", "2005-12-31": ""}, "Other Current Assets": {"2019-12-31": "", "2018-12-31": "", "2017-12-31": "", "2016-12-31": "", "2015-12-31": "", "2014-12-31": "", "2013-12-31": "", "2012-12-31": "", "2011-12-31": "", "2010-12-31": "", "2009-12-31": "", "2008-12-31": "", "2007-12-31": "", "2006-12-31": "", "2005-12-31": ""}, "Total Current Assets": {"2019-12-31": "117537.00000", "2018-12-31": "81871.00000", "2017-12-31": "78254.00000", "2016-12-31": "68445.00000", "2015-12-31": "103236.00000", "2014-12-31": "97687.00000", "2013-12-31": "81292.00000", "2012-12-31": "81554.00000", "2011-12-31": "70245.00000", "2010-12-31": "74370.00000", "2009-12-31": "59339.00000", "2008-12-31": "54406.00000", "2007-12-31": "69845.00000", "2006-12-31": "68122.00000", "2005-12-31": "68144.00000"}, "Property, Plant, And Equipment": {"2019-12-31": "159276.00000", "2018-12-31": "152408.00000", "2017-12-31": "148052.00000", "2016-12-31": "152773.00000", "2015-12-31": "145166.00000", "2014-12-31": "137244.00000", "2013-12-31": "123805.00000", "2012-12-31": "106872.00000", "2011-12-31": "100391.00000", "2010-12-31": "93126.00000", "2009-12-31": "46656.00000", "2008-12-31": "45157.00000", "2007-12-31": "36190.00000", "2006-12-31": "33342.00000", "2005-12-31": "7500.00000"}, "Long-Term Investments": {"2019-12-31": "363104.00000", "2018-12-31": "305784.00000", "2017-12-31": "307455.00000", "2016-12-31": "231934.00000", "2015-12-31": "186321.00000", "2014-12-31": "178209.00000", "2013-12-31": "175817.00000", "2012-12-31": "140287.00000", "2011-12-31": "125172.00000", "2010-12-31": "117711.00000", "2009-12-31": "126293.00000", "2008-12-31": "102240.00000", "2007-12-31": "106570.00000", "2006-12-31": "89845.00000", "2005-12-31": "82704.00000"}, "Goodwill And Intangible Assets": {"2019-12-31": "112933.00000", "2018-12-31": "112524.00000", "2017-12-31": "113776.00000", "2016-12-31": "112967.00000", "2015-12-31": "71856.00000", "2014-12-31": "69917.00000", "2013-12-31": "57011.00000", "2012-12-31": "54523.00000", "2011-12-31": "53213.00000", "2010-12-31": "49006.00000", "2009-12-31": "33972.00000", "2008-12-31": "33781.00000", "2007-12-31": "32862.00000", "2006-12-31": "32238.00000", "2005-12-31": "23644.00000"}, "Other Long-Term Assets": {"2019-12-31": "64879.00000", "2018-12-31": "55207.00000", "2017-12-31": "54558.00000", "2016-12-31": "54735.00000", "2015-12-31": "45678.00000", "2014-12-31": "42810.00000", "2013-12-31": "47006.00000", "2012-12-31": "44216.00000", "2011-12-31": "43626.00000", "2010-12-31": "38016.00000", "2009-12-31": "30859.00000", "2008-12-31": "31815.00000", "2007-12-31": "27693.00000", "2006-12-31": "24890.00000", "2005-12-31": "16333.00000"}, "Total Long-Term Assets": {"2019-12-31": "700192.00000", "2018-12-31": "625923.00000", "2017-12-31": "623841.00000", "2016-12-31": "552409.00000", "2015-12-31": "449021.00000", "2014-12-31": "428180.00000", "2013-12-31": "403639.00000", "2012-12-31": "345898.00000", "2011-12-31": "322402.00000", "2010-12-31": "297859.00000", "2009-12-31": "237780.00000", "2008-12-31": "212993.00000", "2007-12-31": "203315.00000", "2006-12-31": "180315.00000", "2005-12-31": "130181.00000"}, "Total Assets": {"2019-12-31": "817729.00000", "2018-12-31": "707794.00000", "2017-12-31": "702095.00000", "2016-12-31": "620854.00000", "2015-12-31": "552257.00000", "2014-12-31": "525867.00000", "2013-12-31": "484931.00000", "2012-12-31": "427452.00000", "2011-12-31": "392647.00000", "2010-12-31": "372229.00000", "2009-12-31": "297119.00000", "2008-12-31": "267399.00000", "2007-12-31": "273160.00000", "2006-12-31": "248437.00000", "2005-12-31": "198325.00000"}, "Total Current Liabilities": {"2019-12-31": "301084.00000", "2018-12-31": "281693.00000", "2017-12-31": "276197.00000", "2016-12-31": "245259.00000", "2015-12-31": "216512.00000", "2014-12-31": "207128.00000", "2013-12-31": "197376.00000", "2012-12-31": "183437.00000", "2011-12-31": "175743.00000", "2010-12-31": "164572.00000", "2009-12-31": "132840.00000", "2008-12-31": "128800.00000", "2007-12-31": "119958.00000", "2006-12-31": "110765.00000", "2005-12-31": "84943.00000"}, "Long Term Debt": {"2019-12-31": "", "2018-12-31": "", "2017-12-31": "", "2016-12-31": "", "2015-12-31": "", "2014-12-31": "", "2013-12-31": "", "2012-12-31": "", "2011-12-31": "", "2010-12-31": "", "2009-12-31": "", "2008-12-31": "", "2007-12-31": "", "2006-12-31": "", "2005-12-31": ""}, "Other Non-Current Liabilities": {"2019-12-31": "21283.00000", "2018-12-31": "22226.00000", "2017-12-31": "17337.00000", "2016-12-31": "12725.00000", "2015-12-31": "13992.00000", "2014-12-31": "14477.00000", "2013-12-31": "5331.00000", "2012-12-31": "7933.00000", "2011-12-31": "10139.00000", "2010-12-31": "8371.00000", "2009-12-31": "9269.00000", "2008-12-31": "14612.00000", "2007-12-31": "10976.00000", "2006-12-31": "7821.00000", "2005-12-31": "8830.00000"}, "Total Long Term Liabilities": {"2019-12-31": "88082.00000", "2018-12-31": "73601.00000", "2017-12-31": "73944.00000", "2016-12-31": "90167.00000", "2015-12-31": "77118.00000", "2014-12-31": "75712.00000", "2013-12-31": "63070.00000", "2012-12-31": "52427.00000", "2011-12-31": "47943.00000", "2010-12-31": "44723.00000", "2009-12-31": "28494.00000", "2008-12-31": "24892.00000", "2007-12-31": "32469.00000", "2006-12-31": "29253.00000", "2005-12-31": "21898.00000"}, "Total Liabilities": {"2019-12-31": "389166.00000", "2018-12-31": "355294.00000", "2017-12-31": "350141.00000", "2016-12-31": "335426.00000", "2015-12-31": "293630.00000", "2014-12-31": "282840.00000", "2013-12-31": "260446.00000", "2012-12-31": "235864.00000", "2011-12-31": "223686.00000", "2010-12-31": "209295.00000", "2009-12-31": "161334.00000", "2008-12-31": "153692.00000", "2007-12-31": "152427.00000", "2006-12-31": "140018.00000", "2005-12-31": "106841.00000"}, "Common Stock Net": {"2019-12-31": "8.00000", "2018-12-31": "8.00000", "2017-12-31": "8.00000", "2016-12-31": "8.00000", "2015-12-31": "8.00000", "2014-12-31": "8.00000", "2013-12-31": "8.00000", "2012-12-31": "8.00000", "2011-12-31": "8.00000", "2010-12-31": "8.00000", "2009-12-31": "8.00000", "2008-12-31": "8.00000", "2007-12-31": "8.00000", "2006-12-31": "8.00000", "2005-12-31": "8.00000"}, "Retained Earnings (Accumulated Deficit)": {"2019-12-31": "402493.00000", "2018-12-31": "321112.00000", "2017-12-31": "255786.00000", "2016-12-31": "210846.00000", "2015-12-31": "187703.00000", "2014-12-31": "163620.00000", "2013-12-31": "143748.00000", "2012-12-31": "124272.00000", "2011-12-31": "109448.00000", "2010-12-31": "99194.00000", "2009-12-31": "86227.00000", "2008-12-31": "78172.00000", "2007-12-31": "72153.00000", "2006-12-31": "58912.00000", "2005-12-31": "47717.00000"}, "Comprehensive Income": {"2019-12-31": "-5243.00000", "2018-12-31": "-5015.00000", "2017-12-31": "58571.00000", "2016-12-31": "37298.00000", "2015-12-31": "33982.00000", "2014-12-31": "42732.00000", "2013-12-31": "44025.00000", "2012-12-31": "27500.00000", "2011-12-31": "17654.00000", "2010-12-31": "20583.00000", "2009-12-31": "17793.00000", "2008-12-31": "3954.00000", "2007-12-31": "21620.00000", "2006-12-31": "22977.00000", "2005-12-31": "17360.00000"}, "Other Share Holders Equity": {"2019-12-31": "", "2018-12-31": "", "2017-12-31": "", "2016-12-31": "", "2015-12-31": "", "2014-12-31": "", "2013-12-31": "", "2012-12-31": "", "2011-12-31": "", "2010-12-31": "", "2009-12-31": "", "2008-12-31": "", "2007-12-31": "", "2006-12-31": "", "2005-12-31": ""}, "Share Holder Equity": {"2019-12-31": "428563.00000", "2018-12-31": "352500.00000", "2017-12-31": "351954.00000", "2016-12-31": "285428.00000", "2015-12-31": "258627.00000", "2014-12-31": "243027.00000", "2013-12-31": "224485.00000", "2012-12-31": "191588.00000", "2011-12-31": "168961.00000", "2010-12-31": "162934.00000", "2009-12-31": "135785.00000", "2008-12-31": "113707.00000", "2007-12-31": "120733.00000", "2006-12-31": "108419.00000", "2005-12-31": "91484.00000"}, "Total Liabilities And Share Holders Equity": {"2019-12-31": "817729.00000", "2018-12-31": "707794.00000", "2017-12-31": "702095.00000", "2016-12-31": "620854.00000", "2015-12-31": "552257.00000", "2014-12-31": "525867.00000", "2013-12-31": "484931.00000", "2012-12-31": "427452.00000", "2011-12-31": "392647.00000", "2010-12-31": "372229.00000", "2009-12-31": "297119.00000", "2008-12-31": "267399.00000", "2007-12-31": "273160.00000", "2006-12-31": "248437.00000", "2005-12-31": "198325.00000"}}, "balance sheet, quarterly": {"Cash On Hand": {"2020-09-30": "26817.00000", "2020-06-30": "36074.00000", "2020-03-31": "42640.00000", "2019-12-31": "64175.00000", "2019-09-30": "74776.00000", "2019-06-30": "44634.00000", "2019-03-31": "26139.00000", "2018-12-31": "30361.00000", "2018-09-30": "41438.00000", "2018-06-30": "64561.00000", "2018-03-31": "57881.00000", "2017-12-31": "31583.00000", "2017-09-30": "42706.00000", "2017-06-30": "26418.00000", "2017-03-31": "25963.00000", "2016-12-31": "28048.00000", "2016-09-30": "84835.00000", "2016-06-30": "72679.00000", "2016-03-31": "58342.00000", "2015-12-31": "67161.00000", "2015-09-30": "66260.00000", "2015-06-30": "66587.00000", "2015-03-31": "63711.00000", "2014-12-31": "63269.00000", "2014-09-30": "62380.00000", "2014-06-30": "55455.00000", "2014-03-31": "48948.00000", "2013-12-31": "48186.00000", "2013-09-30": "42079.00000", "2013-06-30": "35695.00000", "2013-03-31": "49089.00000", "2012-12-31": "46992.00000", "2012-09-30": "47776.00000", "2012-06-30": "40661.00000", "2012-03-31": "37826.00000", "2011-12-31": "37299.00000", "2011-09-30": "34776.00000", "2011-06-30": "47891.00000", "2011-03-31": "41178.00000", "2010-12-31": "38227.00000", "2010-09-30": "34461.00000", "2010-06-30": "27953.00000", "2010-03-31": "25670.00000", "2009-12-31": "30558.00000", "2009-09-30": "26919.00000", "2009-06-30": "24511.00000", "2009-03-31": "25551.00000", "2008-12-31": "25539.00000", "2008-09-30": "33369.00000", "2008-06-30": "31159.00000", "2008-03-31": "35566.00000", "2007-12-31": "44329.00000", "2007-09-30": "47083.00000", "2007-06-30": "46950.00000", "2007-03-31": "46027.00000", "2006-12-31": "43743.00000", "2006-09-30": "42249.00000", "2006-06-30": "42069.00000", "2006-03-31": "42858.00000", "2005-12-31": "44660.00000", "2005-09-30": "46032.00000", "2005-06-30": "47762.00000", "2005-03-31": "46709.00000"}, "Receivables": {"2020-09-30": "56399.00000", "2020-06-30": "54941.00000", "2020-03-31": "55617.00000", "2019-12-31": "53362.00000", "2019-09-30": "55402.00000", "2019-06-30": "54389.00000", "2019-03-31": "53602.00000", "2018-12-31": "51510.00000", "2018-09-30": "46361.00000", "2018-06-30": "45491.00000", "2018-03-31": "44751.00000", "2017-12-31": "46671.00000", "2017-09-30": "43245.00000", "2017-06-30": "43512.00000", "2017-03-31": "42235.00000", "2016-12-31": "40397.00000", "2016-09-30": "40757.00000", "2016-06-30": "40250.00000", "2016-03-31": "40115.00000", "2015-12-31": "36075.00000", "2015-09-30": "37170.00000", "2015-06-30": "37198.00000", "2015-03-31": "36480.00000", "2014-12-31": "34418.00000", "2014-09-30": "36552.00000", "2014-06-30": "35514.00000", "2014-03-31": "35181.00000", "2013-12-31": "33106.00000", "2013-09-30": "39983.00000", "2013-06-30": "34811.00000", "2013-03-31": "36221.00000", "2012-12-31": "34562.00000", "2012-09-30": "34557.00000", "2012-06-30": "34856.00000", "2012-03-31": "35165.00000", "2011-12-31": "32946.00000", "2011-09-30": "33837.00000", "2011-06-30": "33595.00000", "2011-03-31": "34503.00000", "2010-12-31": "36143.00000", "2010-09-30": "33485.00000", "2010-06-30": "33076.00000", "2010-03-31": "33222.00000", "2009-12-31": "28781.00000", "2009-09-30": "29561.00000", "2009-06-30": "29409.00000", "2009-03-31": "29720.00000", "2008-12-31": "28867.00000", "2008-09-30": "29901.00000", "2008-06-30": "30008.00000", "2008-03-31": "28461.00000", "2007-12-31": "25516.00000", "2007-09-30": "26047.00000", "2007-06-30": "26048.00000", "2007-03-31": "32011.00000", "2006-12-31": "24379.00000", "2006-09-30": "24929.00000", "2006-06-30": "24707.00000", "2006-03-31": "24334.00000", "2005-12-31": "23484.00000", "2005-09-30": "24279.00000", "2005-06-30": "23397.00000", "2005-03-31": "21821.00000"}, "Inventory": {"2020-09-30": "", "2020-06-30": "", "2020-03-31": "", "2019-12-31": "", "2019-09-30": "", "2019-06-30": "", "2019-03-31": "", "2018-12-31": "", "2018-09-30": "", "2018-06-30": "", "2018-03-31": "", "2017-12-31": "", "2017-09-30": "", "2017-06-30": "", "2017-03-31": "", "2016-12-31": "", "2016-09-30": "", "2016-06-30": "", "2016-03-31": "", "2015-12-31": "", "2015-09-30": "", "2015-06-30": "", "2015-03-31": "", "2014-12-31": "", "2014-09-30": "", "2014-06-30": "", "2014-03-31": "", "2013-12-31": "", "2013-09-30": "", "2013-06-30": "", "2013-03-31": "", "2012-12-31": "", "2012-09-30": "", "2012-06-30": "", "2012-03-31": "", "2011-12-31": "", "2011-09-30": "", "2011-06-30": "", "2011-03-31": "", "2010-12-31": "", "2010-09-30": "", "2010-06-30": "", "2010-03-31": "", "2009-12-31": "", "2009-09-30": "", "2009-06-30": "", "2009-03-31": "", "2008-12-31": "", "2008-09-30": "", "2008-06-30": "", "2008-03-31": "", "2007-12-31": "", "2007-09-30": "", "2007-06-30": "", "2007-03-31": "", "2006-12-31": "", "2006-09-30": "", "2006-06-30": "", "2006-03-31": "", "2005-12-31": "", "2005-09-30": "", "2005-06-30": "", "2005-03-31": ""}, "Pre-Paid Expenses": {"2020-09-30": "", "2020-06-30": "", "2020-03-31": "", "2019-12-31": "", "2019-09-30": "", "2019-06-30": "", "2019-03-31": "", "2018-12-31": "", "2018-09-30": "", "2018-06-30": "", "2018-03-31": "", "2017-12-31": "", "2017-09-30": "", "2017-06-30": "", "2017-03-31": "", "2016-12-31": "", "2016-09-30": "", "2016-06-30": "", "2016-03-31": "", "2015-12-31": "", "2015-09-30": "", "2015-06-30": "", "2015-03-31": "", "2014-12-31": "", "2014-09-30": "", "2014-06-30": "", "2014-03-31": "", "2013-12-31": "", "2013-09-30": "", "2013-06-30": "", "2013-03-31": "", "2012-12-31": "", "2012-09-30": "", "2012-06-30": "", "2012-03-31": "", "2011-12-31": "", "2011-09-30": "", "2011-06-30": "", "2011-03-31": "", "2010-12-31": "", "2010-09-30": "", "2010-06-30": "", "2010-03-31": "", "2009-12-31": "", "2009-09-30": "", "2009-06-30": "", "2009-03-31": "", "2008-12-31": "", "2008-09-30": "", "2008-06-30": "", "2008-03-31": "", "2007-12-31": "", "2007-09-30": "", "2007-06-30": "", "2007-03-31": "", "2006-12-31": "", "2006-09-30": "", "2006-06-30": "", "2006-03-31": "", "2005-12-31": "", "2005-09-30": "", "2005-06-30": "", "2005-03-31": ""}, "Other Current Assets": {"2020-09-30": "", "2020-06-30": "", "2020-03-31": "", "2019-12-31": "", "2019-09-30": "", "2019-06-30": "", "2019-03-31": "", "2018-12-31": "", "2018-09-30": "", "2018-06-30": "", "2018-03-31": "", "2017-12-31": "", "2017-09-30": "", "2017-06-30": "", "2017-03-31": "", "2016-12-31": "", "2016-09-30": "", "2016-06-30": "", "2016-03-31": "", "2015-12-31": "", "2015-09-30": "", "2015-06-30": "", "2015-03-31": "", "2014-12-31": "", "2014-09-30": "", "2014-06-30": "", "2014-03-31": "", "2013-12-31": "", "2013-09-30": "", "2013-06-30": "", "2013-03-31": "", "2012-12-31": "", "2012-09-30": "", "2012-06-30": "", "2012-03-31": "", "2011-12-31": "", "2011-09-30": "", "2011-06-30": "", "2011-03-31": "", "2010-12-31": "", "2010-09-30": "", "2010-06-30": "", "2010-03-31": "", "2009-12-31": "", "2009-09-30": "", "2009-06-30": "", "2009-03-31": "", "2008-12-31": "", "2008-09-30": "", "2008-06-30": "", "2008-03-31": "", "2007-12-31": "", "2007-09-30": "", "2007-06-30": "", "2007-03-31": "", "2006-12-31": "", "2006-09-30": "", "2006-06-30": "", "2006-03-31": "", "2005-12-31": "", "2005-09-30": "", "2005-06-30": "", "2005-03-31": ""}, "Total Current Assets": {"2020-09-30": "83216.00000", "2020-06-30": "91015.00000", "2020-03-31": "98257.00000", "2019-12-31": "117537.00000", "2019-09-30": "130178.00000", "2019-06-30": "99023.00000", "2019-03-31": "79741.00000", "2018-12-31": "81871.00000", "2018-09-30": "87799.00000", "2018-06-30": "110052.00000", "2018-03-31": "102632.00000", "2017-12-31": "78254.00000", "2017-09-30": "85951.00000", "2017-06-30": "69930.00000", "2017-03-31": "68198.00000", "2016-12-31": "68445.00000", "2016-09-30": "125592.00000", "2016-06-30": "112929.00000", "2016-03-31": "98457.00000", "2015-12-31": "103236.00000", "2015-09-30": "103430.00000", "2015-06-30": "103785.00000", "2015-03-31": "100191.00000", "2014-12-31": "97687.00000", "2014-09-30": "98932.00000", "2014-06-30": "90969.00000", "2014-03-31": "84129.00000", "2013-12-31": "81292.00000", "2013-09-30": "82062.00000", "2013-06-30": "70506.00000", "2013-03-31": "85310.00000", "2012-12-31": "81554.00000", "2012-09-30": "82333.00000", "2012-06-30": "75517.00000", "2012-03-31": "72991.00000", "2011-12-31": "70245.00000", "2011-09-30": "68613.00000", "2011-06-30": "81486.00000", "2011-03-31": "75681.00000", "2010-12-31": "74370.00000", "2010-09-30": "67946.00000", "2010-06-30": "61029.00000", "2010-03-31": "58892.00000", "2009-12-31": "59339.00000", "2009-09-30": "56480.00000", "2009-06-30": "53920.00000", "2009-03-31": "55271.00000", "2008-12-31": "54406.00000", "2008-09-30": "63270.00000", "2008-06-30": "61167.00000", "2008-03-31": "64027.00000", "2007-12-31": "69845.00000", "2007-09-30": "73130.00000", "2007-06-30": "72998.00000", "2007-03-31": "78038.00000", "2006-12-31": "68122.00000", "2006-09-30": "67178.00000", "2006-06-30": "66776.00000", "2006-03-31": "67192.00000", "2005-12-31": "68144.00000", "2005-09-30": "70311.00000", "2005-06-30": "71159.00000", "2005-03-31": "68530.00000"}, "Property, Plant, And Equipment": {"2020-09-30": "161539.00000", "2020-06-30": "159902.00000", "2020-03-31": "158522.00000", "2019-12-31": "159276.00000", "2019-09-30": "156556.00000", "2019-06-30": "154719.00000", "2019-03-31": "152995.00000", "2018-12-31": "152408.00000", "2018-09-30": "165017.00000", "2018-06-30": "163229.00000", "2018-03-31": "162112.00000", "2017-12-31": "148052.00000", "2017-09-30": "156829.00000", "2017-06-30": "154909.00000", "2017-03-31": "153645.00000", "2016-12-31": "152773.00000", "2016-09-30": "152068.00000", "2016-06-30": "150711.00000", "2016-03-31": "149535.00000", "2015-12-31": "145166.00000", "2015-09-30": "143333.00000", "2015-06-30": "140879.00000", "2015-03-31": "138740.00000", "2014-12-31": "137244.00000", "2014-09-30": "129802.00000", "2014-06-30": "127635.00000", "2014-03-31": "125080.00000", "2013-12-31": "123805.00000", "2013-09-30": "110556.00000", "2013-06-30": "108349.00000", "2013-03-31": "107267.00000", "2012-12-31": "106872.00000", "2012-09-30": "104847.00000", "2012-06-30": "102831.00000", "2012-03-31": "101727.00000", "2011-12-31": "100391.00000", "2011-09-30": "98446.00000", "2011-06-30": "94952.00000", "2011-03-31": "93773.00000", "2010-12-31": "93126.00000", "2010-09-30": "92024.00000", "2010-06-30": "91147.00000", "2010-03-31": "90514.00000", "2009-12-31": "46656.00000", "2009-09-30": "46999.00000", "2009-06-30": "47003.00000", "2009-03-31": "45869.00000", "2008-12-31": "45157.00000", "2008-09-30": "44390.00000", "2008-06-30": "43708.00000", "2008-03-31": "42776.00000", "2007-12-31": "36190.00000", "2007-09-30": "35407.00000", "2007-06-30": "34567.00000", "2007-03-31": "34088.00000", "2006-12-31": "33342.00000", "2006-09-30": "32317.00000", "2006-06-30": "30551.00000", "2006-03-31": "29762.00000", "2005-12-31": "7500.00000", "2005-09-30": "7026.00000", "2005-06-30": "6770.00000", "2005-03-31": "6583.00000"}, "Long-Term Investments": {"2020-09-30": "415524.00000", "2020-06-30": "369201.00000", "2020-03-31": "325710.00000", "2019-12-31": "363104.00000", "2019-09-30": "325070.00000", "2019-06-30": "330172.00000", "2019-03-31": "330952.00000", "2018-12-31": "305784.00000", "2018-09-30": "299155.00000", "2018-06-30": "256625.00000", "2018-03-31": "254946.00000", "2017-12-31": "307455.00000", "2017-09-30": "259459.00000", "2017-06-30": "268293.00000", "2017-03-31": "261049.00000", "2016-12-31": "231934.00000", "2016-09-30": "158910.00000", "2016-06-30": "163245.00000", "2016-03-31": "173016.00000", "2015-12-31": "186321.00000", "2015-09-30": "180365.00000", "2015-06-30": "177253.00000", "2015-03-31": "174347.00000", "2014-12-31": "178209.00000", "2014-09-30": "177376.00000", "2014-06-30": "177256.00000", "2014-03-31": "177883.00000", "2013-12-31": "175817.00000", "2013-09-30": "163435.00000", "2013-06-30": "166157.00000", "2013-03-31": "149192.00000", "2012-12-31": "140287.00000", "2012-09-30": "138676.00000", "2012-06-30": "135390.00000", "2012-03-31": "139102.00000", "2011-12-31": "125172.00000", "2011-09-30": "121792.00000", "2011-06-30": "118156.00000", "2011-03-31": "119385.00000", "2010-12-31": "117711.00000", "2010-09-30": "117077.00000", "2010-06-30": "111544.00000", "2010-03-31": "120975.00000", "2009-12-31": "126293.00000", "2009-09-30": "124362.00000", "2009-06-30": "112327.00000", "2009-03-31": "95875.00000", "2008-12-31": "102240.00000", "2008-09-30": "110301.00000", "2008-06-30": "109408.00000", "2008-03-31": "111193.00000", "2007-12-31": "106570.00000", "2007-09-30": "108114.00000", "2007-06-30": "102204.00000", "2007-03-31": "90464.00000", "2006-12-31": "89845.00000", "2006-09-30": "83880.00000", "2006-06-30": "82794.00000", "2006-03-31": "81057.00000", "2005-12-31": "82704.00000", "2005-09-30": "79675.00000", "2005-06-30": "77235.00000", "2005-03-31": "75176.00000"}, "Goodwill And Intangible Assets": {"2020-09-30": "101517.00000", "2020-06-30": "101600.00000", "2020-03-31": "112352.00000", "2019-12-31": "112933.00000", "2019-09-30": "112016.00000", "2019-06-30": "112301.00000", "2019-03-31": "112486.00000", "2018-12-31": "112524.00000", "2018-09-30": "112953.00000", "2018-06-30": "113175.00000", "2018-03-31": "113597.00000", "2017-12-31": "113776.00000", "2017-09-30": "113856.00000", "2017-06-30": "113395.00000", "2017-03-31": "113423.00000", "2016-12-31": "112967.00000", "2016-09-30": "114426.00000", "2016-06-30": "114356.00000", "2016-03-31": "114381.00000", "2015-12-31": "71856.00000", "2015-09-30": "62692.00000", "2015-06-30": "62799.00000", "2015-03-31": "62879.00000", "2014-12-31": "69917.00000", "2014-09-30": "58669.00000", "2014-06-30": "58792.00000", "2014-03-31": "58264.00000", "2013-12-31": "57011.00000", "2013-09-30": "54735.00000", "2013-06-30": "54372.00000", "2013-03-31": "54407.00000", "2012-12-31": "54523.00000", "2012-09-30": "54143.00000", "2012-06-30": "53145.00000", "2012-03-31": "53166.00000", "2011-12-31": "53213.00000", "2011-09-30": "53310.00000", "2011-06-30": "49125.00000", "2011-03-31": "49080.00000", "2010-12-31": "49006.00000", "2010-09-30": "49196.00000", "2010-06-30": "49113.00000", "2010-03-31": "48714.00000", "2009-12-31": "33972.00000", "2009-09-30": "33974.00000", "2009-06-30": "33922.00000", "2009-03-31": "33779.00000", "2008-12-31": "33781.00000", "2008-09-30": "33531.00000", "2008-06-30": "33524.00000", "2008-03-31": "33544.00000", "2007-12-31": "32862.00000", "2007-09-30": "32729.00000", "2007-06-30": "32428.00000", "2007-03-31": "32610.00000", "2006-12-31": "32238.00000", "2006-09-30": "32216.00000", "2006-06-30": "29867.00000", "2006-03-31": "29501.00000", "2005-12-31": "23644.00000", "2005-09-30": "23652.00000", "2005-06-30": "23208.00000", "2005-03-31": "23009.00000"}, "Other Long-Term Assets": {"2020-09-30": "68150.00000", "2020-06-30": "66415.00000", "2020-03-31": "65607.00000", "2019-12-31": "64879.00000", "2019-09-30": "64662.00000", "2019-06-30": "63893.00000", "2019-03-31": "62550.00000", "2018-12-31": "55207.00000", "2018-09-30": "71535.00000", "2018-06-30": "68851.00000", "2018-03-31": "69364.00000", "2017-12-31": "54558.00000", "2017-09-30": "65459.00000", "2017-06-30": "59063.00000", "2017-03-31": "58136.00000", "2016-12-31": "54735.00000", "2016-09-30": "53042.00000", "2016-06-30": "51575.00000", "2016-03-31": "50926.00000", "2015-12-31": "45678.00000", "2015-09-30": "55648.00000", "2015-06-30": "56058.00000", "2015-03-31": "54919.00000", "2014-12-31": "42810.00000", "2014-09-30": "52584.00000", "2014-06-30": "49727.00000", "2014-03-31": "49588.00000", "2013-12-31": "47006.00000", "2013-09-30": "47293.00000", "2013-06-30": "47179.00000", "2013-03-31": "46126.00000", "2012-12-31": "44216.00000", "2012-09-30": "44116.00000", "2012-06-30": "44473.00000", "2012-03-31": "44376.00000", "2011-12-31": "43626.00000", "2011-09-30": "43333.00000", "2011-06-30": "38977.00000", "2011-03-31": "38577.00000", "2010-12-31": "38016.00000", "2010-09-30": "37736.00000", "2010-06-30": "36354.00000", "2010-03-31": "37225.00000", "2009-12-31": "30859.00000", "2009-09-30": "30195.00000", "2009-06-30": "28474.00000", "2009-03-31": "29748.00000", "2008-12-31": "31815.00000", "2008-09-30": "30237.00000", "2008-06-30": "29985.00000", "2008-03-31": "29507.00000", "2007-12-31": "27693.00000", "2007-09-30": "27136.00000", "2007-06-30": "26854.00000", "2007-03-31": "26478.00000", "2006-12-31": "24890.00000", "2006-09-30": "24411.00000", "2006-06-30": "22343.00000", "2006-03-31": "22694.00000", "2005-12-31": "16333.00000", "2005-09-30": "16046.00000", "2005-06-30": "16463.00000", "2005-03-31": "17777.00000"}, "Total Long-Term Assets": {"2020-09-30": "746730.00000", "2020-06-30": "697118.00000", "2020-03-31": "662191.00000", "2019-12-31": "700192.00000", "2019-09-30": "658304.00000", "2019-06-30": "661085.00000", "2019-03-31": "658983.00000", "2018-12-31": "625923.00000", "2018-09-30": "648660.00000", "2018-06-30": "601880.00000", "2018-03-31": "600019.00000", "2017-12-31": "623841.00000", "2017-09-30": "595603.00000", "2017-06-30": "595660.00000", "2017-03-31": "586253.00000", "2016-12-31": "552409.00000", "2016-09-30": "478446.00000", "2016-06-30": "479887.00000", "2016-03-31": "487858.00000", "2015-12-31": "449021.00000", "2015-09-30": "442038.00000", "2015-06-30": "436989.00000", "2015-03-31": "430885.00000", "2014-12-31": "428180.00000", "2014-09-30": "418431.00000", "2014-06-30": "413410.00000", "2014-03-31": "410815.00000", "2013-12-31": "403639.00000", "2013-09-30": "376019.00000", "2013-06-30": "376057.00000", "2013-03-31": "356992.00000", "2012-12-31": "345898.00000", "2012-09-30": "341782.00000", "2012-06-30": "335839.00000", "2012-03-31": "338371.00000", "2011-12-31": "322402.00000", "2011-09-30": "316881.00000", "2011-06-30": "301210.00000", "2011-03-31": "300815.00000", "2010-12-31": "297859.00000", "2010-09-30": "296033.00000", "2010-06-30": "288158.00000", "2010-03-31": "297428.00000", "2009-12-31": "237780.00000", "2009-09-30": "235530.00000", "2009-06-30": "221726.00000", "2009-03-31": "205271.00000", "2008-12-31": "212993.00000", "2008-09-30": "218459.00000", "2008-06-30": "216625.00000", "2008-03-31": "217020.00000", "2007-12-31": "203315.00000", "2007-09-30": "203386.00000", "2007-06-30": "196053.00000", "2007-03-31": "183640.00000", "2006-12-31": "180315.00000", "2006-09-30": "172824.00000", "2006-06-30": "165555.00000", "2006-03-31": "163014.00000", "2005-12-31": "130181.00000", "2005-09-30": "126399.00000", "2005-06-30": "123676.00000", "2005-03-31": "122545.00000"}, "Total Assets": {"2020-09-30": "829946.00000", "2020-06-30": "788133.00000", "2020-03-31": "760448.00000", "2019-12-31": "817729.00000", "2019-09-30": "788482.00000", "2019-06-30": "760108.00000", "2019-03-31": "738724.00000", "2018-12-31": "707794.00000", "2018-09-30": "736459.00000", "2018-06-30": "711932.00000", "2018-03-31": "702651.00000", "2017-12-31": "702095.00000", "2017-09-30": "681554.00000", "2017-06-30": "665590.00000", "2017-03-31": "654451.00000", "2016-12-31": "620854.00000", "2016-09-30": "604038.00000", "2016-06-30": "592816.00000", "2016-03-31": "586315.00000", "2015-12-31": "552257.00000", "2015-09-30": "545468.00000", "2015-06-30": "540774.00000", "2015-03-31": "531076.00000", "2014-12-31": "525867.00000", "2014-09-30": "517363.00000", "2014-06-30": "504379.00000", "2014-03-31": "494944.00000", "2013-12-31": "484931.00000", "2013-09-30": "458081.00000", "2013-06-30": "446563.00000", "2013-03-31": "442302.00000", "2012-12-31": "427452.00000", "2012-09-30": "424115.00000", "2012-06-30": "411356.00000", "2012-03-31": "411362.00000", "2011-12-31": "392647.00000", "2011-09-30": "385494.00000", "2011-06-30": "382696.00000", "2011-03-31": "376496.00000", "2010-12-31": "372229.00000", "2010-09-30": "363979.00000", "2010-06-30": "349187.00000", "2010-03-31": "356320.00000", "2009-12-31": "297119.00000", "2009-09-30": "292010.00000", "2009-06-30": "275646.00000", "2009-03-31": "260542.00000", "2008-12-31": "267399.00000", "2008-09-30": "281729.00000", "2008-06-30": "277792.00000", "2008-03-31": "281047.00000", "2007-12-31": "273160.00000", "2007-09-30": "276516.00000", "2007-06-30": "269051.00000", "2007-03-31": "261678.00000", "2006-12-31": "248437.00000", "2006-09-30": "240002.00000", "2006-06-30": "232331.00000", "2006-03-31": "230206.00000", "2005-12-31": "198325.00000", "2005-09-30": "196710.00000", "2005-06-30": "194835.00000", "2005-03-31": "191075.00000"}, "Total Current Liabilities": {"2020-09-30": "314537.00000", "2020-06-30": "306494.00000", "2020-03-31": "301389.00000", "2019-12-31": "301084.00000", "2019-09-30": "296930.00000", "2019-06-30": "292093.00000", "2019-03-31": "287258.00000", "2018-12-31": "281693.00000", "2018-09-30": "281416.00000", "2018-06-30": "277010.00000", "2018-03-31": "278040.00000", "2017-12-31": "276197.00000", "2017-09-30": "270190.00000", "2017-06-30": "264176.00000", "2017-03-31": "263458.00000", "2016-12-31": "245259.00000", "2016-09-30": "243527.00000", "2016-06-30": "239476.00000", "2016-03-31": "238479.00000", "2015-12-31": "216512.00000", "2015-09-30": "227451.00000", "2015-06-30": "225228.00000", "2015-03-31": "221125.00000", "2014-12-31": "207128.00000", "2014-09-30": "211288.00000", "2014-06-30": "202093.00000", "2014-03-31": "199559.00000", "2013-12-31": "197376.00000", "2013-09-30": "189954.00000", "2013-06-30": "185787.00000", "2013-03-31": "183876.00000", "2012-12-31": "183437.00000", "2012-09-30": "180437.00000", "2012-06-30": "176783.00000", "2012-03-31": "178800.00000", "2011-12-31": "175743.00000", "2011-09-30": "174036.00000", "2011-06-30": "170017.00000", "2011-03-31": "166946.00000", "2010-12-31": "164572.00000", "2010-09-30": "165724.00000", "2010-06-30": "160802.00000", "2010-03-31": "161126.00000", "2009-12-31": "132840.00000", "2009-09-30": "134073.00000", "2009-06-30": "133436.00000", "2009-03-31": "131744.00000", "2008-12-31": "128800.00000", "2008-09-30": "126811.00000", "2008-06-30": "126166.00000", "2008-03-31": "124356.00000", "2007-12-31": "119958.00000", "2007-09-30": "122335.00000", "2007-06-30": "121717.00000", "2007-03-31": "121011.00000", "2006-12-31": "110765.00000", "2006-09-30": "106081.00000", "2006-06-30": "104955.00000", "2006-03-31": "103817.00000", "2005-12-31": "84943.00000", "2005-09-30": "81400.00000", "2005-06-30": "77606.00000", "2005-03-31": "74843.00000"}, "Long Term Debt": {"2020-09-30": "", "2020-06-30": "", "2020-03-31": "", "2019-12-31": "", "2019-09-30": "", "2019-06-30": "", "2019-03-31": "", "2018-12-31": "", "2018-09-30": "", "2018-06-30": "", "2018-03-31": "", "2017-12-31": "", "2017-09-30": "", "2017-06-30": "", "2017-03-31": "", "2016-12-31": "", "2016-09-30": "", "2016-06-30": "", "2016-03-31": "", "2015-12-31": "", "2015-09-30": "", "2015-06-30": "", "2015-03-31": "", "2014-12-31": "", "2014-09-30": "", "2014-06-30": "", "2014-03-31": "", "2013-12-31": "", "2013-09-30": "", "2013-06-30": "", "2013-03-31": "", "2012-12-31": "", "2012-09-30": "", "2012-06-30": "", "2012-03-31": "", "2011-12-31": "", "2011-09-30": "", "2011-06-30": "", "2011-03-31": "", "2010-12-31": "", "2010-09-30": "", "2010-06-30": "", "2010-03-31": "", "2009-12-31": "", "2009-09-30": "", "2009-06-30": "", "2009-03-31": "", "2008-12-31": "", "2008-09-30": "", "2008-06-30": "", "2008-03-31": "", "2007-12-31": "", "2007-09-30": "", "2007-06-30": "", "2007-03-31": "", "2006-12-31": "", "2006-09-30": "", "2006-06-30": "", "2006-03-31": "", "2005-12-31": "", "2005-09-30": "1302.00000", "2005-06-30": "4600.00000", "2005-03-31": "5425.00000"}, "Other Non-Current Liabilities": {"2020-09-30": "28854.00000", "2020-06-30": "23116.00000", "2020-03-31": "31253.00000", "2019-12-31": "21283.00000", "2019-09-30": "29605.00000", "2019-06-30": "22002.00000", "2019-03-31": "22023.00000", "2018-12-31": "22226.00000", "2018-09-30": "16284.00000", "2018-06-30": "16650.00000", "2018-03-31": "17841.00000", "2017-12-31": "17337.00000", "2017-09-30": "12953.00000", "2017-06-30": "13007.00000", "2017-03-31": "12581.00000", "2016-12-31": "12725.00000", "2016-09-30": "14326.00000", "2016-06-30": "14902.00000", "2016-03-31": "15036.00000", "2015-12-31": "13992.00000", "2015-09-30": "4430.00000", "2015-06-30": "3666.00000", "2015-03-31": "3503.00000", "2014-12-31": "14477.00000", "2014-09-30": "4667.00000", "2014-06-30": "4925.00000", "2014-03-31": "5095.00000", "2013-12-31": "5331.00000", "2013-09-30": "5847.00000", "2013-06-30": "6241.00000", "2013-03-31": "6721.00000", "2012-12-31": "7933.00000", "2012-09-30": "10090.00000", "2012-06-30": "10137.00000", "2012-03-31": "9055.00000", "2011-12-31": "10139.00000", "2011-09-30": "10421.00000", "2011-06-30": "8086.00000", "2011-03-31": "8087.00000", "2010-12-31": "8371.00000", "2010-09-30": "11052.00000", "2010-06-30": "10791.00000", "2010-03-31": "8667.00000", "2009-12-31": "9269.00000", "2009-09-30": "10352.00000", "2009-06-30": "12299.00000", "2009-03-31": "15432.00000", "2008-12-31": "14612.00000", "2008-09-30": "13496.00000", "2008-06-30": "12581.00000", "2008-03-31": "13675.00000", "2007-12-31": "10976.00000", "2007-09-30": "10199.00000", "2007-06-30": "8517.00000", "2007-03-31": "8748.00000", "2006-12-31": "7821.00000", "2006-09-30": "12365.00000", "2006-06-30": "11829.00000", "2006-03-31": "12217.00000", "2005-12-31": "8830.00000", "2005-09-30": "12280.00000", "2005-06-30": "12506.00000", "2005-03-31": "12194.00000"}, "Total Long Term Liabilities": {"2020-09-30": "96194.00000", "2020-06-30": "84386.00000", "2020-03-31": "83824.00000", "2019-12-31": "88082.00000", "2019-09-30": "89994.00000", "2019-06-30": "81624.00000", "2019-03-31": "78875.00000", "2018-12-31": "73601.00000", "2018-09-30": "75624.00000", "2018-06-30": "73164.00000", "2018-03-31": "73559.00000", "2017-12-31": "73944.00000", "2017-09-30": "99512.00000", "2017-06-30": "97321.00000", "2017-03-31": "94713.00000", "2016-12-31": "90167.00000", "2016-09-30": "87896.00000", "2016-06-30": "87082.00000", "2016-03-31": "85999.00000", "2015-12-31": "77118.00000", "2015-09-30": "66696.00000", "2015-06-30": "66344.00000", "2015-03-31": "65112.00000", "2014-12-31": "75712.00000", "2014-09-30": "65773.00000", "2014-06-30": "65526.00000", "2014-03-31": "65096.00000", "2013-12-31": "63070.00000", "2013-09-30": "56696.00000", "2013-06-30": "55788.00000", "2013-03-31": "56320.00000", "2012-12-31": "52427.00000", "2012-09-30": "54604.00000", "2012-06-30": "52858.00000", "2012-03-31": "52293.00000", "2011-12-31": "47943.00000", "2011-09-30": "47577.00000", "2011-06-30": "45895.00000", "2011-03-31": "45285.00000", "2010-12-31": "44723.00000", "2010-09-30": "43658.00000", "2010-06-30": "40871.00000", "2010-03-31": "43270.00000", "2009-12-31": "28494.00000", "2009-09-30": "27255.00000", "2009-06-30": "23373.00000", "2009-03-31": "21879.00000", "2008-12-31": "24892.00000", "2008-09-30": "34763.00000", "2008-06-30": "33632.00000", "2008-03-31": "37319.00000", "2007-12-31": "32469.00000", "2007-09-30": "34278.00000", "2007-06-30": "32062.00000", "2007-03-31": "30776.00000", "2006-12-31": "29253.00000", "2006-09-30": "31677.00000", "2006-06-30": "29763.00000", "2006-03-31": "31040.00000", "2005-12-31": "21898.00000", "2005-09-30": "25792.00000", "2005-06-30": "29143.00000", "2005-03-31": "29776.00000"}, "Total Liabilities": {"2020-09-30": "410731.00000", "2020-06-30": "390880.00000", "2020-03-31": "385213.00000", "2019-12-31": "389166.00000", "2019-09-30": "386924.00000", "2019-06-30": "373717.00000", "2019-03-31": "366133.00000", "2018-12-31": "355294.00000", "2018-09-30": "357040.00000", "2018-06-30": "350174.00000", "2018-03-31": "351599.00000", "2017-12-31": "350141.00000", "2017-09-30": "369702.00000", "2017-06-30": "361497.00000", "2017-03-31": "358171.00000", "2016-12-31": "335426.00000", "2016-09-30": "331423.00000", "2016-06-30": "326558.00000", "2016-03-31": "324478.00000", "2015-12-31": "293630.00000", "2015-09-30": "294147.00000", "2015-06-30": "291572.00000", "2015-03-31": "286237.00000", "2014-12-31": "282840.00000", "2014-09-30": "277061.00000", "2014-06-30": "267619.00000", "2014-03-31": "264655.00000", "2013-12-31": "260446.00000", "2013-09-30": "246650.00000", "2013-06-30": "241575.00000", "2013-03-31": "240196.00000", "2012-12-31": "235864.00000", "2012-09-30": "235041.00000", "2012-06-30": "229641.00000", "2012-03-31": "231093.00000", "2011-12-31": "223686.00000", "2011-09-30": "221613.00000", "2011-06-30": "215912.00000", "2011-03-31": "212231.00000", "2010-12-31": "209295.00000", "2010-09-30": "209382.00000", "2010-06-30": "201673.00000", "2010-03-31": "204396.00000", "2009-12-31": "161334.00000", "2009-09-30": "161328.00000", "2009-06-30": "156809.00000", "2009-03-31": "153623.00000", "2008-12-31": "153692.00000", "2008-09-30": "161574.00000", "2008-06-30": "159798.00000", "2008-03-31": "161675.00000", "2007-12-31": "152427.00000", "2007-09-30": "156613.00000", "2007-06-30": "153779.00000", "2007-03-31": "151787.00000", "2006-12-31": "140018.00000", "2006-09-30": "137758.00000", "2006-06-30": "134718.00000", "2006-03-31": "134857.00000", "2005-12-31": "106841.00000", "2005-09-30": "107192.00000", "2005-06-30": "106749.00000", "2005-03-31": "104619.00000"}, "Common Stock Net": {"2020-09-30": "8.00000", "2020-06-30": "8.00000", "2020-03-31": "8.00000", "2019-12-31": "8.00000", "2019-09-30": "8.00000", "2019-06-30": "8.00000", "2019-03-31": "8.00000", "2018-12-31": "8.00000", "2018-09-30": "8.00000", "2018-06-30": "8.00000", "2018-03-31": "8.00000", "2017-12-31": "8.00000", "2017-09-30": "8.00000", "2017-06-30": "8.00000", "2017-03-31": "8.00000", "2016-12-31": "8.00000", "2016-09-30": "8.00000", "2016-06-30": "8.00000", "2016-03-31": "8.00000", "2015-12-31": "8.00000", "2015-09-30": "8.00000", "2015-06-30": "8.00000", "2015-03-31": "8.00000", "2014-12-31": "8.00000", "2014-09-30": "8.00000", "2014-06-30": "8.00000", "2014-03-31": "8.00000", "2013-12-31": "8.00000", "2013-09-30": "8.00000", "2013-06-30": "8.00000", "2013-03-31": "8.00000", "2012-12-31": "8.00000", "2012-09-30": "8.00000", "2012-06-30": "8.00000", "2012-03-31": "8.00000", "2011-12-31": "8.00000", "2011-09-30": "8.00000", "2011-06-30": "8.00000", "2011-03-31": "8.00000", "2010-12-31": "8.00000", "2010-09-30": "8.00000", "2010-06-30": "8.00000", "2010-03-31": "8.00000", "2009-12-31": "8.00000", "2009-09-30": "27086.00000", "2009-06-30": "27089.00000", "2009-03-31": "27090.00000", "2008-12-31": "8.00000", "2008-09-30": "8.00000", "2008-06-30": "8.00000", "2008-03-31": "8.00000", "2007-12-31": "8.00000", "2007-09-30": "8.00000", "2007-06-30": "8.00000", "2007-03-31": "8.00000", "2006-12-31": "8.00000", "2006-09-30": "8.00000", "2006-06-30": "8.00000", "2006-03-31": "8.00000", "2005-12-31": "8.00000", "2005-09-30": "8.00000", "2005-06-30": "8.00000", "2005-03-31": "8.00000"}, "Retained Earnings (Accumulated Deficit)": {"2020-09-30": "408791.00000", "2020-06-30": "378654.00000", "2020-03-31": "352359.00000", "2019-12-31": "402493.00000", "2019-09-30": "373334.00000", "2019-06-30": "356846.00000", "2019-03-31": "342773.00000", "2018-12-31": "321112.00000", "2018-09-30": "346503.00000", "2018-06-30": "327963.00000", "2018-03-31": "315952.00000", "2017-12-31": "255786.00000", "2017-09-30": "224166.00000", "2017-06-30": "220099.00000", "2017-03-31": "215837.00000", "2016-12-31": "210846.00000", "2016-09-30": "205491.00000", "2016-06-30": "198293.00000", "2016-03-31": "193292.00000", "2015-12-31": "187703.00000", "2015-09-30": "182225.00000", "2015-06-30": "172797.00000", "2015-03-31": "168784.00000", "2014-12-31": "163620.00000", "2014-09-30": "159465.00000", "2014-06-30": "154848.00000", "2014-03-31": "148453.00000", "2013-12-31": "143748.00000", "2013-09-30": "138758.00000", "2013-06-30": "133705.00000", "2013-03-31": "129164.00000", "2012-12-31": "124272.00000", "2012-09-30": "119721.00000", "2012-06-30": "115801.00000", "2012-03-31": "112693.00000", "2011-12-31": "109448.00000", "2011-09-30": "106400.00000", "2011-06-30": "104122.00000", "2011-03-31": "100705.00000", "2010-12-31": "99194.00000", "2010-09-30": "94817.00000", "2010-06-30": "91828.00000", "2010-03-31": "89860.00000", "2009-12-31": "86227.00000", "2009-09-30": "83171.00000", "2009-06-30": "79933.00000", "2009-03-31": "76638.00000", "2008-12-31": "78172.00000", "2008-09-30": "77030.00000", "2008-06-30": "75973.00000", "2008-03-31": "73093.00000", "2007-12-31": "72153.00000", "2007-09-30": "69206.00000", "2007-06-30": "64653.00000", "2007-03-31": "61535.00000", "2006-12-31": "58912.00000", "2006-09-30": "55329.00000", "2006-06-30": "52557.00000", "2006-03-31": "50210.00000", "2005-12-31": "47717.00000", "2005-09-30": "42587.00000", "2005-06-30": "42001.00000", "2005-03-31": "40552.00000"}, "Comprehensive Income": {"2020-09-30": "-5190.00000", "2020-06-30": "-5967.00000", "2020-03-31": "-6721.00000", "2019-12-31": "-5243.00000", "2019-09-30": "-5408.00000", "2019-06-30": "-4678.00000", "2019-03-31": "-4727.00000", "2018-12-31": "-5015.00000", "2018-09-30": "-3927.00000", "2018-06-30": "-3808.00000", "2018-03-31": "-2477.00000", "2017-12-31": "58571.00000", "2017-09-30": "50183.00000", "2017-06-30": "46652.00000", "2017-03-31": "43070.00000", "2016-12-31": "37298.00000", "2016-09-30": "29798.00000", "2016-06-30": "30777.00000", "2016-03-31": "31454.00000", "2015-12-31": "33982.00000", "2015-09-30": "32203.00000", "2015-06-30": "39417.00000", "2015-03-31": "38864.00000", "2014-12-31": "42732.00000", "2014-09-30": "44186.00000", "2014-06-30": "45421.00000", "2014-03-31": "45049.00000", "2013-12-31": "44025.00000", "2013-09-30": "34897.00000", "2013-06-30": "33565.00000", "2013-03-31": "32992.00000", "2012-12-31": "27500.00000", "2012-09-30": "27050.00000", "2012-06-30": "23781.00000", "2012-03-31": "25517.00000", "2011-12-31": "17654.00000", "2011-09-30": "15781.00000", "2011-06-30": "21106.00000", "2011-03-31": "21764.00000", "2010-12-31": "20583.00000", "2010-09-30": "16723.00000", "2010-06-30": "12850.00000", "2010-03-31": "19307.00000", "2009-12-31": "17793.00000", "2009-09-30": "15816.00000", "2009-06-30": "7505.00000", "2009-03-31": "-930.00000", "2008-12-31": "3954.00000", "2008-09-30": "15984.00000", "2008-06-30": "14881.00000", "2008-03-31": "19171.00000", "2007-12-31": "21620.00000", "2007-09-30": "23743.00000", "2007-06-30": "23684.00000", "2007-03-31": "21799.00000", "2006-12-31": "22977.00000", "2006-09-30": "20409.00000", "2006-06-30": "18572.00000", "2006-03-31": "18707.00000", "2005-12-31": "17360.00000", "2005-09-30": "20561.00000", "2005-06-30": "19737.00000", "2005-03-31": "19581.00000"}, "Other Share Holders Equity": {"2020-09-30": "", "2020-06-30": "", "2020-03-31": "", "2019-12-31": "", "2019-09-30": "", "2019-06-30": "", "2019-03-31": "", "2018-12-31": "", "2018-09-30": "", "2018-06-30": "", "2018-03-31": "", "2017-12-31": "", "2017-09-30": "", "2017-06-30": "", "2017-03-31": "", "2016-12-31": "", "2016-09-30": "", "2016-06-30": "", "2016-03-31": "", "2015-12-31": "", "2015-09-30": "", "2015-06-30": "", "2015-03-31": "", "2014-12-31": "", "2014-09-30": "", "2014-06-30": "", "2014-03-31": "", "2013-12-31": "", "2013-09-30": "", "2013-06-30": "", "2013-03-31": "", "2012-12-31": "", "2012-09-30": "", "2012-06-30": "", "2012-03-31": "", "2011-12-31": "", "2011-09-30": "", "2011-06-30": "", "2011-03-31": "", "2010-12-31": "", "2010-09-30": "", "2010-06-30": "", "2010-03-31": "", "2009-12-31": "", "2009-09-30": "", "2009-06-30": "", "2009-03-31": "", "2008-12-31": "", "2008-09-30": "", "2008-06-30": "", "2008-03-31": "", "2007-12-31": "", "2007-09-30": "", "2007-06-30": "", "2007-03-31": "", "2006-12-31": "", "2006-09-30": "", "2006-06-30": "", "2006-03-31": "", "2005-12-31": "", "2005-09-30": "", "2005-06-30": "", "2005-03-31": ""}, "Share Holder Equity": {"2020-09-30": "419215.00000", "2020-06-30": "397253.00000", "2020-03-31": "375235.00000", "2019-12-31": "428563.00000", "2019-09-30": "401558.00000", "2019-06-30": "386391.00000", "2019-03-31": "372591.00000", "2018-12-31": "352500.00000", "2018-09-30": "379419.00000", "2018-06-30": "361758.00000", "2018-03-31": "351052.00000", "2017-12-31": "351954.00000", "2017-09-30": "311852.00000", "2017-06-30": "304093.00000", "2017-03-31": "296280.00000", "2016-12-31": "285428.00000", "2016-09-30": "272615.00000", "2016-06-30": "266258.00000", "2016-03-31": "261837.00000", "2015-12-31": "258627.00000", "2015-09-30": "251321.00000", "2015-06-30": "249202.00000", "2015-03-31": "244839.00000", "2014-12-31": "243027.00000", "2014-09-30": "240302.00000", "2014-06-30": "236760.00000", "2014-03-31": "230289.00000", "2013-12-31": "224485.00000", "2013-09-30": "211431.00000", "2013-06-30": "204988.00000", "2013-03-31": "202106.00000", "2012-12-31": "191588.00000", "2012-09-30": "189074.00000", "2012-06-30": "181715.00000", "2012-03-31": "180269.00000", "2011-12-31": "168961.00000", "2011-09-30": "163881.00000", "2011-06-30": "166784.00000", "2011-03-31": "164265.00000", "2010-12-31": "162934.00000", "2010-09-30": "154597.00000", "2010-06-30": "147514.00000", "2010-03-31": "151924.00000", "2009-12-31": "135785.00000", "2009-09-30": "130682.00000", "2009-06-30": "118837.00000", "2009-03-31": "106919.00000", "2008-12-31": "113707.00000", "2008-09-30": "120155.00000", "2008-06-30": "117994.00000", "2008-03-31": "119372.00000", "2007-12-31": "120733.00000", "2007-09-30": "119903.00000", "2007-06-30": "115272.00000", "2007-03-31": "109891.00000", "2006-12-31": "108419.00000", "2006-09-30": "102244.00000", "2006-06-30": "97613.00000", "2006-03-31": "95349.00000", "2005-12-31": "91484.00000", "2005-09-30": "89518.00000", "2005-06-30": "88086.00000", "2005-03-31": "86456.00000"}, "Total Liabilities And Share Holders Equity": {"2020-09-30": "829946.00000", "2020-06-30": "788133.00000", "2020-03-31": "760448.00000", "2019-12-31": "817729.00000", "2019-09-30": "788482.00000", "2019-06-30": "760108.00000", "2019-03-31": "738724.00000", "2018-12-31": "707794.00000", "2018-09-30": "736459.00000", "2018-06-30": "711932.00000", "2018-03-31": "702651.00000", "2017-12-31": "702095.00000", "2017-09-30": "681554.00000", "2017-06-30": "665590.00000", "2017-03-31": "654451.00000", "2016-12-31": "620854.00000", "2016-09-30": "604038.00000", "2016-06-30": "592816.00000", "2016-03-31": "586315.00000", "2015-12-31": "552257.00000", "2015-09-30": "545468.00000", "2015-06-30": "540774.00000", "2015-03-31": "531076.00000", "2014-12-31": "525867.00000", "2014-09-30": "517363.00000", "2014-06-30": "504379.00000", "2014-03-31": "494944.00000", "2013-12-31": "484931.00000", "2013-09-30": "458081.00000", "2013-06-30": "446563.00000", "2013-03-31": "442302.00000", "2012-12-31": "427452.00000", "2012-09-30": "424115.00000", "2012-06-30": "411356.00000", "2012-03-31": "411362.00000", "2011-12-31": "392647.00000", "2011-09-30": "385494.00000", "2011-06-30": "382696.00000", "2011-03-31": "376496.00000", "2010-12-31": "372229.00000", "2010-09-30": "363979.00000", "2010-06-30": "349187.00000", "2010-03-31": "356320.00000", "2009-12-31": "297119.00000", "2009-09-30": "292010.00000", "2009-06-30": "275646.00000", "2009-03-31": "260542.00000", "2008-12-31": "267399.00000", "2008-09-30": "281729.00000", "2008-06-30": "277792.00000", "2008-03-31": "281047.00000", "2007-12-31": "273160.00000", "2007-09-30": "276516.00000", "2007-06-30": "269051.00000", "2007-03-31": "261678.00000", "2006-12-31": "248437.00000", "2006-09-30": "240002.00000", "2006-06-30": "232331.00000", "2006-03-31": "230206.00000", "2005-12-31": "198325.00000", "2005-09-30": "196710.00000", "2005-06-30": "194835.00000", "2005-03-31": "191075.00000"}}, "cash flow statement": {"Net Income/Loss": {"2019-12-31": "81792.00000", "2018-12-31": "4322.00000", "2017-12-31": "45353.00000", "2016-12-31": "24427.00000", "2015-12-31": "24414.00000", "2014-12-31": "20170.00000", "2013-12-31": "19845.00000", "2012-12-31": "15312.00000", "2011-12-31": "10746.00000", "2010-12-31": "13494.00000", "2009-12-31": "8441.00000", "2008-12-31": "5596.00000", "2007-12-31": "13567.00000", "2006-12-31": "11015.00000", "2005-12-31": "8528.00000"}, "Total Depreciation And Amortization - Cash Flow": {"2019-12-31": "10064.00000", "2018-12-31": "9779.00000", "2017-12-31": "9188.00000", "2016-12-31": "8901.00000", "2015-12-31": "7779.00000", "2014-12-31": "7370.00000", "2013-12-31": "6508.00000", "2012-12-31": "6154.00000", "2011-12-31": "5492.00000", "2010-12-31": "4279.00000", "2009-12-31": "3127.00000", "2008-12-31": "2810.00000", "2007-12-31": "2407.00000", "2006-12-31": "2066.00000", "2005-12-31": "982.00000"}, "Other Non-Cash Items": {"2019-12-31": "-72377.00000", "2018-12-31": "25112.00000", "2017-12-31": "-952.00000", "2016-12-31": "-7714.00000", "2015-12-31": "-8622.00000", "2014-12-31": "-3916.00000", "2013-12-31": "-3692.00000", "2012-12-31": "-1675.00000", "2011-12-31": "-1272.00000", "2010-12-31": "-1830.00000", "2009-12-31": "2688.00000", "2008-12-31": "-608.00000", "2007-12-31": "-5866.00000", "2006-12-31": "-2180.00000", "2005-12-31": "-6092.00000"}, "Total Non-Cash Items": {"2019-12-31": "-62313.00000", "2018-12-31": "34891.00000", "2017-12-31": "8236.00000", "2016-12-31": "1187.00000", "2015-12-31": "-843.00000", "2014-12-31": "3454.00000", "2013-12-31": "2816.00000", "2012-12-31": "4479.00000", "2011-12-31": "4220.00000", "2010-12-31": "2449.00000", "2009-12-31": "5815.00000", "2008-12-31": "2202.00000", "2007-12-31": "-3459.00000", "2006-12-31": "-114.00000", "2005-12-31": "-5110.00000"}, "Change In Accounts Receivable": {"2019-12-31": "-596.00000", "2018-12-31": "-1649.00000", "2017-12-31": "-229.00000", "2016-12-31": "-2334.00000", "2015-12-31": "-258.00000", "2014-12-31": "-731.00000", "2013-12-31": "1554.00000", "2012-12-31": "-476.00000", "2011-12-31": "-307.00000", "2010-12-31": "-1869.00000", "2009-12-31": "676.00000", "2008-12-31": "-911.00000", "2007-12-31": "-1690.00000", "2006-12-31": "578.00000", "2005-12-31": "-2088.00000"}, "Change In Inventories": {"2019-12-31": "", "2018-12-31": "", "2017-12-31": "", "2016-12-31": "", "2015-12-31": "", "2014-12-31": "", "2013-12-31": "", "2012-12-31": "", "2011-12-31": "", "2010-12-31": "", "2009-12-31": "", "2008-12-31": "", "2007-12-31": "", "2006-12-31": "", "2005-12-31": ""}, "Change In Accounts Payable": {"2019-12-31": "", "2018-12-31": "", "2017-12-31": "", "2016-12-31": "", "2015-12-31": "", "2014-12-31": "", "2013-12-31": "", "2012-12-31": "", "2011-12-31": "", "2010-12-31": "", "2009-12-31": "", "2008-12-31": "", "2007-12-31": "", "2006-12-31": "", "2005-12-31": ""}, "Change In Assets/Liabilities": {"2019-12-31": "4623.00000", "2018-12-31": "4793.00000", "2017-12-31": "17325.00000", "2016-12-31": "5323.00000", "2015-12-31": "2460.00000", "2014-12-31": "4212.00000", "2013-12-31": "-25.00000", "2012-12-31": "-75.00000", "2011-12-31": "4324.00000", "2010-12-31": "1473.00000", "2009-12-31": "-1121.00000", "2008-12-31": "6422.00000", "2007-12-31": "3579.00000", "2006-12-31": "-1587.00000", "2005-12-31": "6514.00000"}, "Total Change In Assets/Liabilities": {"2019-12-31": "19208.00000", "2018-12-31": "-1813.00000", "2017-12-31": "-7861.00000", "2016-12-31": "7033.00000", "2015-12-31": "7920.00000", "2014-12-31": "8386.00000", "2013-12-31": "5043.00000", "2012-12-31": "1159.00000", "2011-12-31": "5510.00000", "2010-12-31": "1952.00000", "2009-12-31": "1590.00000", "2008-12-31": "3454.00000", "2007-12-31": "2442.00000", "2006-12-31": "-706.00000", "2005-12-31": "6028.00000"}, "Cash Flow From Operating Activities": {"2019-12-31": "38687.00000", "2018-12-31": "37400.00000", "2017-12-31": "45728.00000", "2016-12-31": "32647.00000", "2015-12-31": "31491.00000", "2014-12-31": "32010.00000", "2013-12-31": "27704.00000", "2012-12-31": "20950.00000", "2011-12-31": "20476.00000", "2010-12-31": "17895.00000", "2009-12-31": "15846.00000", "2008-12-31": "11252.00000", "2007-12-31": "12550.00000", "2006-12-31": "10195.00000", "2005-12-31": "9446.00000"}, "Net Change In Property, Plant, And Equipment": {"2019-12-31": "-15979.00000", "2018-12-31": "-14537.00000", "2017-12-31": "-11708.00000", "2016-12-31": "-12954.00000", "2015-12-31": "-16082.00000", "2014-12-31": "-15185.00000", "2013-12-31": "-11087.00000", "2012-12-31": "-9775.00000", "2011-12-31": "-8191.00000", "2010-12-31": "-5980.00000", "2009-12-31": "-4937.00000", "2008-12-31": "-6138.00000", "2007-12-31": "-5373.00000", "2006-12-31": "-4571.00000", "2005-12-31": "-2195.00000"}, "Net Change In Intangible Assets": {"2019-12-31": "", "2018-12-31": "", "2017-12-31": "", "2016-12-31": "", "2015-12-31": "", "2014-12-31": "", "2013-12-31": "", "2012-12-31": "", "2011-12-31": "", "2010-12-31": "", "2009-12-31": "", "2008-12-31": "", "2007-12-31": "", "2006-12-31": "", "2005-12-31": ""}, "Net Acquisitions/Divestitures": {"2019-12-31": "-1683.00000", "2018-12-31": "-3279.00000", "2017-12-31": "-2708.00000", "2016-12-31": "-31399.00000", "2015-12-31": "-4902.00000", "2014-12-31": "-4824.00000", "2013-12-31": "-6431.00000", "2012-12-31": "-3188.00000", "2011-12-31": "-8685.00000", "2010-12-31": "-15924.00000", "2009-12-31": "-108.00000", "2008-12-31": "-6050.00000", "2007-12-31": "-1602.00000", "2006-12-31": "-10132.00000", "2005-12-31": "-2387.00000"}, "Net Change In Short-term Investments": {"2019-12-31": "", "2018-12-31": "", "2017-12-31": "", "2016-12-31": "", "2015-12-31": "", "2014-12-31": "", "2013-12-31": "", "2012-12-31": "", "2011-12-31": "", "2010-12-31": "", "2009-12-31": "", "2008-12-31": "", "2007-12-31": "", "2006-12-31": "", "2005-12-31": ""}, "Net Change In Long-Term Investments": {"2019-12-31": "13267.00000", "2018-12-31": "-13533.00000", "2017-12-31": "-23252.00000", "2016-12-31": "-39678.00000", "2015-12-31": "-7495.00000", "2014-12-31": "-1357.00000", "2013-12-31": "-8971.00000", "2012-12-31": "1508.00000", "2011-12-31": "1366.00000", "2010-12-31": "3754.00000", "2009-12-31": "-170.00000", "2008-12-31": "-5569.00000", "2007-12-31": "-6243.00000", "2006-12-31": "-1011.00000", "2005-12-31": "-9944.00000"}, "Net Change In Investments - Total": {"2019-12-31": "13267.00000", "2018-12-31": "-13533.00000", "2017-12-31": "-23252.00000", "2016-12-31": "-39678.00000", "2015-12-31": "-7495.00000", "2014-12-31": "-1357.00000", "2013-12-31": "-8971.00000", "2012-12-31": "1508.00000", "2011-12-31": "1366.00000", "2010-12-31": "3754.00000", "2009-12-31": "-170.00000", "2008-12-31": "-5569.00000", "2007-12-31": "-6243.00000", "2006-12-31": "-1011.00000", "2005-12-31": "-9944.00000"}, "Investing Activities - Other": {"2019-12-31": "-1226.00000", "2018-12-31": "-1500.00000", "2017-12-31": "-3341.00000", "2016-12-31": "-194.00000", "2015-12-31": "478.00000", "2014-12-31": "1040.00000", "2013-12-31": "-1046.00000", "2012-12-31": "881.00000", "2011-12-31": "-3679.00000", "2010-12-31": "-127.00000", "2009-12-31": "-5946.00000", "2008-12-31": "-14309.00000", "2007-12-31": "-210.00000", "2006-12-31": "1637.00000", "2005-12-31": "685.00000"}, "Cash Flow From Investing Activities": {"2019-12-31": "-5621.00000", "2018-12-31": "-32849.00000", "2017-12-31": "-41009.00000", "2016-12-31": "-84225.00000", "2015-12-31": "-28001.00000", "2014-12-31": "-20326.00000", "2013-12-31": "-27535.00000", "2012-12-31": "-10574.00000", "2011-12-31": "-19189.00000", "2010-12-31": "-18277.00000", "2009-12-31": "-11161.00000", "2008-12-31": "-32066.00000", "2007-12-31": "-13428.00000", "2006-12-31": "-14077.00000", "2005-12-31": "-13841.00000"}, "Net Long-Term Debt": {"2019-12-31": "5811.00000", "2018-12-31": "-2180.00000", "2017-12-31": "-3356.00000", "2016-12-31": "12549.00000", "2015-12-31": "4414.00000", "2014-12-31": "3064.00000", "2013-12-31": "5302.00000", "2012-12-31": "1551.00000", "2011-12-31": "-658.00000", "2010-12-31": "7850.00000", "2009-12-31": "1985.00000", "2008-12-31": "1348.00000", "2007-12-31": "2449.00000", "2006-12-31": "2937.00000", "2005-12-31": "5309.00000"}, "Net Current Debt": {"2019-12-31": "266.00000", "2018-12-31": "-1943.00000", "2017-12-31": "2079.00000", "2016-12-31": "130.00000", "2015-12-31": "-378.00000", "2014-12-31": "932.00000", "2013-12-31": "-1317.00000", "2012-12-31": "-309.00000", "2011-12-31": "301.00000", "2010-12-31": "370.00000", "2009-12-31": "-885.00000", "2008-12-31": "1183.00000", "2007-12-31": "-596.00000", "2006-12-31": "245.00000", "2005-12-31": "361.00000"}, "Debt Issuance/Retirement Net - Total": {"2019-12-31": "6077.00000", "2018-12-31": "-4123.00000", "2017-12-31": "-1277.00000", "2016-12-31": "12679.00000", "2015-12-31": "4036.00000", "2014-12-31": "3996.00000", "2013-12-31": "3985.00000", "2012-12-31": "1242.00000", "2011-12-31": "-357.00000", "2010-12-31": "8220.00000", "2009-12-31": "1100.00000", "2008-12-31": "2531.00000", "2007-12-31": "1853.00000", "2006-12-31": "3182.00000", "2005-12-31": "5670.00000"}, "Net Common Equity Issued/Repurchased": {"2019-12-31": "-4850.00000", "2018-12-31": "-1346.00000", "2017-12-31": "", "2016-12-31": "", "2015-12-31": "", "2014-12-31": "", "2013-12-31": "", "2012-12-31": "", "2011-12-31": "", "2010-12-31": "", "2009-12-31": "", "2008-12-31": "", "2007-12-31": "", "2006-12-31": "", "2005-12-31": ""}, "Net Total Equity Issued/Repurchased": {"2019-12-31": "-4850.00000", "2018-12-31": "-1346.00000", "2017-12-31": "", "2016-12-31": "", "2015-12-31": "", "2014-12-31": "", "2013-12-31": "", "2012-12-31": "", "2011-12-31": "", "2010-12-31": "", "2009-12-31": "", "2008-12-31": "", "2007-12-31": "", "2006-12-31": "", "2005-12-31": ""}, "Total Common And Preferred Stock Dividends Paid": {"2019-12-31": "", "2018-12-31": "", "2017-12-31": "", "2016-12-31": "", "2015-12-31": "", "2014-12-31": "", "2013-12-31": "", "2012-12-31": "", "2011-12-31": "", "2010-12-31": "", "2009-12-31": "", "2008-12-31": "", "2007-12-31": "", "2006-12-31": "", "2005-12-31": ""}, "Financial Activities - Other": {"2019-12-31": "-497.00000", "2018-12-31": "-343.00000", "2017-12-31": "-121.00000", "2016-12-31": "112.00000", "2015-12-31": "-233.00000", "2014-12-31": "-1265.00000", "2013-12-31": "-3024.00000", "2012-12-31": "-2048.00000", "2011-12-31": "-1860.00000", "2010-12-31": "-95.00000", "2009-12-31": "-867.00000", "2008-12-31": "-245.00000", "2007-12-31": "-487.00000", "2006-12-31": "-692.00000", "2005-12-31": "81.00000"}, "Cash Flow From Financial Activities": {"2019-12-31": "730.00000", "2018-12-31": "-5812.00000", "2017-12-31": "-1398.00000", "2016-12-31": "12791.00000", "2015-12-31": "3803.00000", "2014-12-31": "2731.00000", "2013-12-31": "961.00000", "2012-12-31": "-806.00000", "2011-12-31": "-2217.00000", "2010-12-31": "8125.00000", "2009-12-31": "233.00000", "2008-12-31": "2286.00000", "2007-12-31": "1366.00000", "2006-12-31": "2490.00000", "2005-12-31": "5751.00000"}, "Net Cash Flow": {"2019-12-31": "33821.00000", "2018-12-31": "-1401.00000", "2017-12-31": "3569.00000", "2016-12-31": "-38959.00000", "2015-12-31": "7128.00000", "2014-12-31": "14126.00000", "2013-12-31": "1194.00000", "2012-12-31": "9693.00000", "2011-12-31": "-928.00000", "2010-12-31": "7669.00000", "2009-12-31": "5019.00000", "2008-12-31": "-18790.00000", "2007-12-31": "586.00000", "2006-12-31": "-1275.00000", "2005-12-31": "1233.00000"}, "Stock-Based Compensation": {"2019-12-31": "", "2018-12-31": "", "2017-12-31": "", "2016-12-31": "", "2015-12-31": "", "2014-12-31": "", "2013-12-31": "", "2012-12-31": "", "2011-12-31": "", "2010-12-31": "", "2009-12-31": "", "2008-12-31": "", "2007-12-31": "", "2006-12-31": "", "2005-12-31": ""}, "Common Stock Dividends Paid": {"2019-12-31": "", "2018-12-31": "", "2017-12-31": "", "2016-12-31": "", "2015-12-31": "", "2014-12-31": "", "2013-12-31": "", "2012-12-31": "", "2011-12-31": "", "2010-12-31": "", "2009-12-31": "", "2008-12-31": "", "2007-12-31": "", "2006-12-31": "", "2005-12-31": ""}}, "cash flow statement, quarterly": {"Net Income/Loss": {"2020-09-30": 30413, "2020-06-30": 26407, "2020-03-31": "-49697.00000", "2019-12-31": 29230, "2019-09-30": 16657, "2019-06-30": 14173, "2019-03-31": "21732.00000", "2018-12-31": -25391, "2018-09-30": 18707, "2018-06-30": 12077, "2018-03-31": "-1071.00000", "2017-12-31": 32656, "2017-09-30": 4203, "2017-06-30": 4355, "2017-03-31": "4139.00000", "2016-12-31": 6355, "2016-09-30": 7333, "2016-06-30": 5082, "2016-03-31": "5657.00000", "2015-12-31": 5547, "2015-09-30": 9527, "2015-06-30": 4107, "2015-03-31": "5233.00000", "2014-12-31": 4218, "2014-09-30": 4721, "2014-06-30": 6458, "2014-03-31": "4773.00000", "2013-12-31": 5063, "2013-09-30": 5153, "2013-06-30": 4612, "2013-03-31": "5017.00000", "2012-12-31": 4661, "2012-09-30": 4054, "2012-06-30": 3231, "2012-03-31": "3366.00000", "2011-12-31": 3191, "2011-09-30": 2410, "2011-06-30": 3540, "2011-03-31": "1605.00000", "2010-12-31": 4473, "2010-09-30": 3119, "2010-06-30": 2090, "2010-03-31": "3812.00000", "2009-12-31": 3154, "2009-09-30": 3349, "2009-06-30": 3384, "2009-03-31": "-1446.00000", "2008-12-31": 315, "2008-09-30": 5281, "2008-06-30": 0, "2008-03-31": "0.00000", "2007-12-31": 13567, "2007-09-30": 0, "2007-06-30": 0, "2007-03-31": "0.00000", "2006-12-31": 11015, "2006-09-30": 0, "2006-06-30": 0, "2006-03-31": "0.00000", "2005-12-31": 8528, "2005-09-30": 0, "2005-06-30": 0, "2005-03-31": "0.00000"}, "Total Depreciation And Amortization - Cash Flow": {"2020-09-30": 2583, "2020-06-30": 2524, "2020-03-31": "2585.00000", "2019-12-31": 2657, "2019-09-30": 2534, "2019-06-30": 2456, "2019-03-31": "2417.00000", "2018-12-31": 2610, "2018-09-30": 2395, "2018-06-30": 2387, "2018-03-31": "2387.00000", "2017-12-31": 2353, "2017-09-30": 2296, "2017-06-30": 2296, "2017-03-31": "2243.00000", "2016-12-31": 2296, "2016-09-30": 2246, "2016-06-30": 2234, "2016-03-31": "2125.00000", "2015-12-31": 1978, "2015-09-30": 1989, "2015-06-30": 1941, "2015-03-31": "1871.00000", "2014-12-31": 1934, "2014-09-30": 1854, "2014-06-30": 1810, "2014-03-31": "1772.00000", "2013-12-31": 1675, "2013-09-30": 1616, "2013-06-30": 1616, "2013-03-31": "1601.00000", "2012-12-31": 2340, "2012-09-30": 1296, "2012-06-30": 1265, "2012-03-31": "1253.00000", "2011-12-31": 2074, "2011-09-30": 1142, "2011-06-30": 1141, "2011-03-31": "1135.00000", "2010-12-31": 1170, "2010-09-30": 1094, "2010-06-30": 1100, "2010-03-31": "915.00000", "2009-12-31": 812, "2009-09-30": 779, "2009-06-30": 778, "2009-03-31": "758.00000", "2008-12-31": 739, "2008-09-30": 2071, "2008-06-30": 0, "2008-03-31": "", "2007-12-31": 2407, "2007-09-30": 0, "2007-06-30": 0, "2007-03-31": "", "2006-12-31": 2066, "2006-09-30": 0, "2006-06-30": 0, "2006-03-31": "", "2005-12-31": 982, "2005-09-30": 0, "2005-06-30": 0, "2005-03-31": ""}, "Other Non-Cash Items": {"2020-09-30": -31211, "2020-06-30": -28203, "2020-03-31": "68316.00000", "2019-12-31": -30558, "2019-09-30": -11695, "2019-06-30": -10103, "2019-03-31": "-20021.00000", "2018-12-31": 38539, "2018-09-30": -14825, "2018-06-30": -6410, "2018-03-31": "7808.00000", "2017-12-31": -800, "2017-09-30": 50, "2017-06-30": -7, "2017-03-31": "-195.00000", "2016-12-31": -2024, "2016-09-30": -3078, "2016-06-30": -990, "2016-03-31": "-1622.00000", "2015-12-31": -517, "2015-09-30": -7806, "2015-06-30": -136, "2015-03-31": "-163.00000", "2014-12-31": -426, "2014-09-30": 256, "2014-06-30": -2379, "2014-03-31": "-1367.00000", "2013-12-31": -1167, "2013-09-30": -1443, "2013-06-30": -561, "2013-03-31": "-521.00000", "2012-12-31": -1380, "2012-09-30": -704, "2012-06-30": 41, "2012-03-31": "368.00000", "2011-12-31": -672, "2011-09-30": 133, "2011-06-30": -1261, "2011-03-31": "528.00000", "2010-12-31": 126, "2010-09-30": -358, "2010-06-30": -378, "2010-03-31": "-1220.00000", "2009-12-31": -619, "2009-09-30": -85, "2009-06-30": 56, "2009-03-31": "3336.00000", "2008-12-31": -302, "2008-09-30": -306, "2008-06-30": 0, "2008-03-31": "", "2007-12-31": -5866, "2007-09-30": 0, "2007-06-30": 0, "2007-03-31": "", "2006-12-31": -2180, "2006-09-30": 0, "2006-06-30": 0, "2006-03-31": "", "2005-12-31": -6092, "2005-09-30": 0, "2005-06-30": 0, "2005-03-31": ""}, "Total Non-Cash Items": {"2020-09-30": -28628, "2020-06-30": -25679, "2020-03-31": "70901.00000", "2019-12-31": -27901, "2019-09-30": -9161, "2019-06-30": -7647, "2019-03-31": "-17604.00000", "2018-12-31": 41149, "2018-09-30": -12430, "2018-06-30": -4023, "2018-03-31": "10195.00000", "2017-12-31": 1553, "2017-09-30": 2346, "2017-06-30": 2289, "2017-03-31": "2048.00000", "2016-12-31": 272, "2016-09-30": -832, "2016-06-30": 1244, "2016-03-31": "503.00000", "2015-12-31": 1461, "2015-09-30": -5817, "2015-06-30": 1805, "2015-03-31": "1708.00000", "2014-12-31": 1508, "2014-09-30": 2110, "2014-06-30": -569, "2014-03-31": "405.00000", "2013-12-31": 508, "2013-09-30": 173, "2013-06-30": 1055, "2013-03-31": "1080.00000", "2012-12-31": 960, "2012-09-30": 592, "2012-06-30": 1306, "2012-03-31": "1621.00000", "2011-12-31": 1402, "2011-09-30": 1275, "2011-06-30": -120, "2011-03-31": "1663.00000", "2010-12-31": 1296, "2010-09-30": 736, "2010-06-30": 722, "2010-03-31": "-305.00000", "2009-12-31": 193, "2009-09-30": 694, "2009-06-30": 834, "2009-03-31": "4094.00000", "2008-12-31": 437, "2008-09-30": 1765, "2008-06-30": 0, "2008-03-31": "", "2007-12-31": -3459, "2007-09-30": 0, "2007-06-30": 0, "2007-03-31": "", "2006-12-31": -114, "2006-09-30": 0, "2006-06-30": 0, "2006-03-31": "", "2005-12-31": -5110, "2005-09-30": 0, "2005-06-30": 0, "2005-03-31": ""}, "Change In Accounts Receivable": {"2020-09-30": -62, "2020-06-30": -540, "2020-03-31": "-77.00000", "2019-12-31": 359, "2019-09-30": 134, "2019-06-30": -906, "2019-03-31": "-183.00000", "2018-12-31": 158, "2018-09-30": -647, "2018-06-30": -1326, "2018-03-31": "166.00000", "2017-12-31": 408, "2017-09-30": -859, "2017-06-30": -410, "2017-03-31": "632.00000", "2016-12-31": -795, "2016-09-30": -267, "2016-06-30": -761, "2016-03-31": "-511.00000", "2015-12-31": 452, "2015-09-30": 578, "2015-06-30": -891, "2015-03-31": "-397.00000", "2014-12-31": 348, "2014-09-30": 124, "2014-06-30": -285, "2014-03-31": "-918.00000", "2013-12-31": 481, "2013-09-30": 99, "2013-06-30": 1143, "2013-03-31": "-169.00000", "2012-12-31": -853, "2012-09-30": 220, "2012-06-30": 122, "2012-03-31": "35.00000", "2011-12-31": -59, "2011-09-30": 153, "2011-06-30": 667, "2011-03-31": "-1068.00000", "2010-12-31": 258, "2010-09-30": -486, "2010-06-30": 98, "2010-03-31": "-1739.00000", "2009-12-31": 126, "2009-09-30": -192, "2009-06-30": 451, "2009-03-31": "291.00000", "2008-12-31": 102, "2008-09-30": -1013, "2008-06-30": 0, "2008-03-31": "", "2007-12-31": -1690, "2007-09-30": 0, "2007-06-30": 0, "2007-03-31": "", "2006-12-31": 578, "2006-09-30": 0, "2006-06-30": 0, "2006-03-31": "", "2005-12-31": -2088, "2005-09-30": 0, "2005-06-30": 0, "2005-03-31": ""}, "Change In Inventories": {"2020-09-30": 0, "2020-06-30": 0, "2020-03-31": "", "2019-12-31": 0, "2019-09-30": 0, "2019-06-30": 0, "2019-03-31": "", "2018-12-31": 0, "2018-09-30": 0, "2018-06-30": 0, "2018-03-31": "", "2017-12-31": 0, "2017-09-30": 0, "2017-06-30": 0, "2017-03-31": "", "2016-12-31": 0, "2016-09-30": 0, "2016-06-30": 0, "2016-03-31": "", "2015-12-31": 0, "2015-09-30": 0, "2015-06-30": 0, "2015-03-31": "", "2014-12-31": 0, "2014-09-30": 0, "2014-06-30": 0, "2014-03-31": "", "2013-12-31": 0, "2013-09-30": 0, "2013-06-30": 0, "2013-03-31": "", "2012-12-31": 0, "2012-09-30": 0, "2012-06-30": 0, "2012-03-31": "", "2011-12-31": 0, "2011-09-30": 0, "2011-06-30": 0, "2011-03-31": "", "2010-12-31": 0, "2010-09-30": 0, "2010-06-30": 0, "2010-03-31": "", "2009-12-31": 0, "2009-09-30": 0, "2009-06-30": 0, "2009-03-31": "", "2008-12-31": 0, "2008-09-30": 0, "2008-06-30": 0, "2008-03-31": "", "2007-12-31": 0, "2007-09-30": 0, "2007-06-30": 0, "2007-03-31": "", "2006-12-31": 0, "2006-09-30": 0, "2006-06-30": 0, "2006-03-31": "", "2005-12-31": 0, "2005-09-30": 0, "2005-06-30": 0, "2005-03-31": ""}, "Change In Accounts Payable": {"2020-09-30": 0, "2020-06-30": 0, "2020-03-31": "", "2019-12-31": 0, "2019-09-30": 0, "2019-06-30": 0, "2019-03-31": "", "2018-12-31": 0, "2018-09-30": 0, "2018-06-30": 0, "2018-03-31": "", "2017-12-31": 0, "2017-09-30": 0, "2017-06-30": 0, "2017-03-31": "", "2016-12-31": 0, "2016-09-30": 0, "2016-06-30": 0, "2016-03-31": "", "2015-12-31": 0, "2015-09-30": 0, "2015-06-30": 0, "2015-03-31": "", "2014-12-31": 0, "2014-09-30": 0, "2014-06-30": 0, "2014-03-31": "", "2013-12-31": 0, "2013-09-30": 0, "2013-06-30": 0, "2013-03-31": "", "2012-12-31": 0, "2012-09-30": 0, "2012-06-30": 0, "2012-03-31": "", "2011-12-31": 0, "2011-09-30": 0, "2011-06-30": 0, "2011-03-31": "", "2010-12-31": 0, "2010-09-30": 0, "2010-06-30": 0, "2010-03-31": "", "2009-12-31": 0, "2009-09-30": 0, "2009-06-30": 0, "2009-03-31": "", "2008-12-31": 0, "2008-09-30": 0, "2008-06-30": 0, "2008-03-31": "", "2007-12-31": 0, "2007-09-30": 0, "2007-06-30": 0, "2007-03-31": "", "2006-12-31": 0, "2006-09-30": 0, "2006-06-30": 0, "2006-03-31": "", "2005-12-31": 0, "2005-09-30": 0, "2005-06-30": 0, "2005-03-31": ""}, "Change In Assets/Liabilities": {"2020-09-30": 4352, "2020-06-30": 1916, "2020-03-31": "-280.00000", "2019-12-31": 3934, "2019-09-30": 1648, "2019-06-30": 780, "2019-03-31": "-1739.00000", "2018-12-31": 2677, "2018-09-30": 2055, "2018-06-30": 994, "2018-03-31": "-933.00000", "2017-12-31": 1162, "2017-09-30": 4487, "2017-06-30": 1651, "2017-03-31": "10025.00000", "2016-12-31": 1275, "2016-09-30": 1820, "2016-06-30": 920, "2016-03-31": "1308.00000", "2015-12-31": 112, "2015-09-30": 2733, "2015-06-30": 1808, "2015-03-31": "-2193.00000", "2014-12-31": -426, "2014-09-30": 4395, "2014-06-30": 716, "2014-03-31": "-473.00000", "2013-12-31": -33, "2013-09-30": 1743, "2013-06-30": -69, "2013-03-31": "-1666.00000", "2012-12-31": -964, "2012-09-30": 1708, "2012-06-30": 601, "2012-03-31": "-1420.00000", "2011-12-31": -509, "2011-09-30": 1736, "2011-06-30": 1977, "2011-03-31": "1120.00000", "2010-12-31": -3554, "2010-09-30": 2544, "2010-06-30": 1521, "2010-03-31": "962.00000", "2009-12-31": -995, "2009-09-30": -336, "2009-06-30": -2450, "2009-03-31": "2660.00000", "2008-12-31": 3123, "2008-09-30": 3299, "2008-06-30": 0, "2008-03-31": "", "2007-12-31": 3579, "2007-09-30": 0, "2007-06-30": 0, "2007-03-31": "", "2006-12-31": -1587, "2006-09-30": 0, "2006-06-30": 0, "2006-03-31": "", "2005-12-31": 6514, "2005-09-30": 0, "2005-06-30": 0, "2005-03-31": ""}, "Total Change In Assets/Liabilities": {"2020-09-30": 9976, "2020-06-30": 9940, "2020-03-31": "-14406.00000", "2019-12-31": 10748, "2019-09-30": 2352, "2019-06-30": 2659, "2019-03-31": "3449.00000", "2018-12-31": -4913, "2018-09-30": 4187, "2018-06-30": 481, "2018-03-31": "-1568.00000", "2017-12-31": -25980, "2017-09-30": 4328, "2017-06-30": 1683, "2017-03-31": "12108.00000", "2016-12-31": 923, "2016-09-30": 3332, "2016-06-30": 1484, "2016-03-31": "1294.00000", "2015-12-31": 328, "2015-09-30": 6502, "2015-06-30": 2068, "2015-03-31": "-978.00000", "2014-12-31": 2127, "2014-09-30": 5493, "2014-06-30": 1016, "2014-03-31": "-250.00000", "2013-12-31": 1396, "2013-09-30": 2500, "2013-06-30": 1189, "2013-03-31": "-42.00000", "2012-12-31": -831, "2012-09-30": 2005, "2012-06-30": 322, "2012-03-31": "-337.00000", "2011-12-31": -99, "2011-09-30": 2314, "2011-06-30": 3061, "2011-03-31": "234.00000", "2010-12-31": -1705, "2010-09-30": 3116, "2010-06-30": 735, "2010-03-31": "-194.00000", "2009-12-31": 473, "2009-09-30": 486, "2009-06-30": -1363, "2009-03-31": "1994.00000", "2008-12-31": 2072, "2008-09-30": 1382, "2008-06-30": 0, "2008-03-31": "", "2007-12-31": 2442, "2007-09-30": 0, "2007-06-30": 0, "2007-03-31": "", "2006-12-31": -706, "2006-09-30": 0, "2006-06-30": 0, "2006-03-31": "", "2005-12-31": 6028, "2005-09-30": 0, "2005-06-30": 0, "2005-03-31": ""}, "Cash Flow From Operating Activities": {"2020-09-30": 11761, "2020-06-30": 10668, "2020-03-31": "6798.00000", "2019-12-31": 12077, "2019-09-30": 9848, "2019-06-30": 9185, "2019-03-31": "7577.00000", "2018-12-31": 10845, "2018-09-30": 10464, "2018-06-30": 8535, "2018-03-31": "7556.00000", "2017-12-31": 8229, "2017-09-30": 10877, "2017-06-30": 8327, "2017-03-31": "18295.00000", "2016-12-31": 7550, "2016-09-30": 9833, "2016-06-30": 7810, "2016-03-31": "7454.00000", "2015-12-31": 7336, "2015-09-30": 10212, "2015-06-30": 7980, "2015-03-31": "5963.00000", "2014-12-31": 7853, "2014-09-30": 12324, "2014-06-30": 6905, "2014-03-31": "4928.00000", "2013-12-31": 6967, "2013-09-30": 7826, "2013-06-30": 6856, "2013-03-31": "6055.00000", "2012-12-31": 4790, "2012-09-30": 6651, "2012-06-30": 4859, "2012-03-31": "4650.00000", "2011-12-31": 4494, "2011-09-30": 5999, "2011-06-30": 6481, "2011-03-31": "3502.00000", "2010-12-31": 4064, "2010-09-30": 6971, "2010-06-30": 3547, "2010-03-31": "3313.00000", "2009-12-31": 3820, "2009-09-30": 4529, "2009-06-30": 2855, "2009-03-31": "4642.00000", "2008-12-31": 2824, "2008-09-30": 3437, "2008-06-30": 1638, "2008-03-31": "3353.00000", "2007-12-31": 1199, "2007-09-30": 3919, "2007-06-30": 2807, "2007-03-31": "4625.00000", "2006-12-31": 2313, "2006-09-30": 4431, "2006-06-30": 1092, "2006-03-31": "2359.00000", "2005-12-31": 3793, "2005-09-30": 2560, "2005-06-30": 1734, "2005-03-31": "1359.00000"}, "Net Change In Property, Plant, And Equipment": {"2020-09-30": -3329, "2020-06-30": -3219, "2020-03-31": "-2968.00000", "2019-12-31": -4840, "2019-09-30": -4392, "2019-06-30": -3596, "2019-03-31": "-3151.00000", "2018-12-31": -4497, "2018-09-30": -3711, "2018-06-30": -3740, "2018-03-31": "-2589.00000", "2017-12-31": -3297, "2017-09-30": -3262, "2017-06-30": -2794, "2017-03-31": "-2355.00000", "2016-12-31": -3525, "2016-09-30": -3285, "2016-06-30": -3301, "2016-03-31": "-2843.00000", "2015-12-31": -4279, "2015-09-30": -4967, "2015-06-30": -3389, "2015-03-31": "-3447.00000", "2014-12-31": -5013, "2014-09-30": -4079, "2014-06-30": -3299, "2014-03-31": "-2794.00000", "2013-12-31": -3360, "2013-09-30": -2969, "2013-06-30": -2551, "2013-03-31": "-2207.00000", "2012-12-31": -2582, "2012-09-30": -2614, "2012-06-30": -2419, "2012-03-31": "-2160.00000", "2011-12-31": -2518, "2011-09-30": -2229, "2011-06-30": -1962, "2011-03-31": "-1482.00000", "2010-12-31": -1689, "2010-09-30": -1575, "2010-06-30": -1546, "2010-03-31": "-1170.00000", "2009-12-31": -1134, "2009-09-30": -1170, "2009-06-30": -1260, "2009-03-31": "-1373.00000", "2008-12-31": -1937, "2008-09-30": -1663, "2008-06-30": -1497, "2008-03-31": "-1041.00000", "2007-12-31": -1456, "2007-09-30": -1365, "2007-06-30": -1324, "2007-03-31": "-1228.00000", "2006-12-31": -1430, "2006-09-30": -1311, "2006-06-30": -1083, "2006-03-31": "-747.00000", "2005-12-31": -1143, "2005-09-30": -365, "2005-06-30": -384, "2005-03-31": "-303.00000"}, "Net Change In Intangible Assets": {"2020-09-30": 0, "2020-06-30": 0, "2020-03-31": "", "2019-12-31": 0, "2019-09-30": 0, "2019-06-30": 0, "2019-03-31": "", "2018-12-31": 0, "2018-09-30": 0, "2018-06-30": 0, "2018-03-31": "", "2017-12-31": 0, "2017-09-30": 0, "2017-06-30": 0, "2017-03-31": "", "2016-12-31": 0, "2016-09-30": 0, "2016-06-30": 0, "2016-03-31": "", "2015-12-31": 0, "2015-09-30": 0, "2015-06-30": 0, "2015-03-31": "", "2014-12-31": 0, "2014-09-30": 0, "2014-06-30": 0, "2014-03-31": "", "2013-12-31": 0, "2013-09-30": 0, "2013-06-30": 0, "2013-03-31": "", "2012-12-31": 0, "2012-09-30": 0, "2012-06-30": 0, "2012-03-31": "", "2011-12-31": 0, "2011-09-30": 0, "2011-06-30": 0, "2011-03-31": "", "2010-12-31": 0, "2010-09-30": 0, "2010-06-30": 0, "2010-03-31": "", "2009-12-31": 0, "2009-09-30": 0, "2009-06-30": 0, "2009-03-31": "", "2008-12-31": 0, "2008-09-30": 0, "2008-06-30": 0, "2008-03-31": "", "2007-12-31": 0, "2007-09-30": 0, "2007-06-30": 0, "2007-03-31": "", "2006-12-31": 0, "2006-09-30": 0, "2006-06-30": 0, "2006-03-31": "", "2005-12-31": 0, "2005-09-30": 0, "2005-06-30": 0, "2005-03-31": ""}, "Net Acquisitions/Divestitures": {"2020-09-30": -29, "2020-06-30": -56, "2020-03-31": "-26.00000", "2019-12-31": -951, "2019-09-30": -152, "2019-06-30": -318, "2019-03-31": "-262.00000", "2018-12-31": -2758, "2018-09-30": -148, "2018-06-30": -261, "2018-03-31": "-112.00000", "2017-12-31": -68, "2017-09-30": -919, "2017-06-30": -122, "2017-03-31": "-1599.00000", "2016-12-31": -584, "2016-09-30": -375, "2016-06-30": -255, "2016-03-31": "-30185.00000", "2015-12-31": -100, "2015-09-30": -302, "2015-06-30": -505, "2015-03-31": "-3995.00000", "2014-12-31": -3755, "2014-09-30": -393, "2014-06-30": 24, "2014-03-31": "-700.00000", "2013-12-31": -5601, "2013-09-30": -676, "2013-06-30": -62, "2013-03-31": "-92.00000", "2012-12-31": -1357, "2012-09-30": -1362, "2012-06-30": -130, "2012-03-31": "-339.00000", "2011-12-31": -701, "2011-09-30": -7812, "2011-06-30": -41, "2011-03-31": "-131.00000", "2010-12-31": -548, "2010-09-30": -13, "2010-06-30": -452, "2010-03-31": "-14911.00000", "2009-12-31": -33, "2009-09-30": 146, "2009-06-30": 309, "2009-03-31": "-530.00000", "2008-12-31": -190, "2008-09-30": -436, "2008-06-30": -551, "2008-03-31": "-4873.00000", "2007-12-31": 26, "2007-09-30": -410, "2007-06-30": -348, "2007-03-31": "-870.00000", "2006-12-31": 5, "2006-09-30": -4378, "2006-06-30": -296, "2006-03-31": "-5463.00000", "2005-12-31": -565, "2005-09-30": -1598, "2005-06-30": -33, "2005-03-31": "-191.00000"}, "Net Change In Short-term Investments": {"2020-09-30": 0, "2020-06-30": 0, "2020-03-31": "", "2019-12-31": 0, "2019-09-30": 0, "2019-06-30": 0, "2019-03-31": "", "2018-12-31": 0, "2018-09-30": 0, "2018-06-30": 0, "2018-03-31": "", "2017-12-31": 0, "2017-09-30": 0, "2017-06-30": 0, "2017-03-31": "", "2016-12-31": 0, "2016-09-30": 0, "2016-06-30": 0, "2016-03-31": "", "2015-12-31": 0, "2015-09-30": 0, "2015-06-30": 0, "2015-03-31": "", "2014-12-31": 0, "2014-09-30": 0, "2014-06-30": 0, "2014-03-31": "", "2013-12-31": 0, "2013-09-30": 0, "2013-06-30": 0, "2013-03-31": "", "2012-12-31": 0, "2012-09-30": 0, "2012-06-30": 0, "2012-03-31": "", "2011-12-31": 0, "2011-09-30": 0, "2011-06-30": 0, "2011-03-31": "", "2010-12-31": 0, "2010-09-30": 0, "2010-06-30": 0, "2010-03-31": "", "2009-12-31": 0, "2009-09-30": 0, "2009-06-30": 0, "2009-03-31": "", "2008-12-31": 0, "2008-09-30": 0, "2008-06-30": 0, "2008-03-31": "", "2007-12-31": 0, "2007-09-30": 0, "2007-06-30": 0, "2007-03-31": "", "2006-12-31": 0, "2006-09-30": 0, "2006-06-30": 0, "2006-03-31": "", "2005-12-31": 0, "2005-09-30": 0, "2005-06-30": 0, "2005-03-31": ""}, "Net Change In Long-Term Investments": {"2020-09-30": -7628, "2020-06-30": -10749, "2020-03-31": "-24366.00000", "2019-12-31": -14925, "2019-09-30": 23780, "2019-06-30": 11346, "2019-03-31": "-6934.00000", "2018-12-31": -14288, "2018-09-30": -28044, "2018-06-30": 3696, "2018-03-31": "25103.00000", "2017-12-31": -13100, "2017-09-30": 9880, "2017-06-30": -1590, "2017-03-31": "-18442.00000", "2016-12-31": -5311, "2016-09-30": -21106, "2016-06-30": -2914, "2016-03-31": "-10347.00000", "2015-12-31": 970, "2015-09-30": -5827, "2015-06-30": -1851, "2015-03-31": "-787.00000", "2014-12-31": -634, "2014-09-30": -1889, "2014-06-30": 2184, "2014-03-31": "-1018.00000", "2013-12-31": -5721, "2013-09-30": -115, "2013-06-30": -2691, "2013-03-31": "-444.00000", "2012-12-31": 387, "2012-09-30": 2504, "2012-06-30": 926, "2012-03-31": "-2309.00000", "2011-12-31": 10923, "2011-09-30": -5959, "2011-06-30": -3853, "2011-03-31": "255.00000", "2010-12-31": 1626, "2010-09-30": 733, "2010-06-30": 567, "2010-03-31": "828.00000", "2009-12-31": 2004, "2009-09-30": -447, "2009-06-30": -388, "2009-03-31": "-1339.00000", "2008-12-31": 5015, "2008-09-30": 792, "2008-06-30": -3720, "2008-03-31": "-7656.00000", "2007-12-31": -1355, "2007-09-30": -3270, "2007-06-30": -1027, "2007-03-31": "-591.00000", "2006-12-31": -2031, "2006-09-30": 2039, "2006-06-30": -1113, "2006-03-31": "94.00000", "2005-12-31": -5824, "2005-09-30": -2608, "2005-06-30": -677, "2005-03-31": "-835.00000"}, "Net Change In Investments - Total": {"2020-09-30": -7628, "2020-06-30": -10749, "2020-03-31": "-24366.00000", "2019-12-31": -14925, "2019-09-30": 23780, "2019-06-30": 11346, "2019-03-31": "-6934.00000", "2018-12-31": -14288, "2018-09-30": -28044, "2018-06-30": 3696, "2018-03-31": "25103.00000", "2017-12-31": -13100, "2017-09-30": 9880, "2017-06-30": -1590, "2017-03-31": "-18442.00000", "2016-12-31": -5311, "2016-09-30": -21106, "2016-06-30": -2914, "2016-03-31": "-10347.00000", "2015-12-31": 970, "2015-09-30": -5827, "2015-06-30": -1851, "2015-03-31": "-787.00000", "2014-12-31": -634, "2014-09-30": -1889, "2014-06-30": 2184, "2014-03-31": "-1018.00000", "2013-12-31": -5721, "2013-09-30": -115, "2013-06-30": -2691, "2013-03-31": "-444.00000", "2012-12-31": 387, "2012-09-30": 2504, "2012-06-30": 926, "2012-03-31": "-2309.00000", "2011-12-31": 10923, "2011-09-30": -5959, "2011-06-30": -3853, "2011-03-31": "255.00000", "2010-12-31": 1626, "2010-09-30": 733, "2010-06-30": 567, "2010-03-31": "828.00000", "2009-12-31": 2004, "2009-09-30": -447, "2009-06-30": -388, "2009-03-31": "-1339.00000", "2008-12-31": 5015, "2008-09-30": 792, "2008-06-30": -3720, "2008-03-31": "-7656.00000", "2007-12-31": -1355, "2007-09-30": -3270, "2007-06-30": -1027, "2007-03-31": "-591.00000", "2006-12-31": -2031, "2006-09-30": 2039, "2006-06-30": -1113, "2006-03-31": "94.00000", "2005-12-31": -5824, "2005-09-30": -2608, "2005-06-30": -677, "2005-03-31": "-835.00000"}, "Investing Activities - Other": {"2020-09-30": -869, "2020-06-30": -723, "2020-03-31": "-444.00000", "2019-12-31": -361, "2019-09-30": -872, "2019-06-30": -139, "2019-03-31": "146.00000", "2018-12-31": -275, "2018-09-30": -1558, "2018-06-30": 427, "2018-03-31": "-94.00000", "2017-12-31": -3398, "2017-09-30": 1152, "2017-06-30": -959, "2017-03-31": "-136.00000", "2016-12-31": 370, "2016-09-30": -153, "2016-06-30": 74, "2016-03-31": "-485.00000", "2015-12-31": 256, "2015-09-30": -8, "2015-06-30": 133, "2015-03-31": "97.00000", "2014-12-31": 42, "2014-09-30": 219, "2014-06-30": 122, "2014-03-31": "657.00000", "2013-12-31": 12611, "2013-09-30": 759, "2013-06-30": -13203, "2013-03-31": "-1213.00000", "2012-12-31": 444, "2012-09-30": 819, "2012-06-30": 351, "2012-03-31": "-733.00000", "2011-12-31": -9107, "2011-09-30": -4979, "2011-06-30": 6188, "2011-03-31": "4219.00000", "2010-12-31": 484, "2010-09-30": -395, "2010-06-30": -98, "2010-03-31": "-118.00000", "2009-12-31": -869, "2009-09-30": -17, "2009-06-30": -2875, "2009-03-31": "-2185.00000", "2008-12-31": -12933, "2008-09-30": -1290, "2008-06-30": -314, "2008-03-31": "228.00000", "2007-12-31": -244, "2007-09-30": 126, "2007-06-30": -33, "2007-03-31": "-59.00000", "2006-12-31": 1141, "2006-09-30": -119, "2006-06-30": 637, "2006-03-31": "-22.00000", "2005-12-31": 2064, "2005-09-30": -134, "2005-06-30": -918, "2005-03-31": "-327.00000"}, "Cash Flow From Investing Activities": {"2020-09-30": -11855, "2020-06-30": -14747, "2020-03-31": "-27804.00000", "2019-12-31": -21077, "2019-09-30": 18364, "2019-06-30": 7293, "2019-03-31": "-10201.00000", "2018-12-31": -21818, "2018-09-30": -33461, "2018-06-30": 122, "2018-03-31": "22308.00000", "2017-12-31": -19863, "2017-09-30": 6851, "2017-06-30": -5465, "2017-03-31": "-22532.00000", "2016-12-31": -9050, "2016-09-30": -24919, "2016-06-30": -6396, "2016-03-31": "-43860.00000", "2015-12-31": -3153, "2015-09-30": -11104, "2015-06-30": -5612, "2015-03-31": "-8132.00000", "2014-12-31": -9360, "2014-09-30": -6142, "2014-06-30": -969, "2014-03-31": "-3855.00000", "2013-12-31": -2071, "2013-09-30": -3001, "2013-06-30": -18507, "2013-03-31": "-3956.00000", "2012-12-31": -3108, "2012-09-30": -653, "2012-06-30": -1272, "2012-03-31": "-5541.00000", "2011-12-31": -1403, "2011-09-30": -20979, "2011-06-30": 332, "2011-03-31": "2861.00000", "2010-12-31": -127, "2010-09-30": -1250, "2010-06-30": -1529, "2010-03-31": "-15371.00000", "2009-12-31": -32, "2009-09-30": -1488, "2009-06-30": -4214, "2009-03-31": "-5427.00000", "2008-12-31": -10045, "2008-09-30": -2597, "2008-06-30": -6082, "2008-03-31": "-13342.00000", "2007-12-31": -3029, "2007-09-30": -4919, "2007-06-30": -2732, "2007-03-31": "-2748.00000", "2006-12-31": -2315, "2006-09-30": -3769, "2006-06-30": -1855, "2006-03-31": "-6138.00000", "2005-12-31": -5468, "2005-09-30": -4705, "2005-06-30": -2012, "2005-03-31": "-1656.00000"}, "Net Long-Term Debt": {"2020-09-30": -5, "2020-06-30": 2612, "2020-03-31": "2687.00000", "2019-12-31": 319, "2019-09-30": 2574, "2019-06-30": 2219, "2019-03-31": "699.00000", "2018-12-31": -613, "2018-09-30": 2616, "2018-06-30": -2420, "2018-03-31": "-1763.00000", "2017-12-31": -1475, "2017-09-30": -1042, "2017-06-30": -2790, "2017-03-31": "1951.00000", "2016-12-31": 1210, "2016-09-30": 158, "2016-06-30": 140, "2016-03-31": "11041.00000", "2015-12-31": -144, "2015-09-30": 933, "2015-06-30": 833, "2015-03-31": "2792.00000", "2014-12-31": 860, "2014-09-30": 992, "2014-06-30": 247, "2014-03-31": "965.00000", "2013-12-31": 1182, "2013-09-30": 1776, "2013-06-30": 1194, "2013-03-31": "1150.00000", "2012-12-31": -1193, "2012-09-30": 1154, "2012-06-30": -712, "2012-03-31": "2302.00000", "2011-12-31": -1262, "2011-09-30": 2017, "2011-06-30": 843, "2011-03-31": "-2256.00000", "2010-12-31": 7285, "2010-09-30": 676, "2010-06-30": 494, "2010-03-31": "-605.00000", "2009-12-31": -101, "2009-09-30": 34, "2009-06-30": 902, "2009-03-31": "1150.00000", "2008-12-31": -1035, "2008-09-30": 940, "2008-06-30": 85, "2008-03-31": "1358.00000", "2007-12-31": -368, "2007-09-30": 869, "2007-06-30": 901, "2007-03-31": "1047.00000", "2006-12-31": 1332, "2006-09-30": 324, "2006-06-30": -240, "2006-03-31": "1521.00000", "2005-12-31": 137, "2005-09-30": -31, "2005-06-30": 1506, "2005-03-31": "3697.00000"}, "Net Current Debt": {"2020-09-30": 104, "2020-06-30": -33, "2020-03-31": "-1133.00000", "2019-12-31": 101, "2019-09-30": 260, "2019-06-30": 408, "2019-03-31": "-503.00000", "2018-12-31": 811, "2018-09-30": -1674, "2018-06-30": 849, "2018-03-31": "-1929.00000", "2017-12-31": 1957, "2017-09-30": -340, "2017-06-30": 375, "2017-03-31": "87.00000", "2016-12-31": -758, "2016-09-30": 270, "2016-06-30": 71, "2016-03-31": "547.00000", "2015-12-31": 130, "2015-09-30": -262, "2015-06-30": -382, "2015-03-31": "136.00000", "2014-12-31": 710, "2014-09-30": -95, "2014-06-30": 321, "2014-03-31": "-4.00000", "2013-12-31": -48, "2013-09-30": -296, "2013-06-30": -477, "2013-03-31": "-496.00000", "2012-12-31": 680, "2012-09-30": -77, "2012-06-30": -8, "2012-03-31": "-904.00000", "2011-12-31": 853, "2011-09-30": -28, "2011-06-30": -734, "2011-03-31": "210.00000", "2010-12-31": 429, "2010-09-30": 2, "2010-06-30": 1, "2010-03-31": "-62.00000", "2009-12-31": -164, "2009-09-30": -382, "2009-06-30": -340, "2009-03-31": "1.00000", "2008-12-31": 651, "2008-09-30": 639, "2008-06-30": 48, "2008-03-31": "-155.00000", "2007-12-31": -182, "2007-09-30": 166, "2007-06-30": -402, "2007-03-31": "-178.00000", "2006-12-31": 0, "2006-09-30": 44, "2006-06-30": 157, "2006-03-31": "44.00000", "2005-12-31": 149, "2005-09-30": 186, "2005-06-30": 23, "2005-03-31": "3.00000"}, "Debt Issuance/Retirement Net - Total": {"2020-09-30": 99, "2020-06-30": 2579, "2020-03-31": "1554.00000", "2019-12-31": 420, "2019-09-30": 2834, "2019-06-30": 2627, "2019-03-31": "196.00000", "2018-12-31": 198, "2018-09-30": 942, "2018-06-30": -1571, "2018-03-31": "-3692.00000", "2017-12-31": 482, "2017-09-30": -1382, "2017-06-30": -2415, "2017-03-31": "2038.00000", "2016-12-31": 452, "2016-09-30": 428, "2016-06-30": 211, "2016-03-31": "11588.00000", "2015-12-31": -14, "2015-09-30": 671, "2015-06-30": 451, "2015-03-31": "2928.00000", "2014-12-31": 1570, "2014-09-30": 897, "2014-06-30": 568, "2014-03-31": "961.00000", "2013-12-31": 1134, "2013-09-30": 1480, "2013-06-30": 717, "2013-03-31": "654.00000", "2012-12-31": -513, "2012-09-30": 1077, "2012-06-30": -720, "2012-03-31": "1398.00000", "2011-12-31": -409, "2011-09-30": 1989, "2011-06-30": 109, "2011-03-31": "-2046.00000", "2010-12-31": 7714, "2010-09-30": 678, "2010-06-30": 495, "2010-03-31": "-667.00000", "2009-12-31": -265, "2009-09-30": -348, "2009-06-30": 562, "2009-03-31": "1151.00000", "2008-12-31": -384, "2008-09-30": 1579, "2008-06-30": 133, "2008-03-31": "1203.00000", "2007-12-31": -550, "2007-09-30": 1035, "2007-06-30": 499, "2007-03-31": "869.00000", "2006-12-31": 1332, "2006-09-30": 368, "2006-06-30": -83, "2006-03-31": "1565.00000", "2005-12-31": 286, "2005-09-30": 155, "2005-06-30": 1529, "2005-03-31": "3700.00000"}, "Net Common Equity Issued/Repurchased": {"2020-09-30": -8973, "2020-06-30": -4998, "2020-03-31": "-1741.00000", "2019-12-31": -2043, "2019-09-30": -674, "2019-06-30": -548, "2019-03-31": "-1585.00000", "2018-12-31": -418, "2018-09-30": -928, "2018-06-30": 0, "2018-03-31": "", "2017-12-31": 0, "2017-09-30": 0, "2017-06-30": 0, "2017-03-31": "", "2016-12-31": 0, "2016-09-30": 0, "2016-06-30": 0, "2016-03-31": "", "2015-12-31": 0, "2015-09-30": 0, "2015-06-30": 0, "2015-03-31": "", "2014-12-31": 0, "2014-09-30": 0, "2014-06-30": 0, "2014-03-31": "", "2013-12-31": 0, "2013-09-30": 0, "2013-06-30": 0, "2013-03-31": "", "2012-12-31": 0, "2012-09-30": 0, "2012-06-30": 0, "2012-03-31": "", "2011-12-31": 0, "2011-09-30": 0, "2011-06-30": 0, "2011-03-31": "", "2010-12-31": 0, "2010-09-30": 0, "2010-06-30": 0, "2010-03-31": "", "2009-12-31": 0, "2009-09-30": 0, "2009-06-30": 0, "2009-03-31": "", "2008-12-31": 0, "2008-09-30": 0, "2008-06-30": 0, "2008-03-31": "", "2007-12-31": 0, "2007-09-30": 0, "2007-06-30": 0, "2007-03-31": "", "2006-12-31": 0, "2006-09-30": 0, "2006-06-30": 0, "2006-03-31": "", "2005-12-31": 0, "2005-09-30": 0, "2005-06-30": 0, "2005-03-31": ""}, "Net Total Equity Issued/Repurchased": {"2020-09-30": -8973, "2020-06-30": -4998, "2020-03-31": "-1741.00000", "2019-12-31": -2043, "2019-09-30": -674, "2019-06-30": -548, "2019-03-31": "-1585.00000", "2018-12-31": -418, "2018-09-30": -928, "2018-06-30": 0, "2018-03-31": "", "2017-12-31": 0, "2017-09-30": 0, "2017-06-30": 0, "2017-03-31": "", "2016-12-31": 0, "2016-09-30": 0, "2016-06-30": 0, "2016-03-31": "", "2015-12-31": 0, "2015-09-30": 0, "2015-06-30": 0, "2015-03-31": "", "2014-12-31": 0, "2014-09-30": 0, "2014-06-30": 0, "2014-03-31": "", "2013-12-31": 0, "2013-09-30": 0, "2013-06-30": 0, "2013-03-31": "", "2012-12-31": 0, "2012-09-30": 0, "2012-06-30": 0, "2012-03-31": "", "2011-12-31": 0, "2011-09-30": 0, "2011-06-30": 0, "2011-03-31": "", "2010-12-31": 0, "2010-09-30": 0, "2010-06-30": 0, "2010-03-31": "", "2009-12-31": 0, "2009-09-30": 0, "2009-06-30": 0, "2009-03-31": "", "2008-12-31": 0, "2008-09-30": 0, "2008-06-30": 0, "2008-03-31": "", "2007-12-31": 0, "2007-09-30": 0, "2007-06-30": 0, "2007-03-31": "", "2006-12-31": 0, "2006-09-30": 0, "2006-06-30": 0, "2006-03-31": "", "2005-12-31": 0, "2005-09-30": 0, "2005-06-30": 0, "2005-03-31": ""}, "Total Common And Preferred Stock Dividends Paid": {"2020-09-30": 0, "2020-06-30": 0, "2020-03-31": "", "2019-12-31": 0, "2019-09-30": 0, "2019-06-30": 0, "2019-03-31": "", "2018-12-31": 0, "2018-09-30": 0, "2018-06-30": 0, "2018-03-31": "", "2017-12-31": 0, "2017-09-30": 0, "2017-06-30": 0, "2017-03-31": "", "2016-12-31": 0, "2016-09-30": 0, "2016-06-30": 0, "2016-03-31": "", "2015-12-31": 0, "2015-09-30": 0, "2015-06-30": 0, "2015-03-31": "", "2014-12-31": 0, "2014-09-30": 0, "2014-06-30": 0, "2014-03-31": "", "2013-12-31": 0, "2013-09-30": 0, "2013-06-30": 0, "2013-03-31": "", "2012-12-31": 0, "2012-09-30": 0, "2012-06-30": 0, "2012-03-31": "", "2011-12-31": 0, "2011-09-30": 0, "2011-06-30": 0, "2011-03-31": "", "2010-12-31": 0, "2010-09-30": 0, "2010-06-30": 0, "2010-03-31": "", "2009-12-31": 0, "2009-09-30": 0, "2009-06-30": 0, "2009-03-31": "", "2008-12-31": 0, "2008-09-30": 0, "2008-06-30": 0, "2008-03-31": "", "2007-12-31": 0, "2007-09-30": 0, "2007-06-30": 0, "2007-03-31": "", "2006-12-31": 0, "2006-09-30": 0, "2006-06-30": 0, "2006-03-31": "", "2005-12-31": 0, "2005-09-30": 0, "2005-06-30": 0, "2005-03-31": ""}, "Financial Activities - Other": {"2020-09-30": 18, "2020-06-30": -55, "2020-03-31": "-159.00000", "2019-12-31": -156, "2019-09-30": -62, "2019-06-30": 10, "2019-03-31": "-289.00000", "2018-12-31": -66, "2018-09-30": -24, "2018-06-30": -151, "2018-03-31": "-102.00000", "2017-12-31": -13, "2017-09-30": -16, "2017-06-30": -69, "2017-03-31": "-23.00000", "2016-12-31": 143, "2016-09-30": 15, "2016-06-30": -71, "2016-03-31": "25.00000", "2015-12-31": 19, "2015-09-30": -69, "2015-06-30": -73, "2015-03-31": "-110.00000", "2014-12-31": -15, "2014-09-30": 40, "2014-06-30": -18, "2014-03-31": "-1272.00000", "2013-12-31": 40, "2013-09-30": 12, "2013-06-30": -2479, "2013-03-31": "-597.00000", "2012-12-31": -1972, "2012-09-30": -57, "2012-06-30": 36, "2012-03-31": "-55.00000", "2011-12-31": -50, "2011-09-30": -41, "2011-06-30": -256, "2011-03-31": "-1513.00000", "2010-12-31": -7830, "2010-09-30": -18, "2010-06-30": -108, "2010-03-31": "7861.00000", "2009-12-31": 111, "2009-09-30": -341, "2009-06-30": -411, "2009-03-31": "-226.00000", "2008-12-31": -86, "2008-09-30": -79, "2008-06-30": -82, "2008-03-31": "2.00000", "2007-12-31": -383, "2007-09-30": 40, "2007-06-30": 313, "2007-03-31": "-457.00000", "2006-12-31": 47, "2006-09-30": -850, "2006-06-30": 57, "2006-03-31": "54.00000", "2005-12-31": 140, "2005-09-30": 260, "2005-06-30": -198, "2005-03-31": "-121.00000"}, "Cash Flow From Financial Activities": {"2020-09-30": -8856, "2020-06-30": -2474, "2020-03-31": "-346.00000", "2019-12-31": -1779, "2019-09-30": 2098, "2019-06-30": 2089, "2019-03-31": "-1678.00000", "2018-12-31": -286, "2018-09-30": -10, "2018-06-30": -1722, "2018-03-31": "-3794.00000", "2017-12-31": 469, "2017-09-30": -1398, "2017-06-30": -2484, "2017-03-31": "2015.00000", "2016-12-31": 595, "2016-09-30": 443, "2016-06-30": 140, "2016-03-31": "11613.00000", "2015-12-31": 5, "2015-09-30": 602, "2015-06-30": 378, "2015-03-31": "2818.00000", "2014-12-31": 1555, "2014-09-30": 937, "2014-06-30": 550, "2014-03-31": "-311.00000", "2013-12-31": 1174, "2013-09-30": 1492, "2013-06-30": -1762, "2013-03-31": "57.00000", "2012-12-31": -2485, "2012-09-30": 1020, "2012-06-30": -684, "2012-03-31": "1343.00000", "2011-12-31": -459, "2011-09-30": 1948, "2011-06-30": -147, "2011-03-31": "-3559.00000", "2010-12-31": -116, "2010-09-30": 660, "2010-06-30": 387, "2010-03-31": "7194.00000", "2009-12-31": -154, "2009-09-30": -689, "2009-06-30": 151, "2009-03-31": "925.00000", "2008-12-31": -470, "2008-09-30": 1500, "2008-06-30": 51, "2008-03-31": "1205.00000", "2007-12-31": -933, "2007-09-30": 1075, "2007-06-30": 812, "2007-03-31": "412.00000", "2006-12-31": 1379, "2006-09-30": -482, "2006-06-30": -26, "2006-03-31": "1619.00000", "2005-12-31": 426, "2005-09-30": 415, "2005-06-30": 1331, "2005-03-31": "3579.00000"}, "Net Cash Flow": {"2020-09-30": -9150, "2020-06-30": -6509, "2020-03-31": "-21536.00000", "2019-12-31": -10659, "2019-09-30": 30189, "2019-06-30": 18578, "2019-03-31": "-4287.00000", "2018-12-31": -11290, "2018-09-30": -23075, "2018-06-30": 6802, "2018-03-31": "26162.00000", "2017-12-31": -11139, "2017-09-30": 16369, "2017-06-30": 500, "2017-03-31": "-2161.00000", "2016-12-31": -1067, "2016-09-30": -14655, "2016-06-30": 1549, "2016-03-31": "-24786.00000", "2015-12-31": 4137, "2015-09-30": -327, "2015-06-30": 2876, "2015-03-31": "442.00000", "2014-12-31": -68, "2014-09-30": 6925, "2014-06-30": 6507, "2014-03-31": "762.00000", "2013-12-31": 6107, "2013-09-30": 6384, "2013-06-30": -13394, "2013-03-31": "2097.00000", "2012-12-31": -784, "2012-09-30": 7115, "2012-06-30": 2835, "2012-03-31": "527.00000", "2011-12-31": 2523, "2011-09-30": -13115, "2011-06-30": 6713, "2011-03-31": "2951.00000", "2010-12-31": 3766, "2010-09-30": 6508, "2010-06-30": 2283, "2010-03-31": "-4888.00000", "2009-12-31": 3639, "2009-09-30": 2408, "2009-06-30": -1040, "2009-03-31": "12.00000", "2008-12-31": -7830, "2008-09-30": 2210, "2008-06-30": -4407, "2008-03-31": "-8763.00000", "2007-12-31": -2754, "2007-09-30": 133, "2007-06-30": 923, "2007-03-31": "2284.00000", "2006-12-31": 1494, "2006-09-30": 180, "2006-06-30": -789, "2006-03-31": "-2160.00000", "2005-12-31": -1372, "2005-09-30": -1730, "2005-06-30": 1053, "2005-03-31": "3282.00000"}, "Stock-Based Compensation": {"2020-09-30": 0, "2020-06-30": 0, "2020-03-31": "", "2019-12-31": 0, "2019-09-30": 0, "2019-06-30": 0, "2019-03-31": "", "2018-12-31": 0, "2018-09-30": 0, "2018-06-30": 0, "2018-03-31": "", "2017-12-31": 0, "2017-09-30": 0, "2017-06-30": 0, "2017-03-31": "", "2016-12-31": 0, "2016-09-30": 0, "2016-06-30": 0, "2016-03-31": "", "2015-12-31": 0, "2015-09-30": 0, "2015-06-30": 0, "2015-03-31": "", "2014-12-31": 0, "2014-09-30": 0, "2014-06-30": 0, "2014-03-31": "", "2013-12-31": 0, "2013-09-30": 0, "2013-06-30": 0, "2013-03-31": "", "2012-12-31": 0, "2012-09-30": 0, "2012-06-30": 0, "2012-03-31": "", "2011-12-31": 0, "2011-09-30": 0, "2011-06-30": 0, "2011-03-31": "", "2010-12-31": 0, "2010-09-30": 0, "2010-06-30": 0, "2010-03-31": "", "2009-12-31": 0, "2009-09-30": 0, "2009-06-30": 0, "2009-03-31": "", "2008-12-31": 0, "2008-09-30": 0, "2008-06-30": 0, "2008-03-31": "", "2007-12-31": 0, "2007-09-30": 0, "2007-06-30": 0, "2007-03-31": "", "2006-12-31": 0, "2006-09-30": 0, "2006-06-30": 0, "2006-03-31": "", "2005-12-31": 0, "2005-09-30": 0, "2005-06-30": 0, "2005-03-31": ""}, "Common Stock Dividends Paid": {"2020-09-30": 0, "2020-06-30": 0, "2020-03-31": "", "2019-12-31": 0, "2019-09-30": 0, "2019-06-30": 0, "2019-03-31": "", "2018-12-31": 0, "2018-09-30": 0, "2018-06-30": 0, "2018-03-31": "", "2017-12-31": 0, "2017-09-30": 0, "2017-06-30": 0, "2017-03-31": "", "2016-12-31": 0, "2016-09-30": 0, "2016-06-30": 0, "2016-03-31": "", "2015-12-31": 0, "2015-09-30": 0, "2015-06-30": 0, "2015-03-31": "", "2014-12-31": 0, "2014-09-30": 0, "2014-06-30": 0, "2014-03-31": "", "2013-12-31": 0, "2013-09-30": 0, "2013-06-30": 0, "2013-03-31": "", "2012-12-31": 0, "2012-09-30": 0, "2012-06-30": 0, "2012-03-31": "", "2011-12-31": 0, "2011-09-30": 0, "2011-06-30": 0, "2011-03-31": "", "2010-12-31": 0, "2010-09-30": 0, "2010-06-30": 0, "2010-03-31": "", "2009-12-31": 0, "2009-09-30": 0, "2009-06-30": 0, "2009-03-31": "", "2008-12-31": 0, "2008-09-30": 0, "2008-06-30": 0, "2008-03-31": "", "2007-12-31": 0, "2007-09-30": 0, "2007-06-30": 0, "2007-03-31": "", "2006-12-31": 0, "2006-09-30": 0, "2006-06-30": 0, "2006-03-31": "", "2005-12-31": 0, "2005-09-30": 0, "2005-06-30": 0, "2005-03-31": ""}}, "financial ratios": {"Current Ratio": {"2019-12-31": "", "2018-12-31": "", "2017-12-31": "", "2016-12-31": "", "2015-12-31": "", "2014-12-31": "", "2013-12-31": "", "2012-12-31": "", "2011-12-31": "", "2010-12-31": "", "2009-12-31": "", "2008-12-31": "", "2007-12-31": "", "2006-12-31": "", "2005-12-31": ""}, "Long-term Debt / Capital": {"2019-12-31": "", "2018-12-31": "", "2017-12-31": "", "2016-12-31": "", "2015-12-31": "", "2014-12-31": "", "2013-12-31": "", "2012-12-31": "", "2011-12-31": "", "2010-12-31": "", "2009-12-31": "", "2008-12-31": "", "2007-12-31": "", "2006-12-31": "", "2005-12-31": ""}, "Debt/Equity Ratio": {"2019-12-31": "0.24120", "2018-12-31": "0.27660", "2017-12-31": "0.29150", "2016-12-31": "0.35610", "2015-12-31": "0.32590", "2014-12-31": "0.32870", "2013-12-31": "0.32170", "2012-12-31": "0.32750", "2011-12-31": "0.35740", "2010-12-31": "0.35950", "2009-12-31": "0.27920", "2008-12-31": "0.32440", "2007-12-31": "0.28020", "2006-12-31": "0.30070", "2005-12-31": "0.15800"}, "Gross Margin": {"2019-12-31": "", "2018-12-31": "", "2017-12-31": "", "2016-12-31": "", "2015-12-31": "", "2014-12-31": "", "2013-12-31": "", "2012-12-31": "", "2011-12-31": "", "2010-12-31": "", "2009-12-31": "", "2008-12-31": "", "2007-12-31": "", "2006-12-31": "", "2005-12-31": ""}, "Operating Margin": {"2019-12-31": "42.99930", "2018-12-31": "5.61500", "2017-12-31": "11.85370", "2016-12-31": "18.07790", "2015-12-31": "18.29070", "2014-12-31": "16.11920", "2013-12-31": "17.34670", "2012-12-31": "15.37580", "2011-12-31": "14.34780", "2010-12-31": "18.00710", "2009-12-31": "14.72630", "2008-12-31": "12.02010", "2007-12-31": "21.62040", "2006-12-31": "22.20040", "2005-12-31": "19.71890"}, "EBIT Margin": {"2019-12-31": "71.51550", "2018-12-31": "-3.44540", "2017-12-31": "12.74060", "2016-12-31": "21.93810", "2015-12-31": "18.29070", "2014-12-31": "16.11920", "2013-12-31": "17.34670", "2012-12-31": "15.37580", "2011-12-31": "14.34780", "2010-12-31": "18.00710", "2009-12-31": "14.72630", "2008-12-31": "12.02010", "2007-12-31": "21.62040", "2006-12-31": "22.20040", "2005-12-31": "19.71890"}, "EBITDA Margin": {"2019-12-31": "75.46820", "2018-12-31": "0.50030", "2017-12-31": "16.57000", "2016-12-31": "26.07590", "2015-12-31": "21.97850", "2014-12-31": "19.90460", "2013-12-31": "20.91960", "2012-12-31": "19.16380", "2011-12-31": "18.16990", "2010-12-31": "21.14920", "2009-12-31": "17.50600", "2008-12-31": "14.62710", "2007-12-31": "23.65600", "2006-12-31": "24.29700", "2005-12-31": "20.92140"}, "Pre-Tax Profit Margin": {"2019-12-31": "39.87180", "2018-12-31": "2.48870", "2017-12-31": "8.67910", "2016-12-31": "15.13520", "2015-12-31": "16.56660", "2014-12-31": "14.43510", "2013-12-31": "15.80900", "2012-12-31": "13.68680", "2011-12-31": "10.65780", "2010-12-31": "13.98910", "2009-12-31": "10.26910", "2008-12-31": "7.02690", "2007-12-31": "17.05020", "2006-12-31": "17.02680", "2005-12-31": "15.66320"}, "Net Profit Margin": {"2019-12-31": "31.97640", "2018-12-31": "1.62240", "2017-12-31": "18.73020", "2016-12-31": "11.19130", "2015-12-31": "11.41680", "2014-12-31": "10.20650", "2013-12-31": "10.69230", "2012-12-31": "9.12450", "2011-12-31": "7.13630", "2010-12-31": "9.52160", "2009-12-31": "7.16040", "2008-12-31": "4.63330", "2007-12-31": "11.17430", "2006-12-31": "11.17830", "2005-12-31": "10.44290"}, "Asset Turnover": {"2019-12-31": "0.31140", "2018-12-31": "0.35020", "2017-12-31": "0.34170", "2016-12-31": "0.34650", "2015-12-31": "0.38200", "2014-12-31": "0.37020", "2013-12-31": "0.37560", "2012-12-31": "0.38010", "2011-12-31": "0.36590", "2010-12-31": "0.36590", "2009-12-31": "0.37860", "2008-12-31": "0.40310", "2007-12-31": "0.43290", "2006-12-31": "0.39660", "2005-12-31": "0.41180"}, "Inventory Turnover Ratio": {"2019-12-31": "", "2018-12-31": "", "2017-12-31": "", "2016-12-31": "", "2015-12-31": "", "2014-12-31": "", "2013-12-31": "", "2012-12-31": "", "2011-12-31": "", "2010-12-31": "", "2009-12-31": "", "2008-12-31": "", "2007-12-31": "", "2006-12-31": "", "2005-12-31": ""}, "Receiveable Turnover": {"2019-12-31": "", "2018-12-31": "", "2017-12-31": "", "2016-12-31": "", "2015-12-31": "", "2014-12-31": "", "2013-12-31": "", "2012-12-31": "", "2011-12-31": "", "2010-12-31": "", "2009-12-31": "", "2008-12-31": "", "2007-12-31": "", "2006-12-31": "", "2005-12-31": ""}, "Days Sales In Receivables": {"2019-12-31": "", "2018-12-31": "", "2017-12-31": "", "2016-12-31": "", "2015-12-31": "", "2014-12-31": "", "2013-12-31": "", "2012-12-31": "", "2011-12-31": "", "2010-12-31": "", "2009-12-31": "", "2008-12-31": "", "2007-12-31": "", "2006-12-31": "", "2005-12-31": ""}, "ROE - Return On Equity": {"2019-12-31": "19.08520", "2018-12-31": "1.22610", "2017-12-31": "12.88610", "2016-12-31": "8.55800", "2015-12-31": "9.43990", "2014-12-31": "8.29950", "2013-12-31": "8.84020", "2012-12-31": "7.99220", "2011-12-31": "6.36000", "2010-12-31": "8.28190", "2009-12-31": "6.21640", "2008-12-31": "4.92140", "2007-12-31": "11.23720", "2006-12-31": "10.15970", "2005-12-31": "9.32180"}, "Return On Tangible Equity": {"2019-12-31": "25.91390", "2018-12-31": "1.80100", "2017-12-31": "19.04160", "2016-12-31": "14.16380", "2015-12-31": "13.07160", "2014-12-31": "11.65160", "2013-12-31": "11.84960", "2012-12-31": "11.17130", "2011-12-31": "9.28400", "2010-12-31": "11.84430", "2009-12-31": "8.29070", "2008-12-31": "7.00150", "2007-12-31": "15.43970", "2006-12-31": "14.45900", "2005-12-31": "12.57080"}, "ROA - Return On Assets": {"2019-12-31": "10.00230", "2018-12-31": "0.61060", "2017-12-31": "6.45970", "2016-12-31": "3.93440", "2015-12-31": "4.42080", "2014-12-31": "3.83560", "2013-12-31": "4.09230", "2012-12-31": "3.58220", "2011-12-31": "2.73680", "2010-12-31": "3.62520", "2009-12-31": "2.84090", "2008-12-31": "2.09280", "2007-12-31": "4.96670", "2006-12-31": "4.43370", "2005-12-31": "4.30000"}, "ROI - Return On Investment": {"2019-12-31": "19.08520", "2018-12-31": "1.22610", "2017-12-31": "12.88610", "2016-12-31": "8.55800", "2015-12-31": "9.43990", "2014-12-31": "8.29950", "2013-12-31": "8.84020", "2012-12-31": "7.99220", "2011-12-31": "6.36000", "2010-12-31": "8.28190", "2009-12-31": "6.21640", "2008-12-31": "4.92140", "2007-12-31": "11.23720", "2006-12-31": "10.15970", "2005-12-31": "9.32180"}, "Book Value Per Share": {"2019-12-31": "309.39090", "2018-12-31": "257.64730", "2017-12-31": "262.37650", "2016-12-31": "219.10650", "2015-12-31": "206.36250", "2014-12-31": "198.27900", "2013-12-31": "190.52800", "2012-12-31": "170.62200", "2011-12-31": "157.93980", "2010-12-31": "154.88950", "2009-12-31": "182.07700", "2008-12-31": "154.40740", "2007-12-31": "", "2006-12-31": "", "2005-12-31": ""}, "Operating Cash Flow Per Share": {"2019-12-31": 0.6161, "2018-12-31": -3.366, "2017-12-31": 5.2927, "2016-12-31": 0.4635, "2015-12-31": -0.2083, "2014-12-31": 1.7541, "2013-12-31": 2.7697, "2012-12-31": 0.1842, "2011-12-31": 0.9794, "2010-12-31": 0.483, "2009-12-31": 1.9662, "2008-12-31": -0.5695, "2007-12-31": 1.1431, "2006-12-31": 0.3082, "2005-12-31": 3.9578}, "Free Cash Flow Per Share": {"2019-12-31": -0.0074, "2018-12-31": -4.515, "2017-12-31": 5.8, "2016-12-31": 1.7338, "2015-12-31": -0.573, "2014-12-31": 0.0894, "2013-12-31": 2.2225, "2012-12-31": -0.4521, "2011-12-31": 0.1076, "2010-12-31": 0.1677, "2009-12-31": 2.4858, "2008-12-31": -0.8937, "2007-12-31": 0.74, "2006-12-31": -0.6848, "2005-12-31": 3.0381}}, "financial ratios, quarterly": {"Current Ratio": {"2020-09-30": "", "2020-06-30": "", "2020-03-31": "", "2019-12-31": "", "2019-09-30": "", "2019-06-30": "", "2019-03-31": "", "2018-12-31": "", "2018-09-30": "", "2018-06-30": "", "2018-03-31": "", "2017-12-31": "", "2017-09-30": "", "2017-06-30": "", "2017-03-31": "", "2016-12-31": "", "2016-09-30": "", "2016-06-30": "", "2016-03-31": "", "2015-12-31": "", "2015-09-30": "", "2015-06-30": "", "2015-03-31": "", "2014-12-31": "", "2014-09-30": "", "2014-06-30": "", "2014-03-31": "", "2013-12-31": "", "2013-09-30": "", "2013-06-30": "", "2013-03-31": "", "2012-12-31": "", "2012-09-30": "", "2012-06-30": "", "2012-03-31": "", "2011-12-31": "", "2011-09-30": "", "2011-06-30": "", "2011-03-31": "", "2010-12-31": "", "2010-09-30": "", "2010-06-30": "", "2010-03-31": "", "2009-12-31": "", "2009-09-30": "", "2009-06-30": "", "2009-03-31": "", "2008-12-31": "", "2008-09-30": "", "2008-06-30": "", "2008-03-31": "", "2007-12-31": "", "2007-09-30": "", "2007-06-30": "", "2007-03-31": "", "2006-12-31": "", "2006-09-30": "", "2006-06-30": "", "2006-03-31": "", "2005-12-31": "", "2005-09-30": "", "2005-06-30": "", "2005-03-31": ""}, "Long-term Debt / Capital": {"2020-09-30": "", "2020-06-30": "", "2020-03-31": "", "2019-12-31": "", "2019-09-30": "", "2019-06-30": "", "2019-03-31": "", "2018-12-31": "", "2018-09-30": "", "2018-06-30": "", "2018-03-31": "", "2017-12-31": "", "2017-09-30": "", "2017-06-30": "", "2017-03-31": "", "2016-12-31": "", "2016-09-30": "", "2016-06-30": "", "2016-03-31": "", "2015-12-31": "", "2015-09-30": "", "2015-06-30": "", "2015-03-31": "", "2014-12-31": "", "2014-09-30": "", "2014-06-30": "", "2014-03-31": "", "2013-12-31": "", "2013-09-30": "", "2013-06-30": "", "2013-03-31": "", "2012-12-31": "", "2012-09-30": "", "2012-06-30": "", "2012-03-31": "", "2011-12-31": "", "2011-09-30": "", "2011-06-30": "", "2011-03-31": "", "2010-12-31": "", "2010-09-30": "", "2010-06-30": "", "2010-03-31": "", "2009-12-31": "", "2009-09-30": "", "2009-06-30": "", "2009-03-31": "", "2008-12-31": "", "2008-09-30": "", "2008-06-30": "", "2008-03-31": "", "2007-12-31": "", "2007-09-30": "", "2007-06-30": "", "2007-03-31": "", "2006-12-31": "", "2006-09-30": "", "2006-06-30": "", "2006-03-31": "", "2005-12-31": "", "2005-09-30": "0.01430", "2005-06-30": "0.04960", "2005-03-31": "0.05900"}, "Debt/Equity Ratio": {"2020-09-30": "0.25690", "2020-06-30": "0.26860", "2020-03-31": "0.27780", "2019-12-31": "0.24120", "2019-09-30": "0.25450", "2019-06-30": "0.25860", "2019-03-31": "0.26090", "2018-12-31": "0.27660", "2018-09-30": "0.25730", "2018-06-30": "0.26750", "2018-03-31": "0.28230", "2017-12-31": "0.29150", "2017-09-30": "0.32540", "2017-06-30": "0.33630", "2017-03-31": "0.35090", "2016-12-31": "0.35610", "2016-09-30": "0.37340", "2016-06-30": "0.38090", "2016-03-31": "0.38780", "2015-12-31": "0.32590", "2015-09-30": "0.33790", "2015-06-30": "0.33940", "2015-03-31": "0.34220", "2014-12-31": "0.32870", "2014-09-30": "0.31130", "2014-06-30": "0.31290", "2014-03-31": "0.31800", "2013-12-31": "0.32170", "2013-09-30": "0.31100", "2013-06-30": "0.31200", "2013-03-31": "0.31290", "2012-12-31": "0.32750", "2012-09-30": "0.33060", "2012-06-30": "0.33640", "2012-03-31": "0.34300", "2011-12-31": "0.35740", "2011-09-30": "0.36910", "2011-06-30": "0.34010", "2011-03-31": "0.34420", "2010-12-31": "0.35950", "2010-09-30": "0.37950", "2010-06-30": "0.39300", "2010-03-31": "0.37930", "2009-12-31": "0.27920", "2009-09-30": "0.29090", "2009-06-30": "0.32640", "2009-03-31": "0.35370", "2008-12-31": "0.32440", "2008-09-30": "0.31260", "2008-06-30": "0.30710", "2008-03-31": "0.30310", "2007-12-31": "0.28020", "2007-09-30": "0.28960", "2007-06-30": "0.29140", "2007-03-31": "0.30050", "2006-12-31": "0.30070", "2006-09-30": "0.30290", "2006-06-30": "0.31300", "2006-03-31": "0.31970", "2005-12-31": "0.15800", "2005-09-30": "0.17270", "2005-06-30": "0.20840", "2005-03-31": "0.20610"}, "Gross Margin": {"2020-09-30": "", "2020-06-30": "", "2020-03-31": "", "2019-12-31": "", "2019-09-30": "", "2019-06-30": "", "2019-03-31": "", "2018-12-31": "", "2018-09-30": "", "2018-06-30": "", "2018-03-31": "", "2017-12-31": "", "2017-09-30": "", "2017-06-30": "", "2017-03-31": "", "2016-12-31": "", "2016-09-30": "", "2016-06-30": "", "2016-03-31": "", "2015-12-31": "", "2015-09-30": "", "2015-06-30": "", "2015-03-31": "", "2014-12-31": "", "2014-09-30": "", "2014-06-30": "", "2014-03-31": "", "2013-12-31": "", "2013-09-30": "", "2013-06-30": "", "2013-03-31": "", "2012-12-31": "", "2012-09-30": "", "2012-06-30": "", "2012-03-31": "", "2011-12-31": "", "2011-09-30": "", "2011-06-30": "", "2011-03-31": "", "2010-12-31": "", "2010-09-30": "", "2010-06-30": "", "2010-03-31": "", "2009-12-31": "", "2009-09-30": "", "2009-06-30": "", "2009-03-31": "", "2008-12-31": "", "2008-09-30": "", "2008-06-30": "", "2008-03-31": "", "2007-12-31": "", "2007-09-30": "", "2007-06-30": "", "2007-03-31": "", "2006-12-31": "", "2006-09-30": "", "2006-06-30": "", "2006-03-31": "", "2005-12-31": "", "2005-09-30": "", "2005-06-30": "", "2005-03-31": ""}, "Operating Margin": {"2020-09-30": "63.65990", "2020-06-30": "85.14080", "2020-03-31": "-100.34440", "2019-12-31": "58.99830", "2019-09-30": "33.84840", "2019-06-30": "31.13620", "2019-03-31": "47.99600", "2018-12-31": "-43.35000", "2018-09-30": "39.20410", "2018-06-30": "27.10770", "2018-03-31": "-0.34200", "2017-12-31": "13.81970", "2017-09-30": "11.02060", "2017-06-30": "12.72010", "2017-03-31": "10.05750", "2016-12-31": "24.59780", "2016-09-30": "19.27670", "2016-06-30": "14.54820", "2016-03-31": "14.16520", "2015-12-31": "16.00050", "2015-09-30": "25.32170", "2015-06-30": "13.26310", "2015-03-31": "17.51910", "2014-12-31": "13.86970", "2014-09-30": "14.77960", "2014-06-30": "19.57320", "2014-03-31": "16.23660", "2013-12-31": "16.89730", "2013-09-30": "17.36960", "2013-06-30": "16.96460", "2013-03-31": "18.19360", "2012-12-31": "12.03940", "2012-09-30": "17.81240", "2012-06-30": "15.59440", "2012-03-31": "16.44430", "2011-12-31": "15.29180", "2011-09-30": "14.01350", "2011-06-30": "17.21270", "2011-03-31": "10.36770", "2010-12-31": "21.59820", "2010-09-30": "16.37260", "2010-06-30": "13.85730", "2010-03-31": "19.91140", "2009-12-31": "18.97480", "2009-09-30": "20.51230", "2009-06-30": "20.48160", "2009-03-31": "-5.97790", "2008-12-31": "5.94100", "2008-09-30": "10.53500", "2008-06-30": "19.46300", "2008-03-31": "10.70900", "2007-12-31": "20.56130", "2007-09-30": "27.54120", "2007-06-30": "22.73380", "2007-03-31": "16.21300", "2006-12-31": "25.10770", "2006-09-30": "22.04650", "2006-06-30": "20.26880", "2006-03-31": "21.07370", "2005-12-31": "34.48830", "2005-09-30": "8.25500", "2005-06-30": "16.48830", "2005-03-31": "15.14120"}, "EBIT Margin": {"2020-09-30": "113.77100", "2020-06-30": "155.66330", "2020-03-31": "-215.05100", "2019-12-31": "106.89790", "2019-09-30": "50.66490", "2019-06-30": "46.93540", "2019-03-31": "81.48750", "2018-12-31": "-99.08030", "2018-09-30": "62.38140", "2018-06-30": "37.33600", "2018-03-31": "-14.04920", "2017-12-31": "14.09690", "2017-09-30": "12.64220", "2017-06-30": "13.11300", "2017-03-31": "11.26150", "2016-12-31": "41.25450", "2016-09-30": "19.27670", "2016-06-30": "14.54820", "2016-03-31": "14.16520", "2015-12-31": "16.00050", "2015-09-30": "25.32170", "2015-06-30": "13.26310", "2015-03-31": "17.51910", "2014-12-31": "13.86970", "2014-09-30": "14.77960", "2014-06-30": "19.57320", "2014-03-31": "16.23660", "2013-12-31": "16.89730", "2013-09-30": "17.36960", "2013-06-30": "16.96460", "2013-03-31": "18.19360", "2012-12-31": "12.03940", "2012-09-30": "17.81240", "2012-06-30": "15.59440", "2012-03-31": "16.44430", "2011-12-31": "15.29180", "2011-09-30": "14.01350", "2011-06-30": "17.21270", "2011-03-31": "10.36770", "2010-12-31": "21.59820", "2010-09-30": "16.37260", "2010-06-30": "13.85730", "2010-03-31": "19.91140", "2009-12-31": "18.97480", "2009-09-30": "20.51230", "2009-06-30": "20.48160", "2009-03-31": "-5.97790", "2008-12-31": "5.94100", "2008-09-30": "10.53500", "2008-06-30": "19.46300", "2008-03-31": "10.70900", "2007-12-31": "20.56130", "2007-09-30": "27.54120", "2007-06-30": "22.73380", "2007-03-31": "16.21300", "2006-12-31": "25.10770", "2006-09-30": "22.04650", "2006-06-30": "20.26880", "2006-03-31": "21.07370", "2005-12-31": "34.48830", "2005-09-30": "8.25500", "2005-06-30": "16.48830", "2005-03-31": "15.14120"}, "EBITDA Margin": {"2020-09-30": "", "2020-06-30": "", "2020-03-31": "", "2019-12-31": "", "2019-09-30": "", "2019-06-30": "", "2019-03-31": "", "2018-12-31": "", "2018-09-30": "", "2018-06-30": "", "2018-03-31": "", "2017-12-31": "", "2017-09-30": "", "2017-06-30": "", "2017-03-31": "", "2016-12-31": "", "2016-09-30": "", "2016-06-30": "", "2016-03-31": "", "2015-12-31": "", "2015-09-30": "", "2015-06-30": "", "2015-03-31": "", "2014-12-31": "", "2014-09-30": "", "2014-06-30": "", "2014-03-31": "", "2013-12-31": "", "2013-09-30": "", "2013-06-30": "", "2013-03-31": "", "2012-12-31": "", "2012-09-30": "", "2012-06-30": "", "2012-03-31": "", "2011-12-31": "", "2011-09-30": "", "2011-06-30": "", "2011-03-31": "", "2010-12-31": "", "2010-09-30": "", "2010-06-30": "", "2010-03-31": "", "2009-12-31": "", "2009-09-30": "", "2009-06-30": "", "2009-03-31": "", "2008-12-31": "", "2008-09-30": "", "2008-06-30": "", "2008-03-31": "", "2007-12-31": "", "2007-09-30": "", "2007-06-30": "", "2007-03-31": "", "2006-12-31": "", "2006-09-30": "", "2006-06-30": "", "2006-03-31": "", "2005-12-31": "", "2005-09-30": "", "2005-06-30": "", "2005-03-31": ""}, "Pre-Tax Profit Margin": {"2020-09-30": "59.72330", "2020-06-30": "62.74810", "2020-03-31": "-102.91190", "2019-12-31": "55.67400", "2019-09-30": "30.54390", "2019-06-30": "27.72890", "2019-03-31": "45.56350", "2018-12-31": "-47.45900", "2018-09-30": "35.98270", "2018-06-30": "24.27330", "2018-03-31": "-2.60460", "2017-12-31": "6.33160", "2017-09-30": "9.46110", "2017-06-30": "10.10030", "2017-03-31": "8.83640", "2016-12-31": "16.45810", "2016-09-30": "17.88660", "2016-06-30": "13.58790", "2016-03-31": "12.37660", "2015-12-31": "14.21010", "2015-09-30": "23.85530", "2015-06-30": "11.38060", "2015-03-31": "15.72030", "2014-12-31": "12.09690", "2014-09-30": "13.18390", "2014-06-30": "17.91730", "2014-03-31": "14.51610", "2013-12-31": "15.37120", "2013-09-30": "15.85270", "2013-06-30": "15.41850", "2013-03-31": "16.62980", "2012-12-31": "15.10290", "2012-09-30": "14.46040", "2012-06-30": "11.97270", "2012-03-31": "12.92630", "2011-12-31": "11.72970", "2011-09-30": "9.96770", "2011-06-30": "13.75610", "2011-03-31": "6.62510", "2010-12-31": "17.92060", "2010-09-30": "12.49930", "2010-06-30": "9.26550", "2010-03-31": "15.91290", "2009-12-31": "14.78580", "2009-09-30": "16.18180", "2009-06-30": "16.18200", "2009-03-31": "-11.16130", "2008-12-31": "0.60180", "2008-09-30": "5.37850", "2008-06-30": "14.85730", "2008-03-31": "5.77160", "2007-12-31": "15.78290", "2007-09-30": "22.87140", "2007-06-30": "17.61070", "2007-03-31": "12.37010", "2006-12-31": "20.06020", "2006-09-30": "16.95980", "2006-06-30": "14.89350", "2006-03-31": "15.87230", "2005-12-31": "30.86170", "2005-09-30": "4.06660", "2005-06-30": "11.88220", "2005-03-31": "11.18860"}, "Net Profit Margin": {"2020-09-30": "47.81830", "2020-06-30": "46.26140", "2020-03-31": "-81.19810", "2019-12-31": "44.60750", "2019-09-30": "25.43250", "2019-06-30": "22.12810", "2019-03-31": "35.69830", "2018-12-31": "-39.85310", "2018-09-30": "29.21990", "2018-06-30": "19.31030", "2018-03-31": "-1.94620", "2017-12-31": "55.35880", "2017-09-30": "6.83450", "2017-06-30": "7.44380", "2017-03-31": "6.30730", "2016-12-31": "12.60880", "2016-09-30": "12.23260", "2016-06-30": "9.21780", "2016-03-31": "10.71450", "2015-12-31": "10.54640", "2015-09-30": "15.98260", "2015-06-30": "7.81230", "2015-03-31": "10.61590", "2014-12-31": "8.60520", "2014-09-30": "9.01780", "2014-06-30": "12.85120", "2014-03-31": "10.35140", "2013-12-31": "10.60600", "2013-09-30": "10.85710", "2013-06-30": "10.16040", "2013-03-31": "11.15190", "2012-12-31": "10.17670", "2012-09-30": "9.54930", "2012-06-30": "8.06310", "2012-03-31": "8.50660", "2011-12-31": "8.03060", "2011-09-30": "6.75180", "2011-06-30": "8.92770", "2011-03-31": "4.48100", "2010-12-31": "12.10290", "2010-09-30": "8.24010", "2010-06-30": "6.20640", "2010-03-31": "11.34000", "2009-12-31": "10.11990", "2009-09-30": "10.82800", "2009-06-30": "11.12910", "2009-03-31": "-6.73280", "2008-12-31": "0.47580", "2008-09-30": "3.78500", "2008-06-30": "9.57030", "2008-03-31": "3.73390", "2007-12-31": "10.50890", "2007-09-30": "15.20860", "2007-06-30": "11.40160", "2007-03-31": "7.88320", "2006-12-31": "13.65940", "2006-09-30": "10.93060", "2006-06-30": "9.70440", "2006-03-31": "10.16120", "2005-12-31": "20.22230", "2005-09-30": "2.85390", "2005-06-30": "7.99320", "2005-03-31": "7.72940"}, "Asset Turnover": {"2020-09-30": "0.07590", "2020-06-30": "0.07210", "2020-03-31": "0.08060", "2019-12-31": "0.07990", "2019-09-30": "0.08240", "2019-06-30": "0.08370", "2019-03-31": "0.08210", "2018-12-31": "0.09000", "2018-09-30": "0.08620", "2018-06-30": "0.08740", "2018-03-31": "0.08320", "2017-12-31": "0.08370", "2017-09-30": "0.08730", "2017-06-30": "0.08600", "2017-03-31": "0.09840", "2016-12-31": "0.08030", "2016-09-30": "0.09740", "2016-06-30": "0.09150", "2016-03-31": "0.08900", "2015-12-31": "0.09410", "2015-09-30": "0.10810", "2015-06-30": "0.09500", "2015-03-31": "0.09160", "2014-12-31": "0.09180", "2014-09-30": "0.09900", "2014-06-30": "0.09870", "2014-03-31": "0.09180", "2013-12-31": "0.09700", "2013-09-30": "0.10160", "2013-06-30": "0.10010", "2013-03-31": "0.09920", "2012-12-31": "0.10460", "2012-09-30": "0.09680", "2012-06-30": "0.09370", "2012-03-31": "0.09270", "2011-12-31": "0.09670", "2011-09-30": "0.08750", "2011-06-30": "0.10000", "2011-03-31": "0.08960", "2010-12-31": "0.09720", "2010-09-30": "0.09970", "2010-06-30": "0.09080", "2010-03-31": "0.08990", "2009-12-31": "0.10160", "2009-09-30": "0.10240", "2009-06-30": "0.10740", "2009-03-31": "0.08740", "2008-12-31": "0.09200", "2008-09-30": "0.09910", "2008-06-30": "0.10830", "2008-03-31": "0.08960", "2007-12-31": "0.10270", "2007-09-30": "0.10830", "2007-06-30": "0.10160", "2007-03-31": "0.12580", "2006-12-31": "0.10560", "2006-09-30": "0.10570", "2006-06-30": "0.10410", "2006-03-31": "0.09890", "2005-12-31": "0.12790", "2005-09-30": "0.10440", "2005-06-30": "0.09300", "2005-03-31": "0.09230"}, "Inventory Turnover Ratio": {"2020-09-30": "", "2020-06-30": "", "2020-03-31": "", "2019-12-31": "", "2019-09-30": "", "2019-06-30": "", "2019-03-31": "", "2018-12-31": "", "2018-09-30": "", "2018-06-30": "", "2018-03-31": "", "2017-12-31": "", "2017-09-30": "", "2017-06-30": "", "2017-03-31": "", "2016-12-31": "", "2016-09-30": "", "2016-06-30": "", "2016-03-31": "", "2015-12-31": "", "2015-09-30": "", "2015-06-30": "", "2015-03-31": "", "2014-12-31": "", "2014-09-30": "", "2014-06-30": "", "2014-03-31": "", "2013-12-31": "", "2013-09-30": "", "2013-06-30": "", "2013-03-31": "", "2012-12-31": "", "2012-09-30": "", "2012-06-30": "", "2012-03-31": "", "2011-12-31": "", "2011-09-30": "", "2011-06-30": "", "2011-03-31": "", "2010-12-31": "", "2010-09-30": "", "2010-06-30": "", "2010-03-31": "", "2009-12-31": "", "2009-09-30": "", "2009-06-30": "", "2009-03-31": "", "2008-12-31": "", "2008-09-30": "", "2008-06-30": "", "2008-03-31": "", "2007-12-31": "", "2007-09-30": "", "2007-06-30": "", "2007-03-31": "", "2006-12-31": "", "2006-09-30": "", "2006-06-30": "", "2006-03-31": "", "2005-12-31": "", "2005-09-30": "", "2005-06-30": "", "2005-03-31": ""}, "Receiveable Turnover": {"2020-09-30": "", "2020-06-30": "", "2020-03-31": "", "2019-12-31": "", "2019-09-30": "", "2019-06-30": "", "2019-03-31": "", "2018-12-31": "", "2018-09-30": "", "2018-06-30": "", "2018-03-31": "", "2017-12-31": "", "2017-09-30": "", "2017-06-30": "", "2017-03-31": "", "2016-12-31": "", "2016-09-30": "", "2016-06-30": "", "2016-03-31": "", "2015-12-31": "", "2015-09-30": "", "2015-06-30": "", "2015-03-31": "", "2014-12-31": "", "2014-09-30": "", "2014-06-30": "", "2014-03-31": "", "2013-12-31": "", "2013-09-30": "", "2013-06-30": "", "2013-03-31": "", "2012-12-31": "", "2012-09-30": "", "2012-06-30": "", "2012-03-31": "", "2011-12-31": "", "2011-09-30": "", "2011-06-30": "", "2011-03-31": "", "2010-12-31": "", "2010-09-30": "", "2010-06-30": "", "2010-03-31": "", "2009-12-31": "", "2009-09-30": "", "2009-06-30": "", "2009-03-31": "", "2008-12-31": "", "2008-09-30": "", "2008-06-30": "", "2008-03-31": "", "2007-12-31": "", "2007-09-30": "", "2007-06-30": "", "2007-03-31": "", "2006-12-31": "", "2006-09-30": "", "2006-06-30": "", "2006-03-31": "", "2005-12-31": "", "2005-09-30": "", "2005-06-30": "", "2005-03-31": ""}, "Days Sales In Receivables": {"2020-09-30": "", "2020-06-30": "", "2020-03-31": "", "2019-12-31": "", "2019-09-30": "", "2019-06-30": "", "2019-03-31": "", "2018-12-31": "", "2018-09-30": "", "2018-06-30": "", "2018-03-31": "", "2017-12-31": "", "2017-09-30": "", "2017-06-30": "", "2017-03-31": "", "2016-12-31": "", "2016-09-30": "", "2016-06-30": "", "2016-03-31": "", "2015-12-31": "", "2015-09-30": "", "2015-06-30": "", "2015-03-31": "", "2014-12-31": "", "2014-09-30": "", "2014-06-30": "", "2014-03-31": "", "2013-12-31": "", "2013-09-30": "", "2013-06-30": "", "2013-03-31": "", "2012-12-31": "", "2012-09-30": "", "2012-06-30": "", "2012-03-31": "", "2011-12-31": "", "2011-09-30": "", "2011-06-30": "", "2011-03-31": "", "2010-12-31": "", "2010-09-30": "", "2010-06-30": "", "2010-03-31": "", "2009-12-31": "", "2009-09-30": "", "2009-06-30": "", "2009-03-31": "", "2008-12-31": "", "2008-09-30": "", "2008-06-30": "", "2008-03-31": "", "2007-12-31": "", "2007-09-30": "", "2007-06-30": "", "2007-03-31": "", "2006-12-31": "", "2006-09-30": "", "2006-06-30": "", "2006-03-31": "", "2005-12-31": "", "2005-09-30": "", "2005-06-30": "", "2005-03-31": ""}, "ROE - Return On Equity": {"2020-09-30": "7.25480", "2020-06-30": "6.64740", "2020-03-31": "-13.24420", "2019-12-31": "6.82050", "2019-09-30": "4.14810", "2019-06-30": "3.66800", "2019-03-31": "5.83270", "2018-12-31": "-7.20310", "2018-09-30": "4.93040", "2018-06-30": "3.33840", "2018-03-31": "-0.30510", "2017-12-31": "9.27850", "2017-09-30": "1.34780", "2017-06-30": "1.43210", "2017-03-31": "1.39700", "2016-12-31": "2.22650", "2016-09-30": "2.68990", "2016-06-30": "1.90870", "2016-03-31": "2.16050", "2015-12-31": "2.14480", "2015-09-30": "3.79080", "2015-06-30": "1.64810", "2015-03-31": "2.13730", "2014-12-31": "1.73560", "2014-09-30": "1.96460", "2014-06-30": "2.72770", "2014-03-31": "2.07260", "2013-12-31": "2.25540", "2013-09-30": "2.43720", "2013-06-30": "2.24990", "2013-03-31": "2.48240", "2012-12-31": "2.43280", "2012-09-30": "2.14410", "2012-06-30": "1.77810", "2012-03-31": "1.86720", "2011-12-31": "1.88860", "2011-09-30": "1.47060", "2011-06-30": "2.12250", "2011-03-31": "0.97710", "2010-12-31": "2.74530", "2010-09-30": "2.01750", "2010-06-30": "1.41680", "2010-03-31": "2.50910", "2009-12-31": "2.32280", "2009-09-30": "2.56270", "2009-06-30": "2.84760", "2009-03-31": "-1.35240", "2008-12-31": "0.27700", "2008-09-30": "1.00540", "2008-06-30": "2.56620", "2008-03-31": "0.87540", "2007-12-31": "2.73410", "2007-09-30": "3.79720", "2007-06-30": "2.70490", "2007-03-31": "2.36140", "2006-12-31": "3.30480", "2006-09-30": "2.71120", "2006-06-30": "2.40440", "2006-03-31": "2.42580", "2005-12-31": "5.60750", "2005-09-30": "0.65460", "2005-06-30": "1.64500", "2005-03-31": "1.57650"}, "Return On Tangible Equity": {"2020-09-30": "9.57290", "2020-06-30": "8.93180", "2020-03-31": "-18.90460", "2019-12-31": "9.26080", "2019-09-30": "5.75290", "2019-06-30": "5.17090", "2019-03-31": "8.35510", "2018-12-31": "-10.58060", "2018-09-30": "7.02040", "2018-06-30": "4.85830", "2018-03-31": "-0.45100", "2017-12-31": "13.71080", "2017-09-30": "2.12280", "2017-06-30": "2.28370", "2017-03-31": "2.26350", "2016-12-31": "3.68490", "2016-09-30": "4.63560", "2016-06-30": "3.34560", "2016-03-31": "3.83640", "2015-12-31": "2.96990", "2015-09-30": "5.05070", "2015-06-30": "2.20330", "2015-03-31": "2.87590", "2014-12-31": "2.43660", "2014-09-30": "2.59920", "2014-06-30": "3.62870", "2014-03-31": "2.77460", "2013-12-31": "3.02320", "2013-09-30": "3.28850", "2013-06-30": "3.06210", "2013-03-31": "3.39680", "2012-12-31": "3.40060", "2012-09-30": "3.00450", "2012-06-30": "2.51300", "2012-03-31": "2.64820", "2011-12-31": "2.75690", "2011-09-30": "2.17960", "2011-06-30": "3.00870", "2011-03-31": "1.39340", "2010-12-31": "3.92620", "2010-09-30": "2.95920", "2010-06-30": "2.12400", "2010-03-31": "3.69340", "2009-12-31": "3.09780", "2009-09-30": "3.46300", "2009-06-30": "3.98520", "2009-03-31": "-1.97700", "2008-12-31": "0.39410", "2008-09-30": "1.39450", "2008-06-30": "3.58470", "2008-03-31": "1.21760", "2007-12-31": "3.75660", "2007-09-30": "5.22290", "2007-06-30": "3.76370", "2007-03-31": "3.35790", "2006-12-31": "4.70330", "2006-09-30": "3.95840", "2006-06-30": "3.46440", "2006-03-31": "3.51260", "2005-12-31": "7.56190", "2005-09-30": "0.88970", "2005-06-30": "2.23340", "2005-03-31": "2.14830"}, "ROA - Return On Assets": {"2020-09-30": "3.66450", "2020-06-30": "3.35060", "2020-03-31": "-6.53520", "2019-12-31": "3.57450", "2019-09-30": "2.11250", "2019-06-30": "1.86460", "2019-03-31": "2.94180", "2018-12-31": "-3.58730", "2018-09-30": "2.54010", "2018-06-30": "1.69640", "2018-03-31": "-0.15240", "2017-12-31": "4.65120", "2017-09-30": "0.61670", "2017-06-30": "0.65430", "2017-03-31": "0.63240", "2016-12-31": "1.02360", "2016-09-30": "1.21400", "2016-06-30": "0.85730", "2016-03-31": "0.96480", "2015-12-31": "1.00440", "2015-09-30": "1.74660", "2015-06-30": "0.75950", "2015-03-31": "0.98540", "2014-12-31": "0.80210", "2014-09-30": "0.91250", "2014-06-30": "1.28040", "2014-03-31": "0.96440", "2013-12-31": "1.04410", "2013-09-30": "1.12490", "2013-06-30": "1.03280", "2013-03-31": "1.13430", "2012-12-31": "1.09040", "2012-09-30": "0.95590", "2012-06-30": "0.78550", "2012-03-31": "0.81830", "2011-12-31": "0.81270", "2011-09-30": "0.62520", "2011-06-30": "0.92500", "2011-03-31": "0.42630", "2010-12-31": "1.20170", "2010-09-30": "0.85690", "2010-06-30": "0.59850", "2010-03-31": "1.06980", "2009-12-31": "1.06150", "2009-09-30": "1.14690", "2009-06-30": "1.22770", "2009-03-31": "-0.55500", "2008-12-31": "0.11780", "2008-09-30": "0.42880", "2008-06-30": "1.09000", "2008-03-31": "0.37180", "2007-12-31": "1.20840", "2007-09-30": "1.64660", "2007-06-30": "1.15890", "2007-03-31": "0.99170", "2006-12-31": "1.44220", "2006-09-30": "1.15500", "2006-06-30": "1.01020", "2006-03-31": "1.00480", "2005-12-31": "2.58670", "2005-09-30": "0.29790", "2005-06-30": "0.74370", "2005-03-31": "0.71330"}, "ROI - Return On Investment": {"2020-09-30": "7.25480", "2020-06-30": "6.64740", "2020-03-31": "-13.24420", "2019-12-31": "6.82050", "2019-09-30": "4.14810", "2019-06-30": "3.66800", "2019-03-31": "5.83270", "2018-12-31": "-7.20310", "2018-09-30": "4.93040", "2018-06-30": "3.33840", "2018-03-31": "-0.30510", "2017-12-31": "9.27850", "2017-09-30": "1.34780", "2017-06-30": "1.43210", "2017-03-31": "1.39700", "2016-12-31": "2.22650", "2016-09-30": "2.68990", "2016-06-30": "1.90870", "2016-03-31": "2.16050", "2015-12-31": "2.14480", "2015-09-30": "3.79080", "2015-06-30": "1.64810", "2015-03-31": "2.13730", "2014-12-31": "1.73560", "2014-09-30": "1.96460", "2014-06-30": "2.72770", "2014-03-31": "2.07260", "2013-12-31": "2.25540", "2013-09-30": "2.43720", "2013-06-30": "2.24990", "2013-03-31": "2.48240", "2012-12-31": "2.43280", "2012-09-30": "2.14410", "2012-06-30": "1.77810", "2012-03-31": "1.86720", "2011-12-31": "1.88860", "2011-09-30": "1.47060", "2011-06-30": "2.12250", "2011-03-31": "0.97710", "2010-12-31": "2.74530", "2010-09-30": "2.01750", "2010-06-30": "1.41680", "2010-03-31": "2.50910", "2009-12-31": "2.32280", "2009-09-30": "2.56270", "2009-06-30": "2.84760", "2009-03-31": "-1.35240", "2008-12-31": "0.27700", "2008-09-30": "1.00540", "2008-06-30": "2.56620", "2008-03-31": "0.87540", "2007-12-31": "2.73410", "2007-09-30": "3.79720", "2007-06-30": "2.70490", "2007-03-31": "2.36140", "2006-12-31": "3.30480", "2006-09-30": "2.71120", "2006-06-30": "2.40440", "2006-03-31": "2.42580", "2005-12-31": "5.60750", "2005-09-30": "0.64520", "2005-06-30": "1.56330", "2005-03-31": "1.48340"}, "Book Value Per Share": {"2020-09-30": "303.73800", "2020-06-30": "284.80350", "2020-03-31": "270.68850", "2019-12-31": "309.39090", "2019-09-30": "289.97300", "2019-06-30": "282.24320", "2019-03-31": "272.31390", "2018-12-31": "257.64730", "2018-09-30": "278.34240", "2018-06-30": "268.25010", "2018-03-31": "260.77040", "2017-12-31": "262.37650", "2017-09-30": "233.45650", "2017-06-30": "231.19800", "2017-03-31": "225.49180", "2016-12-31": "219.10650", "2016-09-30": "211.63430", "2016-06-30": "211.27620", "2016-03-31": "208.45640", "2015-12-31": "206.36250", "2015-09-30": "201.19040", "2015-06-30": "199.71160", "2015-03-31": "199.36720", "2014-12-31": "198.27900", "2014-09-30": "198.04380", "2014-06-30": "199.45480", "2014-03-31": "195.01290", "2013-12-31": "190.52800", "2013-09-30": "180.75150", "2013-06-30": "179.80020", "2013-03-31": "179.18760", "2012-12-31": "170.62200", "2012-09-30": "172.37360", "2012-06-30": "167.46150", "2012-03-31": "167.10050", "2011-12-31": "157.93980", "2011-09-30": "153.39840", "2011-06-30": "156.35410", "2011-03-31": "154.77820", "2010-12-31": "154.88950", "2010-09-30": "150.00810", "2010-06-30": "149.34150", "2010-03-31": "158.42500", "2009-12-31": "182.07700", "2009-09-30": "164.41090", "2009-06-30": "149.58400", "2009-03-31": "134.62480", "2008-12-31": "154.40740", "2008-09-30": "", "2008-06-30": "", "2008-03-31": "", "2007-12-31": "", "2007-09-30": "", "2007-06-30": "", "2007-03-31": "", "2006-12-31": "", "2006-09-30": "", "2006-06-30": "", "2006-03-31": "", "2005-12-31": "", "2005-09-30": "", "2005-06-30": "", "2005-03-31": ""}, "Operating Cash Flow Per Share": {"2020-09-30": 5.0522, "2020-06-30": 4.4289, "2020-03-31": "2.79070", "2019-12-31": 4.918, "2019-09-30": 4.0259, "2019-06-30": 3.7519, "2019-03-31": "3.07840", "2018-12-31": 4.3939, "2018-09-30": 4.2476, "2018-06-30": 3.4564, "2018-03-31": "3.06020", "2017-12-31": -9.6082, "2017-09-30": 17.3477, "2017-06-30": 3.3726, "2017-03-31": "7.41200", "2016-12-31": 3.0604, "2016-09-30": 3.9844, "2016-06-30": 3.165, "2016-03-31": "3.02160", "2015-12-31": 2.9751, "2015-09-30": 4.1393, "2015-06-30": 3.2355, "2015-03-31": "2.41800", "2014-12-31": 3.1781, "2014-09-30": 5.0039, "2014-06-30": 2.7972, "2014-03-31": "1.99700", "2013-12-31": 2.8174, "2013-09-30": 3.1713, "2013-06-30": 2.7784, "2013-03-31": "2.45500", "2012-12-31": 1.9361, "2012-09-30": 2.6804, "2012-06-30": 1.9594, "2012-03-31": "1.87650", "2011-12-31": 1.8202, "2011-09-30": 2.4148, "2011-06-30": 2.6178, "2011-03-31": "1.41540", "2010-12-31": 1.6961, "2010-09-30": 2.8181, "2010-06-30": 1.3944, "2010-03-31": "1.38020", "2009-12-31": 1.6425, "2009-09-30": 1.9445, "2009-06-30": 1.2229, "2009-03-31": "1.99590", "2008-12-31": 1.3298, "2008-09-30": 1.431, "2008-06-30": 0.6817, "2008-03-31": "1.39710", "2007-12-31": 0.6764, "2007-09-30": 1.6297, "2007-06-30": 1.1689, "2007-03-31": "1.93410", "2006-12-31": 0.969, "2006-09-30": 1.8528, "2006-06-30": 0.4565, "2006-03-31": "0.98770", "2005-12-31": 1.5894, "2005-09-30": 1.0723, "2005-06-30": 0.7264, "2005-03-31": "0.56970"}, "Free Cash Flow Per Share": {"2020-09-30": 3.6141, "2020-06-30": 3.0899, "2020-03-31": "1.57230", "2019-12-31": 2.9471, "2019-09-30": 2.2308, "2019-06-30": 2.2828, "2019-03-31": "1.79820", "2018-12-31": 2.5719, "2018-09-30": 2.7409, "2018-06-30": 1.9418, "2018-03-31": "2.01170", "2017-12-31": -8.041, "2017-09-30": 13.1235, "2017-06-30": 2.2409, "2017-03-31": "6.45790", "2016-12-31": 1.6316, "2016-09-30": 2.6533, "2016-06-30": 1.8272, "2016-03-31": "1.86920", "2015-12-31": 1.2398, "2015-09-30": 2.126, "2015-06-30": 1.8615, "2015-03-31": "1.02020", "2014-12-31": 1.1482, "2014-09-30": 3.3467, "2014-06-30": 1.4608, "2014-03-31": "0.86480", "2013-12-31": 1.4582, "2013-09-30": 1.9681, "2013-06-30": 1.7446, "2013-03-31": "1.56020", "2012-12-31": 0.8928, "2012-09-30": 1.627, "2012-06-30": 0.984, "2012-03-31": "1.00480", "2011-12-31": 0.8015, "2011-09-30": 1.5174, "2011-06-30": 1.8254, "2011-03-31": "0.81640", "2010-12-31": 0.9955, "2010-09-30": 2.1815, "2010-06-30": 0.7833, "2010-03-31": "0.89280", "2009-12-31": 1.1549, "2009-09-30": 1.4422, "2009-06-30": 0.6827, "2009-03-31": "1.40560", "2008-12-31": 0.4393, "2008-09-30": 0.7386, "2008-06-30": 0.0584, "2008-03-31": "0.96330", "2007-12-31": -0.0062, "2007-09-30": 1.062, "2007-06-30": 0.617, "2007-03-31": "1.42050", "2006-12-31": 0.3701, "2006-09-30": 1.3048, "2006-06-30": 0.0035, "2006-03-31": "0.67490", "2005-12-31": 1.1104, "2005-09-30": 0.9195, "2005-06-30": 0.5655, "2005-03-31": "0.44270"}}, "revenue": {"Berkshire Hathaway Annual Revenue (Millions of US $)": {"2019": "$254,616", "2018": "$247,837", "2017": "$239,933", "2016": "$215,114", "2015": "$210,943", "2014": "$194,699", "2013": "$182,150", "2012": "$162,463", "2011": "$143,688", "2010": "$136,185", "2009": "$112,493", "2008": "$107,786", "2007": "$118,245", "2006": "$98,539", "2005": "$81,663"}, "Berkshire Hathaway Quarterly Revenue (Millions of US $)": {"2020-09-30": "$63,024", "2020-06-30": "$56,840", "2020-03-31": "$61,265", "2019-12-31": "$65,368", "2019-09-30": "$64,972", "2019-06-30": "$63,598", "2019-03-31": "$60,678", "2018-12-31": "$63,714", "2018-09-30": "$63,450", "2018-06-30": "$62,200", "2018-03-31": "$58,473", "2017-12-31": "$58,800", "2017-09-30": "$59,507", "2017-06-30": "$57,256", "2017-03-31": "$64,370", "2016-12-31": "$49,854", "2016-09-30": "$58,843", "2016-06-30": "$54,254", "2016-03-31": "$52,163", "2015-12-31": "$51,942", "2015-09-30": "$58,989", "2015-06-30": "$51,368", "2015-03-31": "$48,644", "2014-12-31": "$48,285", "2014-09-30": "$51,199", "2014-06-30": "$49,762", "2014-03-31": "$45,453", "2013-12-31": "$47,049", "2013-09-30": "$46,541", "2013-06-30": "$44,693", "2013-03-31": "$43,867", "2012-12-31": "$44,720", "2012-09-30": "$41,050", "2012-06-30": "$38,546", "2012-03-31": "$38,147", "2011-12-31": "$37,955", "2011-09-30": "$33,739", "2011-06-30": "$38,274", "2011-03-31": "$33,720", "2010-12-31": "$36,165", "2010-09-30": "$36,274", "2010-06-30": "$31,709", "2010-03-31": "$32,037", "2009-12-31": "$30,198", "2009-09-30": "$29,904", "2009-06-30": "$29,607", "2009-03-31": "$22,784", "2008-12-31": "$24,592", "2008-09-30": "$27,926", "2008-06-30": "$30,093", "2008-03-31": "$25,175", "2007-12-31": "$28,043", "2007-09-30": "$29,937", "2007-06-30": "$27,347", "2007-03-31": "$32,918", "2006-12-31": "$26,231", "2006-09-30": "$25,360", "2006-06-30": "$24,185", "2006-03-31": "$22,763", "2005-12-31": "$25,368", "2005-09-30": "$20,533", "2005-06-30": "$18,128", "2005-03-31": "$17,634"}}, "gross-profit": {"Berkshire Hathaway Annual Gross Profit (Millions of US $)": {"2019": "$193,974", "2018": "$192,439", "2017": "$176,103", "2016": "$171,364", "2015": "$171,486", "2014": "$156,114", "2013": "$148,555", "2012": "$129,543", "2011": "$111,861", "2010": "$107,449", "2009": "$86,069", "2008": "$84,951", "2007": "$89,836", "2006": "$78,413", "2005": "$59,719"}, "Berkshire Hathaway Quarterly Gross Profit (Millions of US $)": {"2020-09-30": "$46,818", "2020-06-30": "$42,300", "2020-03-31": "$45,979", "2019-12-31": "$47,705", "2019-09-30": "$50,230", "2019-06-30": "$49,195", "2019-03-31": "$46,844", "2018-12-31": "$47,844", "2018-09-30": "$49,718", "2018-06-30": "$49,258", "2018-03-31": "$45,619", "2017-12-31": "$45,047", "2017-09-30": "$43,950", "2017-06-30": "$44,868", "2017-03-31": "$42,238", "2016-12-31": "$38,124", "2016-09-30": "$47,888", "2016-06-30": "$43,965", "2016-03-31": "$41,387", "2015-12-31": "$41,597", "2015-09-30": "$49,118", "2015-06-30": "$40,920", "2015-03-31": "$39,851", "2014-12-31": "$38,828", "2014-09-30": "$39,457", "2014-06-30": "$41,077", "2014-03-31": "$36,752", "2013-12-31": "$38,438", "2013-09-30": "$37,534", "2013-06-30": "$36,704", "2013-03-31": "$35,879", "2012-12-31": "$35,494", "2012-09-30": "$32,807", "2012-06-30": "$31,075", "2012-03-31": "$30,167", "2011-12-31": "$29,794", "2011-09-30": "$27,789", "2011-06-30": "$29,316", "2011-03-31": "$24,962", "2010-12-31": "$29,407", "2010-09-30": "$27,525", "2010-06-30": "$25,561", "2010-03-31": "$24,956", "2009-12-31": "$24,092", "2009-09-30": "$23,843", "2009-06-30": "$23,220", "2009-03-31": "$14,914", "2008-12-31": "$19,694", "2008-09-30": "$21,587", "2008-06-30": "$24,422", "2008-03-31": "$19,248", "2007-12-31": "$22,465", "2007-09-30": "$24,669", "2007-06-30": "$22,371", "2007-03-31": "$20,331", "2006-12-31": "$21,307", "2006-09-30": "$20,428", "2006-06-30": "$18,926", "2006-03-31": "$17,752", "2005-12-31": "$20,457", "2005-09-30": "$12,957", "2005-06-30": "$13,510", "2005-03-31": "$12,795"}}, "operating-income": {"Berkshire Hathaway Annual Operating Income (Millions of US $)": {"2019": "$109,483", "2018": "$13,916", "2017": "$28,441", "2016": "$38,888", "2015": "$38,583", "2014": "$31,384", "2013": "$31,597", "2012": "$24,980", "2011": "$20,616", "2010": "$24,523", "2009": "$16,566", "2008": "$12,956", "2007": "$25,565", "2006": "$21,876", "2005": "$16,103"}, "Berkshire Hathaway Quarterly Operating Income (Millions of US $)": {"2020-09-30": "$40,121", "2020-06-30": "$48,394", "2020-03-31": "$-61,476", "2019-12-31": "$38,566", "2019-09-30": "$21,992", "2019-06-30": "$19,802", "2019-03-31": "$29,123", "2018-12-31": "$-27,620", "2018-09-30": "$24,875", "2018-06-30": "$16,861", "2018-03-31": "$-200", "2017-12-31": "$8,126", "2017-09-30": "$6,558", "2017-06-30": "$7,283", "2017-03-31": "$6,474", "2016-12-31": "$12,263", "2016-09-30": "$11,343", "2016-06-30": "$7,893", "2016-03-31": "$7,389", "2015-12-31": "$8,311", "2015-09-30": "$14,937", "2015-06-30": "$6,813", "2015-03-31": "$8,522", "2014-12-31": "$6,697", "2014-09-30": "$7,567", "2014-06-30": "$9,740", "2014-03-31": "$7,380", "2013-12-31": "$7,950", "2013-09-30": "$8,084", "2013-06-30": "$7,582", "2013-03-31": "$7,981", "2012-12-31": "$5,384", "2012-09-30": "$7,312", "2012-06-30": "$6,011", "2012-03-31": "$6,273", "2011-12-31": "$5,804", "2011-09-30": "$4,728", "2011-06-30": "$6,588", "2011-03-31": "$3,496", "2010-12-31": "$7,811", "2010-09-30": "$5,939", "2010-06-30": "$4,394", "2010-03-31": "$6,379", "2009-12-31": "$5,730", "2009-09-30": "$6,134", "2009-06-30": "$6,064", "2009-03-31": "$-1,362", "2008-12-31": "$1,461", "2008-09-30": "$2,942", "2008-06-30": "$5,857", "2008-03-31": "$2,696", "2007-12-31": "$5,766", "2007-09-30": "$8,245", "2007-06-30": "$6,217", "2007-03-31": "$5,337", "2006-12-31": "$6,586", "2006-09-30": "$5,591", "2006-06-30": "$4,902", "2006-03-31": "$4,797", "2005-12-31": "$8,749", "2005-09-30": "$1,695", "2005-06-30": "$2,989", "2005-03-31": "$2,670"}}, "ebitda": {"Berkshire Hathaway Annual EBITDA (Millions of US $)": {"2019": "$192,154", "2018": "$1,240", "2017": "$39,757", "2016": "$56,093", "2015": "$46,362", "2014": "$38,754", "2013": "$38,105", "2012": "$31,134", "2011": "$26,108", "2010": "$28,802", "2009": "$19,693", "2008": "$15,766", "2007": "$27,972", "2006": "$23,942", "2005": "$17,085"}, "Berkshire Hathaway Quarterly EBITDA (Millions of US $)": {"2020-09-30": "$74,286", "2020-06-30": "$91,003", "2020-03-31": "$-129,166", "2019-12-31": "$72,534", "2019-09-30": "$35,452", "2019-06-30": "$32,306", "2019-03-31": "$51,862", "2018-12-31": "$-60,518", "2018-09-30": "$41,976", "2018-06-30": "$25,610", "2018-03-31": "$-5,828", "2017-12-31": "$10,642", "2017-09-30": "$9,819", "2017-06-30": "$9,804", "2017-03-31": "$9,492", "2016-12-31": "$14,559", "2016-09-30": "$13,589", "2016-06-30": "$10,127", "2016-03-31": "$9,514", "2015-12-31": "$10,289", "2015-09-30": "$16,926", "2015-06-30": "$8,754", "2015-03-31": "$10,393", "2014-12-31": "$8,631", "2014-09-30": "$9,421", "2014-06-30": "$11,550", "2014-03-31": "$9,152", "2013-12-31": "$9,625", "2013-09-30": "$9,700", "2013-06-30": "$9,198", "2013-03-31": "$9,582", "2012-12-31": "$7,724", "2012-09-30": "$8,608", "2012-06-30": "$7,276", "2012-03-31": "$7,526", "2011-12-31": "$7,878", "2011-09-30": "$5,870", "2011-06-30": "$7,729", "2011-03-31": "$4,631", "2010-12-31": "$8,981", "2010-09-30": "$7,033", "2010-06-30": "$5,494", "2010-03-31": "$7,294", "2009-12-31": "$6,542", "2009-09-30": "$6,913", "2009-06-30": "$6,842", "2009-03-31": "$-604", "2008-12-31": "$2,200", "2008-09-30": "$2,942", "2008-06-30": "$5,857", "2008-03-31": "$2,696", "2007-12-31": "$5,766", "2007-09-30": "$8,245", "2007-06-30": "$6,217", "2007-03-31": "$5,337", "2006-12-31": "$6,586", "2006-09-30": "$5,591", "2006-06-30": "$4,902", "2006-03-31": "$4,797", "2005-12-31": "$8,749", "2005-09-30": "$1,695", "2005-06-30": "$2,989", "2005-03-31": "$2,670"}}, "net-income": {"Berkshire Hathaway Annual Net Income (Millions of US $)": {"2019": "$81,417", "2018": "$4,021", "2017": "$44,940", "2016": "$24,074", "2015": "$24,083", "2014": "$19,872", "2013": "$19,476", "2012": "$14,824", "2011": "$10,254", "2010": "$12,967", "2009": "$8,055", "2008": "$4,994", "2007": "$13,213", "2006": "$11,015", "2005": "$8,528"}, "Berkshire Hathaway Quarterly Net Income (Millions of US $)": {"2020-09-30": "$30,137", "2020-06-30": "$26,295", "2020-03-31": "$-49,746", "2019-12-31": "$29,159", "2019-09-30": "$16,524", "2019-06-30": "$14,073", "2019-03-31": "$21,661", "2018-12-31": "$-25,392", "2018-09-30": "$18,540", "2018-06-30": "$12,011", "2018-03-31": "$-1,138", "2017-12-31": "$32,551", "2017-09-30": "$4,067", "2017-06-30": "$4,262", "2017-03-31": "$4,060", "2016-12-31": "$6,286", "2016-09-30": "$7,198", "2016-06-30": "$5,001", "2016-03-31": "$5,589", "2015-12-31": "$5,478", "2015-09-30": "$9,428", "2015-06-30": "$4,013", "2015-03-31": "$5,164", "2014-12-31": "$4,155", "2014-09-30": "$4,617", "2014-06-30": "$6,395", "2014-03-31": "$4,705", "2013-12-31": "$4,990", "2013-09-30": "$5,053", "2013-06-30": "$4,541", "2013-03-31": "$4,892", "2012-12-31": "$4,551", "2012-09-30": "$3,920", "2012-06-30": "$3,108", "2012-03-31": "$3,245", "2011-12-31": "$3,048", "2011-09-30": "$2,278", "2011-06-30": "$3,417", "2011-03-31": "$1,511", "2010-12-31": "$4,377", "2010-09-30": "$2,989", "2010-06-30": "$1,968", "2010-03-31": "$3,633", "2009-12-31": "$3,056", "2009-09-30": "$3,238", "2009-06-30": "$3,295", "2009-03-31": "$-1,534", "2008-12-31": "$117", "2008-09-30": "$1,057", "2008-06-30": "$2,880", "2008-03-31": "$940", "2007-12-31": "$2,947", "2007-09-30": "$4,553", "2007-06-30": "$3,118", "2007-03-31": "$2,595", "2006-12-31": "$3,583", "2006-09-30": "$2,772", "2006-06-30": "$2,347", "2006-03-31": "$2,313", "2005-12-31": "$5,130", "2005-09-30": "$586", "2005-06-30": "$1,449", "2005-03-31": "$1,363"}}, "eps-earnings-per-share-diluted": {"Berkshire Hathaway Annual EPS": {"2019": "$33.20", "2018": "$1.63", "2017": "$18.21", "2016": "$9.76", "2015": "$9.76", "2014": "$8.06", "2013": "$7.89", "2012": "$5.98", "2011": "$4.14", "2010": "$5.28", "2009": "$3.46", "2008": "$2.15", "2007": "$5.70", "2006": "$4.61", "2005": "$3.57"}, "Berkshire Hathaway Quarterly EPS": {"2020-09-30": "$12.65", "2020-06-30": "$10.87", "2020-03-31": "$-20.42", "2019-12-31": "$11.92", "2019-09-30": "$6.74", "2019-06-30": "$5.74", "2019-03-31": "$8.80", "2018-12-31": "$-10.29", "2018-09-30": "$7.52", "2018-06-30": "$4.86", "2018-03-31": "$-0.46", "2017-12-31": "$11.25", "2017-09-30": "$3.58", "2017-06-30": "$1.73", "2017-03-31": "$1.65", "2016-12-31": "$2.55", "2016-09-30": "$2.92", "2016-06-30": "$2.03", "2016-03-31": "$2.27", "2015-12-31": "$2.22", "2015-09-30": "$3.82", "2015-06-30": "$1.63", "2015-03-31": "$2.09", "2014-12-31": "$1.69", "2014-09-30": "$1.87", "2014-06-30": "$2.59", "2014-03-31": "$1.91", "2013-12-31": "$2.02", "2013-09-30": "$2.05", "2013-06-30": "$1.84", "2013-03-31": "$1.98", "2012-12-31": "$1.84", "2012-09-30": "$1.58", "2012-06-30": "$1.25", "2012-03-31": "$1.31", "2011-12-31": "$1.23", "2011-09-30": "$0.92", "2011-06-30": "$1.38", "2011-03-31": "$0.61", "2010-12-31": "$1.76", "2010-09-30": "$1.21", "2010-06-30": "$0.80", "2010-03-31": "$1.51", "2009-12-31": "$1.31", "2009-09-30": "$1.39", "2009-06-30": "$1.42", "2009-03-31": "$-0.66", "2008-12-31": "$0.12", "2008-09-30": "$0.44", "2008-06-30": "$1.20", "2008-03-31": "$0.39", "2007-12-31": "$1.41", "2007-09-30": "$1.90", "2007-06-30": "$1.30", "2007-03-31": "$1.09", "2006-12-31": "$1.50", "2006-09-30": "$1.16", "2006-06-30": "$0.98", "2006-03-31": "$0.97", "2005-12-31": "$2.15", "2005-09-30": "$0.25", "2005-06-30": "$0.61", "2005-03-31": "$0.57"}}, "shares-outstanding": {"Berkshire Hathaway Annual Shares Outstanding (Millions of Shares)": {"2019": "2,453", "2018": "2,467", "2017": "2,469", "2016": "2,467", "2015": "2,466", "2014": "2,467", "2013": "2,469", "2012": "2,479", "2011": "2,476", "2010": "2,455", "2009": "2,328", "2008": "2,325", "2007": "2,320", "2006": "2,390", "2005": "2,387"}, "Berkshire Hathaway Quarterly Shares Outstanding (Millions of Shares)": {"2020-09-30": "2,382", "2020-06-30": "2,419", "2020-03-31": "2,436", "2019-12-31": "2,453", "2019-09-30": "2,451", "2019-06-30": "2,454", "2019-03-31": "2,461", "2018-12-31": "2,467", "2018-09-30": "2,467", "2018-06-30": "2,469", "2018-03-31": "2,469", "2017-12-31": "2,469", "2017-09-30": "1,333", "2017-06-30": "2,469", "2017-03-31": "2,468", "2016-12-31": "2,467", "2016-09-30": "2,468", "2016-06-30": "2,467", "2016-03-31": "2,467", "2015-12-31": "2,466", "2015-09-30": "2,467", "2015-06-30": "2,466", "2015-03-31": "2,466", "2014-12-31": "2,467", "2014-09-30": "2,465", "2014-06-30": "2,468", "2014-03-31": "2,468", "2013-12-31": "2,469", "2013-09-30": "2,467", "2013-06-30": "2,467", "2013-03-31": "2,466", "2012-12-31": "2,479", "2012-09-30": "2,480", "2012-06-30": "2,479", "2012-03-31": "2,478", "2011-12-31": "2,476", "2011-09-30": "2,479", "2011-06-30": "2,475", "2011-03-31": "2,474", "2010-12-31": "2,455", "2010-09-30": "2,473", "2010-06-30": "2,472", "2010-03-31": "2,400", "2009-12-31": "2,328", "2009-09-30": "2,329", "2009-06-30": "2,329", "2009-03-31": "2,326", "2008-12-31": "2,325", "2008-09-30": "2,401", "2008-06-30": "2,401", "2008-03-31": "2,400", "2007-12-31": "2,320", "2007-09-30": "2,398", "2007-06-30": "2,395", "2007-03-31": "2,391", "2006-12-31": "2,390", "2006-09-30": "2,391", "2006-06-30": "2,390", "2006-03-31": "2,388", "2005-12-31": "2,387", "2005-09-30": "2,387", "2005-06-30": "2,386", "2005-03-31": "2,386"}}, "total-assets": {"Berkshire Hathaway Annual Total Assets (Millions of US $)": {"2019": "$817,729", "2018": "$707,794", "2017": "$702,095", "2016": "$620,854", "2015": "$552,257", "2014": "$525,867", "2013": "$484,931", "2012": "$427,452", "2011": "$392,647", "2010": "$372,229", "2009": "$297,119", "2008": "$267,399", "2007": "$273,160", "2006": "$248,437", "2005": "$198,325"}, "Berkshire Hathaway Quarterly Total Assets (Millions of US $)": {"2020-09-30": "$829,946", "2020-06-30": "$788,133", "2020-03-31": "$760,448", "2019-12-31": "$817,729", "2019-09-30": "$788,482", "2019-06-30": "$760,108", "2019-03-31": "$738,724", "2018-12-31": "$707,794", "2018-09-30": "$736,459", "2018-06-30": "$711,932", "2018-03-31": "$702,651", "2017-12-31": "$702,095", "2017-09-30": "$681,554", "2017-06-30": "$665,590", "2017-03-31": "$654,451", "2016-12-31": "$620,854", "2016-09-30": "$604,038", "2016-06-30": "$592,816", "2016-03-31": "$586,315", "2015-12-31": "$552,257", "2015-09-30": "$545,468", "2015-06-30": "$540,774", "2015-03-31": "$531,076", "2014-12-31": "$525,867", "2014-09-30": "$517,363", "2014-06-30": "$504,379", "2014-03-31": "$494,944", "2013-12-31": "$484,931", "2013-09-30": "$458,081", "2013-06-30": "$446,563", "2013-03-31": "$442,302", "2012-12-31": "$427,452", "2012-09-30": "$424,115", "2012-06-30": "$411,356", "2012-03-31": "$411,362", "2011-12-31": "$392,647", "2011-09-30": "$385,494", "2011-06-30": "$382,696", "2011-03-31": "$376,496", "2010-12-31": "$372,229", "2010-09-30": "$363,979", "2010-06-30": "$349,187", "2010-03-31": "$356,320", "2009-12-31": "$297,119", "2009-09-30": "$292,010", "2009-06-30": "$275,646", "2009-03-31": "$260,542", "2008-12-31": "$267,399", "2008-09-30": "$281,729", "2008-06-30": "$277,792", "2008-03-31": "$281,047", "2007-12-31": "$273,160", "2007-09-30": "$276,516", "2007-06-30": "$269,051", "2007-03-31": "$261,678", "2006-12-31": "$248,437", "2006-09-30": "$240,002", "2006-06-30": "$232,331", "2006-03-31": "$230,206", "2005-12-31": "$198,325", "2005-09-30": "$196,710", "2005-06-30": "$194,835", "2005-03-31": "$191,075"}}, "cash-on-hand": {"Berkshire Hathaway Annual Cash on Hand (Millions of US $)": {"2019": "$64,175", "2018": "$30,361", "2017": "$31,583", "2016": "$28,048", "2015": "$67,161", "2014": "$63,269", "2013": "$48,186", "2012": "$46,992", "2011": "$37,299", "2010": "$38,227", "2009": "$30,558", "2008": "$25,539", "2007": "$44,329", "2006": "$43,743", "2005": "$44,660"}, "Berkshire Hathaway Quarterly Cash on Hand (Millions of US $)": {"2020-09-30": "$26,817", "2020-06-30": "$36,074", "2020-03-31": "$42,640", "2019-12-31": "$64,175", "2019-09-30": "$74,776", "2019-06-30": "$44,634", "2019-03-31": "$26,139", "2018-12-31": "$30,361", "2018-09-30": "$41,438", "2018-06-30": "$64,561", "2018-03-31": "$57,881", "2017-12-31": "$31,583", "2017-09-30": "$42,706", "2017-06-30": "$26,418", "2017-03-31": "$25,963", "2016-12-31": "$28,048", "2016-09-30": "$84,835", "2016-06-30": "$72,679", "2016-03-31": "$58,342", "2015-12-31": "$67,161", "2015-09-30": "$66,260", "2015-06-30": "$66,587", "2015-03-31": "$63,711", "2014-12-31": "$63,269", "2014-09-30": "$62,380", "2014-06-30": "$55,455", "2014-03-31": "$48,948", "2013-12-31": "$48,186", "2013-09-30": "$42,079", "2013-06-30": "$35,695", "2013-03-31": "$49,089", "2012-12-31": "$46,992", "2012-09-30": "$47,776", "2012-06-30": "$40,661", "2012-03-31": "$37,826", "2011-12-31": "$37,299", "2011-09-30": "$34,776", "2011-06-30": "$47,891", "2011-03-31": "$41,178", "2010-12-31": "$38,227", "2010-09-30": "$34,461", "2010-06-30": "$27,953", "2010-03-31": "$25,670", "2009-12-31": "$30,558", "2009-09-30": "$26,919", "2009-06-30": "$24,511", "2009-03-31": "$25,551", "2008-12-31": "$25,539", "2008-09-30": "$33,369", "2008-06-30": "$31,159", "2008-03-31": "$35,566", "2007-12-31": "$44,329", "2007-09-30": "$47,083", "2007-06-30": "$46,950", "2007-03-31": "$46,027", "2006-12-31": "$43,743", "2006-09-30": "$42,249", "2006-06-30": "$42,069", "2006-03-31": "$42,858", "2005-12-31": "$44,660", "2005-09-30": "$46,032", "2005-06-30": "$47,762", "2005-03-31": "$46,709"}}, "long-term-debt": {"Berkshire Hathaway Annual Long Term Debt (Millions of US $)": {"2019": "$", "2018": "$", "2017": "$", "2016": "$", "2015": "$", "2014": "$", "2013": "$", "2012": "$", "2011": "$", "2010": "$", "2009": "$", "2008": "$", "2007": "$", "2006": "$", "2005": "$"}, "Berkshire Hathaway Quarterly Long Term Debt (Millions of US $)": {"2020-09-30": "", "2020-06-30": "", "2020-03-31": "", "2019-12-31": "", "2019-09-30": "", "2019-06-30": "", "2019-03-31": "", "2018-12-31": "", "2018-09-30": "", "2018-06-30": "", "2018-03-31": "", "2017-12-31": "", "2017-09-30": "", "2017-06-30": "", "2017-03-31": "", "2016-12-31": "", "2016-09-30": "", "2016-06-30": "", "2016-03-31": "", "2015-12-31": "", "2015-09-30": "", "2015-06-30": "", "2015-03-31": "", "2014-12-31": "", "2014-09-30": "", "2014-06-30": "", "2014-03-31": "", "2013-12-31": "", "2013-09-30": "", "2013-06-30": "", "2013-03-31": "", "2012-12-31": "", "2012-09-30": "", "2012-06-30": "", "2012-03-31": "", "2011-12-31": "", "2011-09-30": "", "2011-06-30": "", "2011-03-31": "", "2010-12-31": "", "2010-09-30": "", "2010-06-30": "", "2010-03-31": "", "2009-12-31": "", "2009-09-30": "", "2009-06-30": "", "2009-03-31": "", "2008-12-31": "", "2008-09-30": "", "2008-06-30": "", "2008-03-31": "", "2007-12-31": "", "2007-09-30": "", "2007-06-30": "", "2007-03-31": "", "2006-12-31": "", "2006-09-30": "", "2006-06-30": "", "2006-03-31": "", "2005-12-31": "", "2005-09-30": "$1,302", "2005-06-30": "$4,600", "2005-03-31": "$5,425"}}, "total-liabilities": {"Berkshire Hathaway Annual Total Liabilities (Millions of US $)": {"2019": "$389,166", "2018": "$355,294", "2017": "$350,141", "2016": "$335,426", "2015": "$293,630", "2014": "$282,840", "2013": "$260,446", "2012": "$235,864", "2011": "$223,686", "2010": "$209,295", "2009": "$161,334", "2008": "$153,692", "2007": "$152,427", "2006": "$140,018", "2005": "$106,841"}, "Berkshire Hathaway Quarterly Total Liabilities (Millions of US $)": {"2020-09-30": "$410,731", "2020-06-30": "$390,880", "2020-03-31": "$385,213", "2019-12-31": "$389,166", "2019-09-30": "$386,924", "2019-06-30": "$373,717", "2019-03-31": "$366,133", "2018-12-31": "$355,294", "2018-09-30": "$357,040", "2018-06-30": "$350,174", "2018-03-31": "$351,599", "2017-12-31": "$350,141", "2017-09-30": "$369,702", "2017-06-30": "$361,497", "2017-03-31": "$358,171", "2016-12-31": "$335,426", "2016-09-30": "$331,423", "2016-06-30": "$326,558", "2016-03-31": "$324,478", "2015-12-31": "$293,630", "2015-09-30": "$294,147", "2015-06-30": "$291,572", "2015-03-31": "$286,237", "2014-12-31": "$282,840", "2014-09-30": "$277,061", "2014-06-30": "$267,619", "2014-03-31": "$264,655", "2013-12-31": "$260,446", "2013-09-30": "$246,650", "2013-06-30": "$241,575", "2013-03-31": "$240,196", "2012-12-31": "$235,864", "2012-09-30": "$235,041", "2012-06-30": "$229,641", "2012-03-31": "$231,093", "2011-12-31": "$223,686", "2011-09-30": "$221,613", "2011-06-30": "$215,912", "2011-03-31": "$212,231", "2010-12-31": "$209,295", "2010-09-30": "$209,382", "2010-06-30": "$201,673", "2010-03-31": "$204,396", "2009-12-31": "$161,334", "2009-09-30": "$161,328", "2009-06-30": "$156,809", "2009-03-31": "$153,623", "2008-12-31": "$153,692", "2008-09-30": "$161,574", "2008-06-30": "$159,798", "2008-03-31": "$161,675", "2007-12-31": "$152,427", "2007-09-30": "$156,613", "2007-06-30": "$153,779", "2007-03-31": "$151,787", "2006-12-31": "$140,018", "2006-09-30": "$137,758", "2006-06-30": "$134,718", "2006-03-31": "$134,857", "2005-12-31": "$106,841", "2005-09-30": "$107,192", "2005-06-30": "$106,749", "2005-03-31": "$104,619"}}, "total-share-holder-equity": {"Berkshire Hathaway Annual Share Holder Equity (Millions of US $)": {"2019": "$428,563", "2018": "$352,500", "2017": "$351,954", "2016": "$285,428", "2015": "$258,627", "2014": "$243,027", "2013": "$224,485", "2012": "$191,588", "2011": "$168,961", "2010": "$162,934", "2009": "$135,785", "2008": "$113,707", "2007": "$120,733", "2006": "$108,419", "2005": "$91,484"}, "Berkshire Hathaway Quarterly Share Holder Equity (Millions of US $)": {"2020-09-30": "$419,215", "2020-06-30": "$397,253", "2020-03-31": "$375,235", "2019-12-31": "$428,563", "2019-09-30": "$401,558", "2019-06-30": "$386,391", "2019-03-31": "$372,591", "2018-12-31": "$352,500", "2018-09-30": "$379,419", "2018-06-30": "$361,758", "2018-03-31": "$351,052", "2017-12-31": "$351,954", "2017-09-30": "$311,852", "2017-06-30": "$304,093", "2017-03-31": "$296,280", "2016-12-31": "$285,428", "2016-09-30": "$272,615", "2016-06-30": "$266,258", "2016-03-31": "$261,837", "2015-12-31": "$258,627", "2015-09-30": "$251,321", "2015-06-30": "$249,202", "2015-03-31": "$244,839", "2014-12-31": "$243,027", "2014-09-30": "$240,302", "2014-06-30": "$236,760", "2014-03-31": "$230,289", "2013-12-31": "$224,485", "2013-09-30": "$211,431", "2013-06-30": "$204,988", "2013-03-31": "$202,106", "2012-12-31": "$191,588", "2012-09-30": "$189,074", "2012-06-30": "$181,715", "2012-03-31": "$180,269", "2011-12-31": "$168,961", "2011-09-30": "$163,881", "2011-06-30": "$166,784", "2011-03-31": "$164,265", "2010-12-31": "$162,934", "2010-09-30": "$154,597", "2010-06-30": "$147,514", "2010-03-31": "$151,924", "2009-12-31": "$135,785", "2009-09-30": "$130,682", "2009-06-30": "$118,837", "2009-03-31": "$106,919", "2008-12-31": "$113,707", "2008-09-30": "$120,155", "2008-06-30": "$117,994", "2008-03-31": "$119,372", "2007-12-31": "$120,733", "2007-09-30": "$119,903", "2007-06-30": "$115,272", "2007-03-31": "$109,891", "2006-12-31": "$108,419", "2006-09-30": "$102,244", "2006-06-30": "$97,613", "2006-03-31": "$95,349", "2005-12-31": "$91,484", "2005-09-30": "$89,518", "2005-06-30": "$88,086", "2005-03-31": "$86,456"}}, "profit-margins": {"current": "14.54%"}, "gross margin": {"2020-09-30": "74.16%", "2020-06-30": "74.95%", "2020-03-31": "75.67%", "2019-12-31": "76.18%", "2019-09-30": "76.74%", "2019-06-30": "77.00%", "2019-03-31": "77.45%", "2018-12-31": "77.65%", "2018-09-30": "78.07%", "2018-06-30": "76.94%", "2018-03-31": "76.69%", "2017-12-31": "73.40%", "2017-09-30": "73.24%", "2017-06-30": "75.16%", "2017-03-31": "75.76%", "2016-12-31": "79.66%", "2016-09-30": "80.50%", "2016-06-30": "81.01%", "2016-03-31": "80.68%", "2015-12-31": "81.29%", "2015-09-30": "81.39%", "2015-06-30": "79.73%", "2015-03-31": "80.46%", "2014-12-31": "80.18%", "2014-09-30": "80.49%", "2014-06-30": "81.46%", "2014-03-31": "81.33%", "2013-12-31": "81.56%", "2013-09-30": "80.98%", "2013-06-30": "80.81%", "2013-03-31": "80.42%", "2012-12-31": "79.74%", "2012-09-30": "79.54%", "2012-06-30": "80.08%", "2012-03-31": "79.04%", "2011-12-31": "77.85%", "2011-09-30": "78.56%", "2011-06-30": "77.00%", "2011-03-31": "77.94%", "2010-12-31": "78.90%", "2010-09-30": "78.43%", "2010-06-30": "79.49%", "2010-03-31": "78.94%", "2009-12-31": "76.51%", "2009-09-30": "76.41%", "2009-06-30": "75.70%", "2009-03-31": "76.49%", "2008-12-31": "78.81%", "2008-09-30": "78.86%", "2008-06-30": "80.18%", "2008-03-31": "80.32%", "2007-12-31": "75.97%", "2007-09-30": "76.16%", "2007-06-30": "75.49%", "2007-03-31": "74.51%", "2006-12-31": "79.58%", "2006-09-30": "79.41%", "2006-06-30": "75.49%", "2006-03-31": "74.52%", "2005-12-31": "73.13%"}, "operating margin": {"2020-09-30": "26.61%", "2020-06-30": "19.11%", "2020-03-31": "7.40%", "2019-12-31": "43.00%", "2019-09-30": "17.12%", "2019-06-30": "18.37%", "2019-03-31": "17.29%", "2018-12-31": "5.61%", "2018-09-30": "20.44%", "2018-06-30": "13.12%", "2018-03-31": "9.30%", "2017-12-31": "11.85%", "2017-09-30": "14.10%", "2017-06-30": "16.22%", "2017-03-31": "16.70%", "2016-12-31": "18.08%", "2016-09-30": "16.08%", "2016-06-30": "17.73%", "2016-03-31": "17.46%", "2015-12-31": "18.29%", "2015-09-30": "17.83%", "2015-06-30": "14.84%", "2015-03-31": "16.44%", "2014-12-31": "16.12%", "2014-09-30": "16.87%", "2014-06-30": "17.56%", "2014-03-31": "16.87%", "2013-12-31": "17.35%", "2013-09-30": "16.14%", "2013-06-30": "16.21%", "2013-03-31": "15.87%", "2012-12-31": "15.38%", "2012-09-30": "16.31%", "2012-06-30": "15.38%", "2012-03-31": "15.79%", "2011-12-31": "14.35%", "2011-09-30": "15.94%", "2011-06-30": "16.50%", "2011-03-31": "15.70%", "2010-12-31": "18.01%", "2010-09-30": "17.23%", "2010-06-30": "18.28%", "2010-03-31": "19.97%", "2009-12-31": "14.73%", "2009-09-30": "11.50%", "2009-06-30": "8.68%", "2009-03-31": "8.44%", "2008-12-31": "12.02%", "2008-09-30": "15.52%", "2008-06-30": "19.92%", "2008-03-31": "20.75%", "2007-12-31": "21.62%", "2007-09-30": "22.66%", "2007-06-30": "21.22%", "2007-03-31": "20.62%", "2006-12-31": "22.20%", "2006-09-30": "24.61%", "2006-06-30": "21.69%", "2006-03-31": "21.00%", "2005-12-31": "19.72%"}, "ebitda margin": {"2020-09-30": "44.08%", "2020-06-30": "28.10%", "2020-03-31": "4.36%", "2019-12-31": "75.47%", "2019-09-30": "23.36%", "2019-06-30": "26.10%", "2019-03-31": "23.57%", "2018-12-31": "0.50%", "2018-09-30": "29.80%", "2018-06-30": "16.84%", "2018-03-31": "10.44%", "2017-12-31": "16.57%", "2017-09-30": "18.91%", "2017-06-30": "20.60%", "2017-03-31": "21.01%", "2016-12-31": "22.22%", "2016-09-30": "20.04%", "2016-06-30": "21.56%", "2016-03-31": "21.21%", "2015-12-31": "21.98%", "2015-09-30": "21.57%", "2015-06-30": "18.65%", "2015-03-31": "20.21%", "2014-12-31": "19.90%", "2014-09-30": "20.55%", "2014-06-30": "21.20%", "2014-03-31": "20.50%", "2013-12-31": "20.92%", "2013-09-30": "20.13%", "2013-06-30": "20.14%", "2013-03-31": "19.73%", "2012-12-31": "19.16%", "2012-09-30": "20.10%", "2012-06-30": "19.24%", "2012-03-31": "19.58%", "2011-12-31": "18.17%", "2011-09-30": "19.18%", "2011-06-30": "19.65%", "2011-03-31": "18.96%", "2010-12-31": "21.15%", "2010-09-30": "20.25%", "2010-06-30": "21.19%", "2010-03-31": "22.66%", "2009-12-31": "17.51%", "2009-09-30": "14.36%", "2009-06-30": "10.85%", "2009-03-31": "9.86%", "2008-12-31": "12.71%", "2008-09-30": "15.52%", "2008-06-30": "19.92%", "2008-03-31": "20.75%", "2007-12-31": "21.62%", "2007-09-30": "22.66%", "2007-06-30": "21.22%", "2007-03-31": "20.62%", "2006-12-31": "22.20%", "2006-09-30": "24.61%", "2006-06-30": "21.69%", "2006-03-31": "21.00%", "2005-12-31": "19.72%"}, "pre tax profit margin": {"2020-09-30": "18.93%", "2020-06-30": "11.61%", "2020-03-31": "4.24%", "2019-12-31": "39.87%", "2019-09-30": "13.79%", "2019-06-30": "15.06%", "2019-03-31": "14.13%", "2018-12-31": "2.49%", "2018-09-30": "16.52%", "2018-06-30": "9.59%", "2018-03-31": "5.82%", "2017-12-31": "8.68%", "2017-09-30": "10.96%", "2017-06-30": "13.11%", "2017-03-31": "13.98%", "2016-12-31": "15.14%", "2016-09-30": "14.61%", "2016-06-30": "16.23%", "2016-03-31": "15.74%", "2015-12-31": "16.57%", "2015-09-30": "16.12%", "2015-06-30": "13.07%", "2015-03-31": "14.73%", "2014-12-31": "14.44%", "2014-09-30": "15.25%", "2014-06-30": "15.96%", "2014-03-31": "15.29%", "2013-12-31": "15.81%", "2013-09-30": "15.75%", "2013-06-30": "15.42%", "2013-03-31": "14.63%", "2012-12-31": "13.69%", "2012-09-30": "12.80%", "2012-06-30": "11.70%", "2012-03-31": "12.16%", "2011-12-31": "10.66%", "2011-09-30": "12.22%", "2011-06-30": "12.82%", "2011-03-31": "11.74%", "2010-12-31": "13.99%", "2010-09-30": "13.08%", "2010-06-30": "14.00%", "2010-03-31": "15.76%", "2009-12-31": "10.27%", "2009-09-30": "6.77%", "2009-06-30": "3.72%", "2009-03-31": "3.39%", "2008-12-31": "7.03%", "2008-09-30": "10.65%", "2008-06-30": "15.19%", "2008-03-31": "15.87%", "2007-12-31": "17.05%", "2007-09-30": "18.03%", "2007-06-30": "16.50%", "2007-03-31": "15.86%", "2006-12-31": "17.03%", "2006-09-30": "19.81%", "2006-06-30": "17.10%", "2006-03-31": "16.63%", "2005-12-31": "15.66%"}, "net profit margin": {"2020-09-30": "14.54%", "2020-06-30": "8.95%", "2020-03-31": "3.92%", "2019-12-31": "31.98%", "2019-09-30": "10.62%", "2019-06-30": "11.49%", "2019-03-31": "10.73%", "2018-12-31": "1.62%", "2018-09-30": "25.51%", "2018-06-30": "19.87%", "2018-03-31": "16.98%", "2017-12-31": "18.73%", "2017-09-30": "8.08%", "2017-06-30": "9.47%", "2017-03-31": "9.92%", "2016-12-31": "11.19%", "2016-09-30": "10.71%", "2016-06-30": "11.73%", "2016-03-31": "11.43%", "2015-12-31": "11.42%", "2015-09-30": "10.98%", "2015-06-30": "9.00%", "2015-03-31": "10.27%", "2014-12-31": "10.21%", "2014-09-30": "10.70%", "2014-06-30": "11.20%", "2014-03-31": "10.50%", "2013-12-31": "10.69%", "2013-09-30": "10.59%", "2013-06-30": "10.27%", "2013-03-31": "9.79%", "2012-12-31": "9.12%", "2012-09-30": "8.56%", "2012-06-30": "7.87%", "2012-03-31": "8.09%", "2011-12-31": "7.14%", "2011-09-30": "8.16%", "2011-06-30": "8.51%", "2011-03-31": "7.87%", "2010-12-31": "9.52%", "2010-09-30": "8.94%", "2010-06-30": "9.60%", "2010-03-31": "10.86%", "2009-12-31": "7.16%", "2009-09-30": "4.79%", "2009-06-30": "2.80%", "2009-03-31": "2.39%", "2008-12-31": "4.63%", "2008-09-30": "7.03%", "2008-06-30": "10.00%", "2008-03-31": "10.46%", "2007-12-31": "11.17%", "2007-09-30": "11.89%", "2007-06-30": "10.79%", "2007-03-31": "10.39%", "2006-12-31": "11.18%", "2006-09-30": "12.86%", "2006-06-30": "11.18%", "2006-03-31": "10.92%", "2005-12-31": "10.44%"}, "pe ratio": {"current": "27.26", "2021-02-11": "15.94", "2020-09-30": "14.16", "2020-06-30": "19.55", "2020-03-31": "45.82", "2019-12-31": "6.81", "2019-09-30": "18.93", "2019-06-30": "18.13", "2019-03-31": "18.45", "2018-12-31": "126.04", "2018-09-30": "8.52", "2018-06-30": "9.70", "2018-03-31": "12.38", "2017-12-31": "10.88", "2017-09-30": "24.18", "2017-06-30": "19.14", "2017-03-31": "18.22", "2016-12-31": "16.68", "2016-09-30": "15.30", "2016-06-30": "14.00", "2016-03-31": "14.27", "2015-12-31": "13.51", "2015-09-30": "14.11", "2015-06-30": "18.67", "2015-03-31": "17.49", "2014-12-31": "18.63", "2014-09-30": "16.46", "2014-06-30": "14.77", "2014-03-31": "15.98", "2013-12-31": "15.03", "2013-09-30": "14.72", "2013-06-30": "15.46", "2013-03-31": "15.67", "2012-12-31": "15.00", "2012-09-30": "16.42", "2012-06-30": "17.69", "2012-03-31": "16.77", "2011-12-31": "18.43", "2011-09-30": "15.15", "2011-06-30": "15.54", "2011-03-31": "19.01", "2010-12-31": "15.12", "2010-09-30": "17.12", "2010-06-30": "15.91", "2010-03-31": "14.44", "2009-12-31": "18.99", "2009-09-30": "30.21", "2009-06-30": "45.60", "2009-03-31": "51.74", "2008-12-31": "29.90", "2008-09-30": "26.08", "2008-06-30": "16.48", "2008-03-31": "17.96", "2007-12-31": "16.62", "2007-09-30": "13.22", "2007-06-30": "14.03", "2007-03-31": "15.17", "2006-12-31": "15.67"}, "price sales": {"2021-02-10": "2.36", "2020-09-30": "2.09", "2020-06-30": "1.75", "2020-03-31": "1.75", "2019-12-31": "2.18", "2019-09-30": "2.02", "2019-06-30": "2.09", "2019-03-31": "1.98", "2018-12-31": "2.03", "2018-09-30": "2.18", "2018-06-30": "1.59", "2018-03-31": "1.73", "2017-12-31": "1.68", "2017-09-30": "1.61", "2017-06-30": "1.81", "2017-03-31": "1.81", "2016-12-31": "1.87", "2016-09-30": "1.64", "2016-06-30": "1.64", "2016-03-31": "1.63", "2015-12-31": "1.54", "2015-09-30": "1.55", "2015-06-30": "1.68", "2015-03-31": "1.80", "2014-12-31": "1.90", "2014-09-30": "1.76", "2014-06-30": "1.65", "2014-03-31": "1.68", "2013-12-31": "1.61", "2013-09-30": "1.56", "2013-06-30": "1.59", "2013-03-31": "1.53", "2012-12-31": "1.37", "2012-09-30": "1.40", "2012-06-30": "1.39", "2012-03-31": "1.36", "2011-12-31": "1.31", "2011-09-30": "1.24", "2011-06-30": "1.32", "2011-03-31": "1.50", "2010-12-31": "1.44", "2010-09-30": "1.54", "2010-06-30": "1.53", "2010-03-31": "1.57", "2009-12-31": "1.36", "2009-09-30": "1.45", "2009-06-30": "1.30", "2009-03-31": "1.27", "2008-12-31": "1.42", "2008-09-30": "1.88", "2008-06-30": "1.69", "2008-03-31": "1.92", "2007-12-31": "1.90", "2007-09-30": "1.62", "2007-06-30": "1.54", "2007-03-31": "1.60", "2006-12-31": "1.78"}, "price book": {"current": "1.34", "2021-02-11": "0.79", "2020-09-30": "0.70", "2020-06-30": "0.63", "2020-03-31": "0.68", "2019-12-31": "0.73", "2019-09-30": "0.72", "2019-06-30": "0.76", "2019-03-31": "0.74", "2018-12-31": "0.79", "2018-09-30": "0.77", "2018-06-30": "0.70", "2018-03-31": "0.76", "2017-12-31": "0.76", "2017-09-30": "0.79", "2017-06-30": "0.73", "2017-03-31": "0.74", "2016-12-31": "0.74", "2016-09-30": "0.68", "2016-06-30": "0.69", "2016-03-31": "0.68", "2015-12-31": "0.64", "2015-09-30": "0.65", "2015-06-30": "0.68", "2015-03-31": "0.72", "2014-12-31": "0.76", "2014-09-30": "0.70", "2014-06-30": "0.63", "2014-03-31": "0.64", "2013-12-31": "0.62", "2013-09-30": "0.63", "2013-06-30": "0.62", "2013-03-31": "0.58", "2012-12-31": "0.53", "2012-09-30": "0.51", "2012-06-30": "0.50", "2012-03-31": "0.49", "2011-12-31": "0.48", "2011-09-30": "0.46", "2011-06-30": "0.49", "2011-03-31": "0.54", "2010-12-31": "0.52", "2010-09-30": "0.55", "2010-06-30": "0.53", "2010-03-31": "0.51", "2009-12-31": "0.36", "2009-09-30": "0.40", "2009-06-30": "0.39", "2009-03-31": "0.42", "2008-12-31": "0.42", "2008-09-30": "0.00", "2008-06-30": "0.00", "2008-03-31": "0.00", "2007-12-31": "0.00", "2007-09-30": "0.00", "2007-06-30": "0.00", "2007-03-31": "0.00", "2006-12-31": "0.00", "2006-09-30": "0.00", "2006-06-30": "0.00", "2006-03-31": "0.00"}, "price fcf": {"2021-02-11": "", "2020-09-30": "$11.22", "2020-06-30": "$9.84", "2020-03-31": "$9.03", "2019-12-31": "$9.26", "2019-09-30": "$8.88", "2019-06-30": "$9.39", "2019-03-31": "$9.05", "2018-12-31": "$9.27", "2018-09-30": "$-1.35", "2018-06-30": "$9.04", "2018-03-31": "$9.34", "2017-12-31": "$13.78", "2017-09-30": "$23.45", "2017-06-30": "$12.98", "2017-03-31": "$12.57", "2016-12-31": "$7.98", "2016-09-30": "$7.59", "2016-06-30": "$7.06", "2016-03-31": "$7.10", "2015-12-31": "$6.25", "2015-09-30": "$6.16", "2015-06-30": "$7.38", "2015-03-31": "$6.98", "2014-12-31": "$6.82", "2014-09-30": "$7.13", "2014-06-30": "$5.75", "2014-03-31": "$6.04", "2013-12-31": "$6.73", "2013-09-30": "$6.17", "2013-06-30": "$5.82", "2013-03-31": "$5.06", "2012-12-31": "$4.51", "2012-09-30": "$4.42", "2012-06-30": "$4.31", "2012-03-31": "$5.15", "2011-12-31": "$4.96", "2011-09-30": "$5.15", "2011-06-30": "$5.82", "2011-03-31": "$4.78", "2010-12-31": "$4.85", "2010-09-30": "$5.01", "2010-06-30": "$4.27", "2010-03-31": "$4.17", "2009-12-31": "$4.69", "2009-09-30": "$3.97", "2009-06-30": "$3.27", "2009-03-31": "$2.64", "2008-12-31": "$2.20", "2008-09-30": "$1.75", "2008-06-30": "$2.08", "2008-03-31": "$2.64", "2007-12-31": "$3.09", "2007-09-30": "$3.47", "2007-06-30": "$3.71", "2007-03-31": "$3.10", "2006-12-31": "$2.35"}, "net worth": {"value": "$562.52B"}, "current ratio": {"2020-09-30": "0.27", "2020-06-30": "0.30", "2020-03-31": "0.33", "2019-12-31": "0.39", "2019-09-30": "0.44", "2019-06-30": "0.34", "2019-03-31": "0.28", "2018-12-31": "0.29", "2018-09-30": "0.31", "2018-06-30": "0.40", "2018-03-31": "0.37", "2017-12-31": "0.28", "2017-09-30": "0.32", "2017-06-30": "0.27", "2017-03-31": "0.26", "2016-12-31": "0.28", "2016-09-30": "0.52", "2016-06-30": "0.47", "2016-03-31": "0.41", "2015-12-31": "0.48", "2015-09-30": "0.46", "2015-06-30": "0.46", "2015-03-31": "0.45", "2014-12-31": "0.47", "2014-09-30": "0.47", "2014-06-30": "0.45", "2014-03-31": "0.42", "2013-12-31": "0.41", "2013-09-30": "0.43", "2013-06-30": "0.38", "2013-03-31": "0.46", "2012-12-31": "0.45", "2012-09-30": "0.46", "2012-06-30": "0.43", "2012-03-31": "0.41", "2011-12-31": "0.40", "2011-09-30": "0.39", "2011-06-30": "0.48", "2011-03-31": "0.45", "2010-12-31": "0.45", "2010-09-30": "0.41", "2010-06-30": "0.38", "2010-03-31": "0.37", "2009-12-31": "0.45", "2009-09-30": "0.42", "2009-06-30": "0.40", "2009-03-31": "0.42", "2008-12-31": "0.42", "2008-09-30": "0.50", "2008-06-30": "0.49", "2008-03-31": "0.52", "2007-12-31": "0.58", "2007-09-30": "0.60", "2007-06-30": "0.60", "2007-03-31": "0.65", "2006-12-31": "0.62", "2006-09-30": "0.63", "2006-06-30": "0.64", "2006-03-31": "0.65", "2005-12-31": "0.80", "2005-09-30": "0.86", "2005-06-30": "0.92", "2005-03-31": "0.92"}, "quick ratio": {"2020-09-30": "0.00", "2020-06-30": "0.00", "2020-03-31": "0.00", "2019-12-31": "0.00", "2019-09-30": "0.00", "2019-06-30": "0.00", "2019-03-31": "0.00", "2018-12-31": "0.00", "2018-09-30": "0.00", "2018-06-30": "0.00", "2018-03-31": "0.00", "2017-12-31": "0.00", "2017-09-30": "0.00", "2017-06-30": "0.00", "2017-03-31": "0.00", "2016-12-31": "0.00", "2016-09-30": "0.00", "2016-06-30": "0.00", "2016-03-31": "0.00", "2015-12-31": "0.00", "2015-09-30": "0.00", "2015-06-30": "0.00", "2015-03-31": "0.00", "2014-12-31": "0.00", "2014-09-30": "0.00", "2014-06-30": "0.00", "2014-03-31": "0.00", "2013-12-31": "0.00", "2013-09-30": "0.00", "2013-06-30": "0.00", "2013-03-31": "0.00", "2012-12-31": "0.00", "2012-09-30": "0.00", "2012-06-30": "0.00", "2012-03-31": "0.00", "2011-12-31": "0.00", "2011-09-30": "0.00", "2011-06-30": "0.00", "2011-03-31": "0.00", "2010-12-31": "0.00", "2010-09-30": "0.00", "2010-06-30": "0.00", "2010-03-31": "0.00", "2009-12-31": "0.00", "2009-09-30": "0.00", "2009-06-30": "0.00", "2009-03-31": "0.00", "2008-12-31": "0.00", "2008-09-30": "0.00", "2008-06-30": "0.00", "2008-03-31": "0.00", "2007-12-31": "0.00", "2007-09-30": "0.00", "2007-06-30": "0.00", "2007-03-31": "0.00", "2006-12-31": "0.00", "2006-09-30": "0.00", "2006-06-30": "0.00", "2006-03-31": "0.00", "2005-12-31": "0.00", "2005-09-30": "0.00", "2005-06-30": "0.00", "2005-03-31": "0.00"}, "debt equity ratio": {"current": "0.00", "2020-09-30": "0.98", "2020-06-30": "0.98", "2020-03-31": "1.03", "2019-12-31": "0.91", "2019-09-30": "0.96", "2019-06-30": "0.97", "2019-03-31": "0.98", "2018-12-31": "1.01", "2018-09-30": "0.94", "2018-06-30": "0.97", "2018-03-31": "1.00", "2017-12-31": "1.00", "2017-09-30": "1.19", "2017-06-30": "1.19", "2017-03-31": "1.21", "2016-12-31": "1.18", "2016-09-30": "1.22", "2016-06-30": "1.23", "2016-03-31": "1.24", "2015-12-31": "1.14", "2015-09-30": "1.17", "2015-06-30": "1.17", "2015-03-31": "1.17", "2014-12-31": "1.16", "2014-09-30": "1.15", "2014-06-30": "1.13", "2014-03-31": "1.15", "2013-12-31": "1.16", "2013-09-30": "1.17", "2013-06-30": "1.18", "2013-03-31": "1.19", "2012-12-31": "1.23", "2012-09-30": "1.24", "2012-06-30": "1.26", "2012-03-31": "1.28", "2011-12-31": "1.32", "2011-09-30": "1.35", "2011-06-30": "1.30", "2011-03-31": "1.29", "2010-12-31": "1.29", "2010-09-30": "1.35", "2010-06-30": "1.37", "2010-03-31": "1.35", "2009-12-31": "1.19", "2009-09-30": "1.24", "2009-06-30": "1.32", "2009-03-31": "1.44", "2008-12-31": "1.35", "2008-09-30": "1.35", "2008-06-30": "1.35", "2008-03-31": "1.35", "2007-12-31": "1.26", "2007-09-30": "1.31", "2007-06-30": "1.33", "2007-03-31": "1.38", "2006-12-31": "1.29", "2006-09-30": "1.35", "2006-06-30": "1.38", "2006-03-31": "1.41", "2005-12-31": "1.17", "2005-09-30": "1.20", "2005-06-30": "1.21", "2005-03-31": "1.21"}, "return on equity": {"2020-09-30": "8.85%", "2020-06-30": "5.55%", "2020-03-31": "2.52%", "2019-12-31": "20.49%", "2019-09-30": "7.10%", "2019-06-30": "7.75%", "2019-03-31": "7.32%", "2018-12-31": "1.11%", "2018-09-30": "17.16%", "2018-06-30": "13.80%", "2018-03-31": "12.05%", "2017-12-31": "14.22%", "2017-09-30": "6.24%", "2017-06-30": "7.53%", "2017-03-31": "8.05%", "2016-12-31": "8.87%", "2016-09-30": "8.79%", "2016-06-30": "9.82%", "2016-03-31": "9.60%", "2015-12-31": "9.59%", "2015-09-30": "9.21%", "2015-06-30": "7.35%", "2015-03-31": "8.43%", "2014-12-31": "8.36%", "2014-09-30": "8.89%", "2014-06-30": "9.37%", "2014-03-31": "8.86%", "2013-12-31": "9.24%", "2013-09-30": "9.40%", "2013-06-30": "9.09%", "2013-03-31": "8.62%", "2012-12-31": "7.98%", "2012-09-30": "7.40%", "2012-06-30": "6.72%", "2012-03-31": "7.05%", "2011-12-31": "6.18%", "2011-09-30": "7.04%", "2011-06-30": "7.58%", "2011-03-31": "6.89%", "2010-12-31": "8.41%", "2010-09-30": "7.90%", "2010-06-30": "8.41%", "2010-03-31": "9.84%", "2009-12-31": "6.55%", "2009-09-30": "4.35%", "2009-06-30": "2.55%", "2009-03-31": "2.20%", "2008-12-31": "4.24%", "2008-09-30": "6.54%", "2008-06-30": "9.47%", "2008-03-31": "9.73%", "2007-12-31": "11.35%", "2007-09-30": "12.22%", "2007-06-30": "11.08%", "2007-03-31": "10.81%", "2006-12-31": "10.92%", "2006-09-30": "12.99%", "2006-06-30": "11.10%", "2006-03-31": "10.40%", "2005-12-31": "9.59%"}, "return on assets": {"2020-09-30": "4.49%", "2020-06-30": "2.82%", "2020-03-31": "1.28%", "2019-12-31": "10.49%", "2019-09-30": "3.59%", "2019-06-30": "3.93%", "2019-03-31": "3.71%", "2018-12-31": "0.56%", "2018-09-30": "8.69%", "2018-06-30": "6.79%", "2018-03-31": "5.78%", "2017-12-31": "6.65%", "2017-09-30": "2.85%", "2017-06-30": "3.43%", "2017-03-31": "3.65%", "2016-12-31": "4.01%", "2016-09-30": "3.98%", "2016-06-30": "4.48%", "2016-03-31": "4.41%", "2015-12-31": "4.44%", "2015-09-30": "4.25%", "2015-06-30": "3.39%", "2015-03-31": "3.91%", "2014-12-31": "3.89%", "2014-09-30": "4.14%", "2014-06-30": "4.35%", "2014-03-31": "4.09%", "2013-12-31": "4.25%", "2013-09-30": "4.29%", "2013-06-30": "4.11%", "2013-03-31": "3.86%", "2012-12-31": "3.54%", "2012-09-30": "3.25%", "2012-06-30": "2.92%", "2012-03-31": "3.05%", "2011-12-31": "2.67%", "2011-09-30": "3.05%", "2011-06-30": "3.29%", "2011-03-31": "2.97%", "2010-12-31": "3.60%", "2010-09-30": "3.41%", "2010-06-30": "3.68%", "2010-03-31": "4.33%", "2009-12-31": "2.86%", "2009-09-30": "1.87%", "2009-06-30": "1.08%", "2009-03-31": "0.93%", "2008-12-31": "1.80%", "2008-09-30": "2.81%", "2008-06-30": "4.08%", "2008-03-31": "4.20%", "2007-12-31": "4.89%", "2007-09-30": "5.25%", "2007-06-30": "4.74%", "2007-03-31": "4.60%", "2006-12-31": "4.63%", "2006-09-30": "5.58%", "2006-06-30": "4.84%", "2006-03-31": "4.62%", "2005-12-31": "4.37%"}, "return on investments": {"2020-09-30": "inf%", "2020-06-30": "inf%", "2020-03-31": "inf%", "2019-12-31": "inf%", "2019-09-30": "inf%", "2019-06-30": "inf%", "2019-03-31": "inf%", "2018-12-31": "inf%", "2018-09-30": "inf%", "2018-06-30": "inf%", "2018-03-31": "inf%", "2017-12-31": "inf%", "2017-09-30": "inf%", "2017-06-30": "inf%", "2017-03-31": "inf%", "2016-12-31": "inf%", "2016-09-30": "inf%", "2016-06-30": "inf%", "2016-03-31": "inf%", "2015-12-31": "inf%", "2015-09-30": "inf%", "2015-06-30": "inf%", "2015-03-31": "inf%", "2014-12-31": "inf%", "2014-09-30": "inf%", "2014-06-30": "inf%", "2014-03-31": "inf%", "2013-12-31": "inf%", "2013-09-30": "inf%", "2013-06-30": "inf%", "2013-03-31": "inf%", "2012-12-31": "inf%", "2012-09-30": "inf%", "2012-06-30": "inf%", "2012-03-31": "inf%", "2011-12-31": "inf%", "2011-09-30": "inf%", "2011-06-30": "inf%", "2011-03-31": "inf%", "2010-12-31": "inf%", "2010-09-30": "inf%", "2010-06-30": "inf%", "2010-03-31": "inf%", "2009-12-31": "inf%", "2009-09-30": "inf%", "2009-06-30": "inf%", "2009-03-31": "inf%", "2008-12-31": "inf%", "2008-09-30": "inf%", "2008-06-30": "inf%", "2008-03-31": "inf%", "2007-12-31": "inf%", "2007-09-30": "inf%", "2007-06-30": "inf%", "2007-03-31": "inf%", "2006-12-31": "inf%", "2006-09-30": "inf%", "2006-06-30": "88.72%", "2006-03-31": "39.74%", "2005-12-31": "23.39%"}, "return on tangible equity": {"2020-09-30": "12.03%", "2020-06-30": "7.64%", "2020-03-31": "3.51%", "2019-12-31": "28.58%", "2019-09-30": "10.10%", "2019-06-30": "11.10%", "2019-03-31": "10.57%", "2018-12-31": "1.62%", "2018-09-30": "25.02%", "2018-06-30": "20.60%", "2018-03-31": "18.39%", "2017-12-31": "22.20%", "2017-09-30": "10.04%", "2017-06-30": "12.39%", "2017-03-31": "13.55%", "2016-12-31": "15.28%", "2016-09-30": "14.44%", "2016-06-30": "15.11%", "2016-03-31": "13.82%", "2015-12-31": "12.95%", "2015-09-30": "12.47%", "2015-06-30": "9.93%", "2015-03-31": "11.38%", "2014-12-31": "11.28%", "2014-09-30": "11.85%", "2014-06-30": "12.54%", "2014-03-31": "11.93%", "2013-12-31": "12.52%", "2013-09-30": "12.86%", "2013-06-30": "12.56%", "2013-03-31": "12.02%", "2012-12-31": "11.24%", "2012-09-30": "10.52%", "2012-06-30": "9.69%", "2012-03-31": "10.18%", "2011-12-31": "8.93%", "2011-09-30": "10.13%", "2011-06-30": "10.88%", "2011-03-31": "10.02%", "2010-12-31": "12.32%", "2010-09-30": "11.39%", "2010-06-30": "11.89%", "2010-03-31": "13.68%", "2009-12-31": "9.04%", "2009-09-30": "6.11%", "2009-06-30": "3.62%", "2009-03-31": "3.11%", "2008-12-31": "5.93%", "2008-09-30": "9.08%", "2008-06-30": "13.11%", "2008-03-31": "13.45%", "2007-12-31": "15.77%", "2007-09-30": "17.13%", "2007-06-30": "15.76%", "2007-03-31": "15.52%", "2006-12-31": "15.75%", "2006-09-30": "18.51%", "2006-06-30": "15.53%", "2006-03-31": "14.34%", "2005-12-31": "13.02%"}, "dividend yield history": {"last payout": "$0.00", "last yield": "0.00%"}}