{"ticker": "BR", "price": {"title": "Broadridge Financial Solutions Historical Annual Stock Price Data", "value": 144.13, "historical": {"2020": {"Average Stock Price": "127.3091", "Year Open": "123.7800", "Year High": "153.8800", "Year Low": "84.2600", "Year Close": "153.2000", "Annual % Change": "24.01%"}, "2019": {"Average Stock Price": "118.1411", "Year Open": "95.0800", "Year High": "134.8700", "Year Low": "93.6500", "Year Close": "123.5400", "Annual % Change": "28.35%"}, "2018": {"Average Stock Price": "111.9439", "Year Open": "90.8000", "Year High": "137.7200", "Year Low": "90.6200", "Year Close": "96.2500", "Annual % Change": "6.26%"}, "2017": {"Average Stock Price": "76.0931", "Year Open": "65.9300", "Year High": "91.6100", "Year Low": "65.7400", "Year Close": "90.5800", "Annual % Change": "36.62%"}, "2016": {"Average Stock Price": "62.5260", "Year Open": "52.3900", "Year High": "71.4100", "Year Low": "49.6400", "Year Close": "66.3000", "Annual % Change": "23.39%"}, "2015": {"Average Stock Price": "53.5067", "Year Open": "45.6000", "Year High": "59.9000", "Year Low": "44.9200", "Year Close": "53.7300", "Annual % Change": "16.35%"}, "2014": {"Average Stock Price": "40.5284", "Year Open": "39.2900", "Year High": "46.5400", "Year Low": "35.2800", "Year Close": "46.1800", "Annual % Change": "16.85%"}, "2013": {"Average Stock Price": "28.8172", "Year Open": "23.5900", "Year High": "39.9400", "Year Low": "21.9800", "Year Close": "39.5200", "Annual % Change": "72.73%"}, "2012": {"Average Stock Price": "22.8343", "Year Open": "22.6700", "Year High": "24.8500", "Year Low": "20.2300", "Year Close": "22.8800", "Annual % Change": "1.46%"}, "2011": {"Average Stock Price": "22.2108", "Year Open": "22.2800", "Year High": "24.7500", "Year Low": "19.1800", "Year Close": "22.5500", "Annual % Change": "2.83%"}, "2010": {"Average Stock Price": "21.4279", "Year Open": "22.6900", "Year High": "24.0000", "Year Low": "18.6300", "Year Close": "21.9300", "Annual % Change": "-2.79%"}, "2009": {"Average Stock Price": "18.6953", "Year Open": "14.2100", "Year High": "23.0200", "Year Low": "12.8400", "Year Close": "22.5600", "Annual % Change": "79.90%"}, "2008": {"Average Stock Price": "18.0114", "Year Open": "22.2500", "Year High": "23.5200", "Year Low": "9.7200", "Year Close": "12.5400", "Annual % Change": "-44.09%"}, "2007": {"Average Stock Price": "19.8758", "Year Open": "19.5100", "Year High": "23.9600", "Year Low": "16.2900", "Year Close": "22.4300", "Annual % Change": "0.00%"}}}, "market cap": {"value": "$16.69B"}, "income statement": {"Revenue": {"2020-06-30": "4529.00000", "2019-06-30": "4362.20000", "2018-06-30": "4329.90000", "2017-06-30": "4142.60000", "2016-06-30": "2897.00000", "2015-06-30": "2694.20000", "2014-06-30": "2558.00000", "2013-06-30": "2430.80000", "2012-06-30": "2303.50000", "2011-06-30": "2166.90000", "2010-06-30": "2209.20000", "2009-06-30": "2073.00000", "2008-06-30": "2130.80000", "2007-06-30": "2137.90000", "2006-06-30": "1933.30000", "2005-06-30": "1717.10000"}, "Cost Of Goods Sold": {"2020-06-30": "3265.10000", "2019-06-30": "3131.90000", "2018-06-30": "3167.40000", "2017-06-30": "3107.90000", "2016-06-30": "1975.90000", "2015-06-30": "1828.20000", "2014-06-30": "1761.40000", "2013-06-30": "1767.80000", "2012-06-30": "1715.10000", "2011-06-30": "1617.10000", "2010-06-30": "1616.40000", "2009-06-30": "1510.10000", "2008-06-30": "1547.80000", "2007-06-30": "1588.10000", "2006-06-30": "1433.00000", "2005-06-30": "1273.20000"}, "Gross Profit": {"2020-06-30": "1263.90000", "2019-06-30": "1230.30000", "2018-06-30": "1162.50000", "2017-06-30": "1034.70000", "2016-06-30": "921.10000", "2015-06-30": "866.00000", "2014-06-30": "796.60000", "2013-06-30": "663.00000", "2012-06-30": "588.40000", "2011-06-30": "549.79990", "2010-06-30": "592.79990", "2009-06-30": "562.90000", "2008-06-30": "583.00000", "2007-06-30": "549.79990", "2006-06-30": "500.30000", "2005-06-30": "443.90000"}, "Research And Development Expenses": {"2020-06-30": "", "2019-06-30": "", "2018-06-30": "", "2017-06-30": "", "2016-06-30": "", "2015-06-30": "", "2014-06-30": "", "2013-06-30": "", "2012-06-30": "", "2011-06-30": "", "2010-06-30": "", "2009-06-30": "", "2008-06-30": "", "2007-06-30": "", "2006-06-30": "", "2005-06-30": ""}, "SG&A Expenses": {"2020-06-30": "639.00000", "2019-06-30": "577.50000", "2018-06-30": "564.50000", "2017-06-30": "500.70000", "2016-06-30": "420.90000", "2015-06-30": "399.10000", "2014-06-30": "378.40000", "2013-06-30": "323.60000", "2012-06-30": "299.90000", "2011-06-30": "270.00000", "2010-06-30": "241.60000", "2009-06-30": "212.90000", "2008-06-30": "232.40000", "2007-06-30": "216.70000", "2006-06-30": "195.90000", "2005-06-30": "168.50000"}, "Other Operating Income Or Expenses": {"2020-06-30": "", "2019-06-30": "", "2018-06-30": "", "2017-06-30": "", "2016-06-30": "", "2015-06-30": "", "2014-06-30": "", "2013-06-30": "-16.20000", "2012-06-30": "-87.60000", "2011-06-30": "-10.10000", "2010-06-30": "-9.10000", "2009-06-30": "-4.00000", "2008-06-30": "-30.90000", "2007-06-30": "-12.30000", "2006-06-30": "-1.70000", "2005-06-30": "-1.50000"}, "Operating Expenses": {"2020-06-30": "3904.10000", "2019-06-30": "3709.40000", "2018-06-30": "3731.90000", "2017-06-30": "3608.60000", "2016-06-30": "2396.80000", "2015-06-30": "2227.30000", "2014-06-30": "2139.80000", "2013-06-30": "2107.60000", "2012-06-30": "2102.60000", "2011-06-30": "1897.20000", "2010-06-30": "1867.10000", "2009-06-30": "1727.00000", "2008-06-30": "1811.10000", "2007-06-30": "1817.10000", "2006-06-30": "1630.60000", "2005-06-30": "1443.20000"}, "Operating Income": {"2020-06-30": "624.89990", "2019-06-30": "652.80030", "2018-06-30": "598.00000", "2017-06-30": "534.00020", "2016-06-30": "500.20000", "2015-06-30": "466.89990", "2014-06-30": "418.20000", "2013-06-30": "323.20000", "2012-06-30": "200.89990", "2011-06-30": "269.70000", "2010-06-30": "342.10000", "2009-06-30": "346.00000", "2008-06-30": "319.70000", "2007-06-30": "320.79990", "2006-06-30": "302.70010", "2005-06-30": "273.90000"}, "Total Non-Operating Income/Expense": {"2020-06-30": "-45.40000", "2019-06-30": "-45.50000", "2018-06-30": "-37.10000", "2017-06-30": "-45.90000", "2016-06-30": "-31.30000", "2015-06-30": "-28.00000", "2014-06-30": "-22.70000", "2013-06-30": "", "2012-06-30": "", "2011-06-30": "", "2010-06-30": "", "2009-06-30": "", "2008-06-30": "", "2007-06-30": "", "2006-06-30": "", "2005-06-30": ""}, "Pre-Tax Income": {"2020-06-30": "579.50000", "2019-06-30": "607.30000", "2018-06-30": "561.00000", "2017-06-30": "488.10000", "2016-06-30": "468.90000", "2015-06-30": "438.90000", "2014-06-30": "395.50000", "2013-06-30": "323.20000", "2012-06-30": "200.90000", "2011-06-30": "269.70000", "2010-06-30": "342.10000", "2009-06-30": "346.00000", "2008-06-30": "319.70000", "2007-06-30": "320.80000", "2006-06-30": "302.70000", "2005-06-30": "273.90000"}, "Income Taxes": {"2020-06-30": "117.00000", "2019-06-30": "125.20000", "2018-06-30": "133.10000", "2017-06-30": "161.40000", "2016-06-30": "161.40000", "2015-06-30": "151.80000", "2014-06-30": "132.50000", "2013-06-30": "111.10000", "2012-06-30": "75.90000", "2011-06-30": "97.90000", "2010-06-30": "117.00000", "2009-06-30": "122.90000", "2008-06-30": "131.30000", "2007-06-30": "123.70000", "2006-06-30": "122.20000", "2005-06-30": "107.50000"}, "Income After Taxes": {"2020-06-30": "462.50000", "2019-06-30": "482.10000", "2018-06-30": "427.90000", "2017-06-30": "326.70000", "2016-06-30": "307.50000", "2015-06-30": "287.10000", "2014-06-30": "263.00000", "2013-06-30": "212.10000", "2012-06-30": "125.00000", "2011-06-30": "171.80000", "2010-06-30": "225.10000", "2009-06-30": "223.10000", "2008-06-30": "188.40000", "2007-06-30": "197.10000", "2006-06-30": "180.50000", "2005-06-30": "166.40000"}, "Other Income": {"2020-06-30": "", "2019-06-30": "", "2018-06-30": "", "2017-06-30": "", "2016-06-30": "", "2015-06-30": "", "2014-06-30": "", "2013-06-30": "", "2012-06-30": "", "2011-06-30": "", "2010-06-30": "", "2009-06-30": "", "2008-06-30": "", "2007-06-30": "", "2006-06-30": "", "2005-06-30": ""}, "Income From Continuous Operations": {"2020-06-30": "462.50000", "2019-06-30": "482.10000", "2018-06-30": "427.90000", "2017-06-30": "326.80000", "2016-06-30": "307.50000", "2015-06-30": "287.10000", "2014-06-30": "263.00000", "2013-06-30": "212.10000", "2012-06-30": "125.00000", "2011-06-30": "171.80000", "2010-06-30": "225.10000", "2009-06-30": "223.10000", "2008-06-30": "188.40000", "2007-06-30": "197.10000", "2006-06-30": "180.50000", "2005-06-30": "166.40000"}, "Income From Discontinued Operations": {"2020-06-30": "", "2019-06-30": "", "2018-06-30": "", "2017-06-30": "", "2016-06-30": "", "2015-06-30": "", "2014-06-30": "", "2013-06-30": "", "2012-06-30": "-1.40000", "2011-06-30": "-2.20000", "2010-06-30": "-35.10000", "2009-06-30": "0.20000", "2008-06-30": "3.80000", "2007-06-30": "", "2006-06-30": "-13.80000", "2005-06-30": "-1.00000"}, "Net Income": {"2020-06-30": "462.50000", "2019-06-30": "482.10000", "2018-06-30": "427.90000", "2017-06-30": "326.80000", "2016-06-30": "307.50000", "2015-06-30": "287.10000", "2014-06-30": "263.00000", "2013-06-30": "212.10000", "2012-06-30": "123.60000", "2011-06-30": "169.60000", "2010-06-30": "190.00000", "2009-06-30": "223.30000", "2008-06-30": "192.20000", "2007-06-30": "197.10000", "2006-06-30": "166.70000", "2005-06-30": "165.40000"}, "EBITDA": {"2020-06-30": "924.19990", "2019-06-30": "912.80030", "2018-06-30": "810.00000", "2017-06-30": "716.20030", "2016-06-30": "621.20000", "2015-06-30": "571.19990", "2014-06-30": "515.60000", "2013-06-30": "416.59990", "2012-06-30": "292.89990", "2011-06-30": "341.99990", "2010-06-30": "399.10000", "2009-06-30": "399.70000", "2008-06-30": "368.09990", "2007-06-30": "383.29990", "2006-06-30": "377.00010", "2005-06-30": "343.00000"}, "EBIT": {"2020-06-30": "624.89990", "2019-06-30": "652.80030", "2018-06-30": "598.00000", "2017-06-30": "534.00020", "2016-06-30": "500.20000", "2015-06-30": "466.89990", "2014-06-30": "418.20000", "2013-06-30": "323.20000", "2012-06-30": "200.89990", "2011-06-30": "269.70000", "2010-06-30": "342.10000", "2009-06-30": "346.00000", "2008-06-30": "319.70000", "2007-06-30": "320.79990", "2006-06-30": "302.70010", "2005-06-30": "273.90000"}, "Basic Shares Outstanding": {"2020-06-30": "114.70000", "2019-06-30": "115.90000", "2018-06-30": "116.80000", "2017-06-30": "118.00000", "2016-06-30": "118.30000", "2015-06-30": "119.90000", "2014-06-30": "119.60000", "2013-06-30": "121.90000", "2012-06-30": "124.10000", "2011-06-30": "124.80000", "2010-06-30": "135.90000", "2009-06-30": "140.00000", "2008-06-30": "139.60000", "2007-06-30": "138.80000", "2006-06-30": "138.80000", "2005-06-30": "138.80000"}, "Shares Outstanding": {"2020-06-30": "117.00000", "2019-06-30": "118.80000", "2018-06-30": "120.40000", "2017-06-30": "120.80000", "2016-06-30": "121.60000", "2015-06-30": "124.00000", "2014-06-30": "124.10000", "2013-06-30": "125.40000", "2012-06-30": "127.50000", "2011-06-30": "128.30000", "2010-06-30": "139.10000", "2009-06-30": "141.60000", "2008-06-30": "141.00000", "2007-06-30": "139.00000", "2006-06-30": "138.80000", "2005-06-30": "138.80000"}, "Basic EPS": {"2020-06-30": "4.03000", "2019-06-30": "4.16000", "2018-06-30": "3.66000", "2017-06-30": "2.77000", "2016-06-30": "2.60000", "2015-06-30": "2.39000", "2014-06-30": "2.20000", "2013-06-30": "1.74000", "2012-06-30": "1.00000", "2011-06-30": "1.36000", "2010-06-30": "1.40000", "2009-06-30": "1.60000", "2008-06-30": "1.38000", "2007-06-30": "1.42000", "2006-06-30": "1.20000", "2005-06-30": "1.19000"}, "EPS - Earnings Per Share": {"2020-06-30": "3.95000", "2019-06-30": "4.06000", "2018-06-30": "3.56000", "2017-06-30": "2.70000", "2016-06-30": "2.53000", "2015-06-30": "2.32000", "2014-06-30": "2.12000", "2013-06-30": "1.69000", "2012-06-30": "0.97000", "2011-06-30": "1.32000", "2010-06-30": "1.37000", "2009-06-30": "1.58000", "2008-06-30": "1.36000", "2007-06-30": "1.42000", "2006-06-30": "1.20000", "2005-06-30": "1.19000"}}, "income statement, quarterly": {"Revenue": {"2020-12-31": "1054.90000", "2020-09-30": "1017.40000", "2020-06-30": "1361.80000", "2020-03-31": "1249.90000", "2019-12-31": "968.70000", "2019-09-30": "948.60000", "2019-06-30": "1211.20000", "2019-03-31": "1224.80000", "2018-12-31": "953.40000", "2018-09-30": "972.80000", "2018-06-30": "1320.40000", "2018-03-31": "1071.90000", "2017-12-31": "1012.80000", "2017-09-30": "924.80000", "2017-06-30": "1345.80000", "2017-03-31": "1008.90000", "2016-12-31": "892.60000", "2016-09-30": "895.30000", "2016-06-30": "974.59990", "2016-03-31": "688.80000", "2015-12-31": "638.90000", "2015-09-30": "594.70000", "2015-06-30": "929.60000", "2015-03-31": "634.20000", "2014-12-31": "574.60000", "2014-09-30": "555.80000", "2014-06-30": "885.90000", "2014-03-31": "606.30000", "2013-12-31": "520.60000", "2013-09-30": "545.20000", "2013-06-30": "865.10020", "2013-03-31": "576.70000", "2012-12-31": "493.20000", "2012-09-30": "495.80000", "2012-06-30": "800.29990", "2012-03-31": "547.00000", "2011-12-31": "479.80000", "2011-09-30": "476.40000", "2011-06-30": "776.10000", "2011-03-31": "527.10000", "2010-12-31": "442.30000", "2010-09-30": "421.40000", "2010-06-30": "750.49990", "2010-03-31": "490.80000", "2009-12-31": "529.70000", "2009-09-30": "438.20000", "2009-06-30": "699.40000", "2009-03-31": "463.70000", "2008-12-31": "437.50000", "2008-09-30": "472.40000", "2008-06-30": "715.70000", "2008-03-31": "498.80000", "2007-12-31": "465.10000", "2007-09-30": "451.20000", "2007-06-30": "773.69980", "2007-03-31": "492.80000", "2006-12-31": "431.30000", "2006-09-30": "440.10000", "2006-03-31": "450.50000"}, "Cost Of Goods Sold": {"2020-12-31": "806.50000", "2020-09-30": "787.10000", "2020-06-30": "884.20010", "2020-03-31": "872.50000", "2019-12-31": "780.90000", "2019-09-30": "727.50000", "2019-06-30": "811.59990", "2019-03-31": "847.30000", "2018-12-31": "734.00000", "2018-09-30": "739.00000", "2018-06-30": "869.59990", "2018-03-31": "802.50000", "2017-12-31": "769.30000", "2017-09-30": "726.00000", "2017-06-30": "908.49990", "2017-03-31": "773.70000", "2016-12-31": "707.80000", "2016-09-30": "717.90000", "2016-06-30": "586.30000", "2016-03-31": "486.50000", "2015-12-31": "464.50000", "2015-09-30": "438.60000", "2015-06-30": "555.10000", "2015-03-31": "452.60000", "2014-12-31": "414.00000", "2014-09-30": "406.50000", "2014-06-30": "551.20010", "2014-03-31": "427.60000", "2013-12-31": "385.10000", "2013-09-30": "397.50000", "2013-06-30": "564.00010", "2013-03-31": "426.20000", "2012-12-31": "387.60000", "2012-09-30": "390.00000", "2012-06-30": "528.90010", "2012-03-31": "420.80000", "2011-12-31": "382.60000", "2011-09-30": "382.80000", "2011-06-30": "517.30000", "2011-03-31": "406.60000", "2010-12-31": "356.60000", "2010-09-30": "336.60000", "2010-06-30": "497.30000", "2010-03-31": "380.90000", "2009-12-31": "399.70000", "2009-09-30": "338.50000", "2009-06-30": "461.60000", "2009-03-31": "357.30000", "2008-12-31": "328.20000", "2008-09-30": "363.00000", "2008-06-30": "484.80000", "2008-03-31": "383.10000", "2007-12-31": "345.70000", "2007-09-30": "334.20000", "2007-06-30": "537.20000", "2007-03-31": "375.10000", "2006-12-31": "333.20000", "2006-09-30": "342.60000", "2006-03-31": "348.40000"}, "Gross Profit": {"2020-12-31": "248.40000", "2020-09-30": "230.30000", "2020-06-30": "477.60010", "2020-03-31": "377.40000", "2019-12-31": "187.80000", "2019-09-30": "221.10000", "2019-06-30": "399.60010", "2019-03-31": "377.50010", "2018-12-31": "219.40000", "2018-09-30": "233.80000", "2018-06-30": "450.80000", "2018-03-31": "269.40000", "2017-12-31": "243.50000", "2017-09-30": "198.80000", "2017-06-30": "437.30020", "2017-03-31": "235.20000", "2016-12-31": "184.80000", "2016-09-30": "177.40000", "2016-06-30": "388.29990", "2016-03-31": "202.30000", "2015-12-31": "174.40000", "2015-09-30": "156.10000", "2015-06-30": "374.50010", "2015-03-31": "181.60000", "2014-12-31": "160.60000", "2014-09-30": "149.30000", "2014-06-30": "334.69990", "2014-03-31": "178.70000", "2013-12-31": "135.50000", "2013-09-30": "147.70000", "2013-06-30": "301.10000", "2013-03-31": "150.50000", "2012-12-31": "105.60000", "2012-09-30": "105.80000", "2012-06-30": "271.39980", "2012-03-31": "126.20000", "2011-12-31": "97.20000", "2011-09-30": "93.60000", "2011-06-30": "258.79990", "2011-03-31": "120.50000", "2010-12-31": "85.70000", "2010-09-30": "84.80000", "2010-06-30": "253.20000", "2010-03-31": "109.90000", "2009-12-31": "130.00000", "2009-09-30": "99.70000", "2009-06-30": "237.80000", "2009-03-31": "106.40000", "2008-12-31": "109.30000", "2008-09-30": "109.40000", "2008-06-30": "230.90000", "2008-03-31": "115.70000", "2007-12-31": "119.40000", "2007-09-30": "117.00000", "2007-06-30": "236.49990", "2007-03-31": "117.70000", "2006-12-31": "98.10000", "2006-09-30": "97.50000", "2006-03-31": "102.10000"}, "Research And Development Expenses": {"2020-12-31": "", "2020-09-30": "", "2020-06-30": "", "2020-03-31": "", "2019-12-31": "", "2019-09-30": "", "2019-06-30": "", "2019-03-31": "", "2018-12-31": "", "2018-09-30": "", "2018-06-30": "", "2018-03-31": "", "2017-12-31": "", "2017-09-30": "", "2017-06-30": "", "2017-03-31": "", "2016-12-31": "", "2016-09-30": "", "2016-06-30": "", "2016-03-31": "", "2015-12-31": "", "2015-09-30": "", "2015-06-30": "", "2015-03-31": "", "2014-12-31": "", "2014-09-30": "", "2014-06-30": "", "2014-03-31": "", "2013-12-31": "", "2013-09-30": "", "2013-06-30": "", "2013-03-31": "", "2012-12-31": "", "2012-09-30": "", "2012-06-30": "", "2012-03-31": "", "2011-12-31": "", "2011-09-30": "", "2011-06-30": "", "2011-03-31": "", "2010-12-31": "", "2010-09-30": "", "2010-06-30": "", "2010-03-31": "", "2009-12-31": "", "2009-09-30": "", "2009-06-30": "", "2009-03-31": "", "2008-12-31": "", "2008-09-30": "", "2008-06-30": "", "2008-03-31": "", "2007-12-31": "", "2007-09-30": "", "2007-06-30": "", "2007-03-31": "", "2006-12-31": "", "2006-09-30": "", "2006-03-31": ""}, "SG&A Expenses": {"2020-12-31": "169.00000", "2020-09-30": "151.70000", "2020-06-30": "178.90000", "2020-03-31": "151.10000", "2019-12-31": "161.00000", "2019-09-30": "148.00000", "2019-06-30": "158.70000", "2019-03-31": "143.90000", "2018-12-31": "141.20000", "2018-09-30": "133.70000", "2018-06-30": "184.70000", "2018-03-31": "138.60000", "2017-12-31": "127.70000", "2017-09-30": "113.50000", "2017-06-30": "137.90000", "2017-03-31": "125.50000", "2016-12-31": "126.00000", "2016-09-30": "111.30000", "2016-06-30": "117.90000", "2016-03-31": "101.70000", "2015-12-31": "104.20000", "2015-09-30": "97.10000", "2015-06-30": "112.80000", "2015-03-31": "92.60000", "2014-12-31": "101.50000", "2014-09-30": "92.20000", "2014-06-30": "123.30000", "2014-03-31": "95.60000", "2013-12-31": "86.00000", "2013-09-30": "73.50000", "2013-06-30": "94.50000", "2013-03-31": "79.00000", "2012-12-31": "77.20000", "2012-09-30": "72.90000", "2012-06-30": "91.10000", "2012-03-31": "70.60000", "2011-12-31": "73.50000", "2011-09-30": "64.70000", "2011-06-30": "74.70000", "2011-03-31": "66.90000", "2010-12-31": "66.90000", "2010-09-30": "61.50000", "2010-06-30": "69.80000", "2010-03-31": "60.00000", "2009-12-31": "58.40000", "2009-09-30": "53.40000", "2009-06-30": "45.50000", "2009-03-31": "48.70000", "2008-12-31": "62.00000", "2008-09-30": "56.70000", "2008-06-30": "60.80000", "2008-03-31": "60.00000", "2007-12-31": "62.50000", "2007-09-30": "49.10000", "2007-06-30": "67.50000", "2007-03-31": "47.60000", "2006-12-31": "51.10000", "2006-09-30": "50.50000", "2006-03-31": "45.00000"}, "Other Operating Income Or Expenses": {"2020-12-31": "", "2020-09-30": "", "2020-06-30": "", "2020-03-31": "", "2019-12-31": "", "2019-09-30": "", "2019-06-30": "", "2019-03-31": "", "2018-12-31": "", "2018-09-30": "", "2018-06-30": "", "2018-03-31": "", "2017-12-31": "", "2017-09-30": "", "2017-06-30": "", "2017-03-31": "", "2016-12-31": "", "2016-09-30": "", "2016-06-30": "", "2016-03-31": "", "2015-12-31": "", "2015-09-30": "", "2015-06-30": "", "2015-03-31": "", "2014-12-31": "", "2014-09-30": "", "2014-06-30": "", "2014-03-31": "-6.20000", "2013-12-31": "-6.80000", "2013-09-30": "-4.90000", "2013-06-30": "-4.40000", "2013-03-31": "-3.80000", "2012-12-31": "-3.70000", "2012-09-30": "-4.30000", "2012-06-30": "-45.00000", "2012-03-31": "-26.80000", "2011-12-31": "-13.10000", "2011-09-30": "-2.70000", "2011-06-30": "-2.90000", "2011-03-31": "-2.50000", "2010-12-31": "-2.30000", "2010-09-30": "-2.40000", "2010-06-30": "-0.70000", "2010-03-31": "-1.50000", "2009-12-31": "-3.10000", "2009-09-30": "-3.80000", "2009-06-30": "-7.70000", "2009-03-31": "-3.20000", "2008-12-31": "1.40000", "2008-09-30": "5.50000", "2008-06-30": "-5.20000", "2008-03-31": "-7.30000", "2007-12-31": "-9.60000", "2007-09-30": "-8.80000", "2007-06-30": "-10.50000", "2007-03-31": "-0.20000", "2006-12-31": "-1.00000", "2006-09-30": "-0.60000", "2006-03-31": "-1.30000"}, "Operating Expenses": {"2020-12-31": "975.50000", "2020-09-30": "938.80000", "2020-06-30": "1063.10000", "2020-03-31": "1023.60000", "2019-12-31": "941.90000", "2019-09-30": "875.50000", "2019-06-30": "970.30000", "2019-03-31": "991.20000", "2018-12-31": "875.20000", "2018-09-30": "872.70000", "2018-06-30": "1054.30000", "2018-03-31": "941.10000", "2017-12-31": "897.00000", "2017-09-30": "839.50000", "2017-06-30": "1046.40000", "2017-03-31": "899.20000", "2016-12-31": "833.80000", "2016-09-30": "829.20000", "2016-06-30": "704.20010", "2016-03-31": "588.20000", "2015-12-31": "568.70000", "2015-09-30": "535.70000", "2015-06-30": "667.90010", "2015-03-31": "545.20000", "2014-12-31": "515.50000", "2014-09-30": "498.70000", "2014-06-30": "656.60000", "2014-03-31": "529.40000", "2013-12-31": "477.90000", "2013-09-30": "475.90000", "2013-06-30": "662.90010", "2013-03-31": "509.00000", "2012-12-31": "468.50000", "2012-09-30": "467.20000", "2012-06-30": "665.00020", "2012-03-31": "518.20000", "2011-12-31": "469.20000", "2011-09-30": "450.20000", "2011-06-30": "594.90000", "2011-03-31": "476.00000", "2010-12-31": "425.80000", "2010-09-30": "400.50000", "2010-06-30": "567.79990", "2010-03-31": "442.40000", "2009-12-31": "461.20000", "2009-09-30": "395.70000", "2009-06-30": "514.80000", "2009-03-31": "409.20000", "2008-12-31": "388.80000", "2008-09-30": "414.20000", "2008-06-30": "550.80000", "2008-03-31": "450.40000", "2007-12-31": "417.80000", "2007-09-30": "392.10000", "2007-06-30": "615.19990", "2007-03-31": "422.90000", "2006-12-31": "385.30000", "2006-09-30": "393.70000", "2006-03-31": "394.70000"}, "Operating Income": {"2020-12-31": "79.40000", "2020-09-30": "78.60000", "2020-06-30": "298.70020", "2020-03-31": "226.30000", "2019-12-31": "26.80000", "2019-09-30": "73.10000", "2019-06-30": "240.90000", "2019-03-31": "233.60010", "2018-12-31": "78.20000", "2018-09-30": "100.10000", "2018-06-30": "266.10010", "2018-03-31": "130.80000", "2017-12-31": "115.80000", "2017-09-30": "85.30000", "2017-06-30": "299.40010", "2017-03-31": "109.70000", "2016-12-31": "58.80000", "2016-09-30": "66.10000", "2016-06-30": "270.39980", "2016-03-31": "100.60000", "2015-12-31": "70.20000", "2015-09-30": "59.00000", "2015-06-30": "261.70000", "2015-03-31": "89.00000", "2014-12-31": "59.10000", "2014-09-30": "57.10000", "2014-06-30": "229.30000", "2014-03-31": "76.90000", "2013-12-31": "42.70000", "2013-09-30": "69.30000", "2013-06-30": "202.20000", "2013-03-31": "67.70000", "2012-12-31": "24.70000", "2012-09-30": "28.60000", "2012-06-30": "135.29970", "2012-03-31": "28.80000", "2011-12-31": "10.60000", "2011-09-30": "26.20000", "2011-06-30": "181.20000", "2011-03-31": "51.10000", "2010-12-31": "16.50000", "2010-09-30": "20.90000", "2010-06-30": "182.70000", "2010-03-31": "48.40000", "2009-12-31": "68.50000", "2009-09-30": "42.50000", "2009-06-30": "184.60000", "2009-03-31": "54.50000", "2008-12-31": "48.70000", "2008-09-30": "58.20000", "2008-06-30": "164.90000", "2008-03-31": "48.40000", "2007-12-31": "47.30000", "2007-09-30": "59.10000", "2007-06-30": "158.49990", "2007-03-31": "69.90000", "2006-12-31": "46.00000", "2006-09-30": "46.40000", "2006-03-31": "55.80000"}, "Total Non-Operating Income/Expense": {"2020-12-31": "-10.10000", "2020-09-30": "-4.90000", "2020-06-30": "-4.00000", "2020-03-31": "-15.80000", "2019-12-31": "-16.30000", "2019-09-30": "-9.30000", "2019-06-30": "-10.80000", "2019-03-31": "-10.00000", "2018-12-31": "-13.90000", "2018-09-30": "-10.80000", "2018-06-30": "-8.20000", "2018-03-31": "-5.60000", "2017-12-31": "-12.40000", "2017-09-30": "-10.90000", "2017-06-30": "-14.80000", "2017-03-31": "-3.40000", "2016-12-31": "-13.10000", "2016-09-30": "-14.60000", "2016-06-30": "-7.90000", "2016-03-31": "-7.20000", "2015-12-31": "-8.80000", "2015-09-30": "-7.40000", "2015-06-30": "-6.30000", "2015-03-31": "-7.10000", "2014-12-31": "-7.50000", "2014-09-30": "-7.10000", "2014-06-30": "", "2014-03-31": "", "2013-12-31": "", "2013-09-30": "", "2013-06-30": "", "2013-03-31": "", "2012-12-31": "", "2012-09-30": "", "2012-06-30": "", "2012-03-31": "", "2011-12-31": "", "2011-09-30": "", "2011-06-30": "", "2011-03-31": "", "2010-12-31": "", "2010-09-30": "", "2010-06-30": "", "2010-03-31": "", "2009-12-31": "", "2009-09-30": "", "2009-06-30": "", "2009-03-31": "", "2008-12-31": "", "2008-09-30": "", "2008-06-30": "", "2008-03-31": "", "2007-12-31": "", "2007-09-30": "", "2007-06-30": "", "2007-03-31": "", "2006-12-31": "", "2006-09-30": "", "2006-03-31": ""}, "Pre-Tax Income": {"2020-12-31": "69.40000", "2020-09-30": "73.60000", "2020-06-30": "294.70000", "2020-03-31": "210.50000", "2019-12-31": "10.50000", "2019-09-30": "63.80000", "2019-06-30": "230.10000", "2019-03-31": "223.60000", "2018-12-31": "64.30000", "2018-09-30": "89.30000", "2018-06-30": "258.00000", "2018-03-31": "125.20000", "2017-12-31": "103.50000", "2017-09-30": "74.30000", "2017-06-30": "284.60000", "2017-03-31": "106.30000", "2016-12-31": "45.70000", "2016-09-30": "51.50000", "2016-06-30": "262.50000", "2016-03-31": "93.40000", "2015-12-31": "61.30000", "2015-09-30": "51.70000", "2015-06-30": "255.40000", "2015-03-31": "81.90000", "2014-12-31": "51.60000", "2014-09-30": "50.00000", "2014-06-30": "206.60000", "2014-03-31": "76.90000", "2013-12-31": "42.70000", "2013-09-30": "69.30000", "2013-06-30": "202.20000", "2013-03-31": "67.70000", "2012-12-31": "24.70000", "2012-09-30": "28.60000", "2012-06-30": "135.30000", "2012-03-31": "28.80000", "2011-12-31": "10.60000", "2011-09-30": "26.20000", "2011-06-30": "181.20000", "2011-03-31": "51.10000", "2010-12-31": "16.50000", "2010-09-30": "20.90000", "2010-06-30": "182.70000", "2010-03-31": "48.40000", "2009-12-31": "68.50000", "2009-09-30": "42.50000", "2009-06-30": "184.60000", "2009-03-31": "54.50000", "2008-12-31": "48.70000", "2008-09-30": "58.20000", "2008-06-30": "164.90000", "2008-03-31": "48.40000", "2007-12-31": "47.30000", "2007-09-30": "59.10000", "2007-06-30": "158.50000", "2007-03-31": "69.90000", "2006-12-31": "46.00000", "2006-09-30": "46.40000", "2006-03-31": "55.80000"}, "Income Taxes": {"2020-12-31": "13.10000", "2020-09-30": "7.80000", "2020-06-30": "65.10000", "2020-03-31": "43.60000", "2019-12-31": "0.40000", "2019-09-30": "7.90000", "2019-06-30": "46.80000", "2019-03-31": "51.40000", "2018-12-31": "14.40000", "2018-09-30": "12.60000", "2018-06-30": "51.10000", "2018-03-31": "16.20000", "2017-12-31": "41.40000", "2017-09-30": "24.40000", "2017-06-30": "97.50000", "2017-03-31": "30.40000", "2016-12-31": "15.60000", "2016-09-30": "17.90000", "2016-06-30": "92.50000", "2016-03-31": "29.70000", "2015-12-31": "21.10000", "2015-09-30": "18.10000", "2015-06-30": "89.50000", "2015-03-31": "27.90000", "2014-12-31": "16.90000", "2014-09-30": "17.50000", "2014-06-30": "66.40000", "2014-03-31": "26.10000", "2013-12-31": "15.10000", "2013-09-30": "24.90000", "2013-06-30": "67.60000", "2013-03-31": "24.30000", "2012-12-31": "8.90000", "2012-09-30": "10.30000", "2012-06-30": "51.90000", "2012-03-31": "10.70000", "2011-12-31": "3.80000", "2011-09-30": "9.50000", "2011-06-30": "65.90000", "2011-03-31": "18.50000", "2010-12-31": "5.90000", "2010-09-30": "7.60000", "2010-06-30": "66.50000", "2010-03-31": "17.60000", "2009-12-31": "17.00000", "2009-09-30": "15.90000", "2009-06-30": "68.30000", "2009-03-31": "13.30000", "2008-12-31": "18.70000", "2008-09-30": "22.60000", "2008-06-30": "70.90000", "2008-03-31": "18.90000", "2007-12-31": "18.40000", "2007-09-30": "23.10000", "2007-06-30": "59.80000", "2007-03-31": "28.00000", "2006-12-31": "18.00000", "2006-09-30": "17.90000", "2006-03-31": "22.50000"}, "Income After Taxes": {"2020-12-31": "56.30000", "2020-09-30": "65.80000", "2020-06-30": "229.60000", "2020-03-31": "166.90000", "2019-12-31": "10.10000", "2019-09-30": "55.90000", "2019-06-30": "183.30000", "2019-03-31": "172.20000", "2018-12-31": "49.90000", "2018-09-30": "76.70000", "2018-06-30": "206.90000", "2018-03-31": "109.00000", "2017-12-31": "62.10000", "2017-09-30": "49.90000", "2017-06-30": "187.10000", "2017-03-31": "75.90000", "2016-12-31": "30.10000", "2016-09-30": "33.60000", "2016-06-30": "170.00000", "2016-03-31": "63.70000", "2015-12-31": "40.20000", "2015-09-30": "33.60000", "2015-06-30": "165.90000", "2015-03-31": "54.00000", "2014-12-31": "34.70000", "2014-09-30": "32.50000", "2014-06-30": "140.20000", "2014-03-31": "50.80000", "2013-12-31": "27.60000", "2013-09-30": "44.40000", "2013-06-30": "134.60000", "2013-03-31": "43.40000", "2012-12-31": "15.80000", "2012-09-30": "18.30000", "2012-06-30": "83.40000", "2012-03-31": "18.10000", "2011-12-31": "6.80000", "2011-09-30": "16.70000", "2011-06-30": "115.30000", "2011-03-31": "32.60000", "2010-12-31": "10.60000", "2010-09-30": "13.30000", "2010-06-30": "116.20000", "2010-03-31": "30.80000", "2009-12-31": "51.50000", "2009-09-30": "26.60000", "2009-06-30": "116.30000", "2009-03-31": "41.20000", "2008-12-31": "30.00000", "2008-09-30": "35.60000", "2008-06-30": "94.00000", "2008-03-31": "29.50000", "2007-12-31": "28.90000", "2007-09-30": "36.00000", "2007-06-30": "98.70000", "2007-03-31": "41.90000", "2006-12-31": "28.00000", "2006-09-30": "28.50000", "2006-03-31": "33.30000"}, "Other Income": {"2020-12-31": "", "2020-09-30": "", "2020-06-30": "", "2020-03-31": "", "2019-12-31": "", "2019-09-30": "", "2019-06-30": "", "2019-03-31": "", "2018-12-31": "", "2018-09-30": "", "2018-06-30": "", "2018-03-31": "", "2017-12-31": "", "2017-09-30": "", "2017-06-30": "", "2017-03-31": "", "2016-12-31": "", "2016-09-30": "", "2016-06-30": "", "2016-03-31": "", "2015-12-31": "", "2015-09-30": "", "2015-06-30": "", "2015-03-31": "", "2014-12-31": "", "2014-09-30": "", "2014-06-30": "", "2014-03-31": "", "2013-12-31": "", "2013-09-30": "", "2013-06-30": "", "2013-03-31": "", "2012-12-31": "", "2012-09-30": "", "2012-06-30": "", "2012-03-31": "", "2011-12-31": "", "2011-09-30": "", "2011-06-30": "", "2011-03-31": "", "2010-12-31": "", "2010-09-30": "", "2010-06-30": "", "2010-03-31": "", "2009-12-31": "", "2009-09-30": "", "2009-06-30": "", "2009-03-31": "", "2008-12-31": "", "2008-09-30": "", "2008-06-30": "", "2008-03-31": "", "2007-12-31": "", "2007-09-30": "", "2007-06-30": "", "2007-03-31": "", "2006-12-31": "", "2006-09-30": "", "2006-03-31": ""}, "Income From Continuous Operations": {"2020-12-31": "56.30000", "2020-09-30": "65.80000", "2020-06-30": "229.70000", "2020-03-31": "166.80000", "2019-12-31": "10.10000", "2019-09-30": "55.90000", "2019-06-30": "183.30000", "2019-03-31": "172.20000", "2018-12-31": "49.90000", "2018-09-30": "76.70000", "2018-06-30": "206.80000", "2018-03-31": "109.10000", "2017-12-31": "62.10000", "2017-09-30": "49.90000", "2017-06-30": "187.10000", "2017-03-31": "75.90000", "2016-12-31": "30.10000", "2016-09-30": "33.70000", "2016-06-30": "170.10000", "2016-03-31": "63.70000", "2015-12-31": "40.20000", "2015-09-30": "33.50000", "2015-06-30": "165.90000", "2015-03-31": "54.00000", "2014-12-31": "34.70000", "2014-09-30": "32.50000", "2014-06-30": "140.20000", "2014-03-31": "50.80000", "2013-12-31": "27.60000", "2013-09-30": "44.40000", "2013-06-30": "134.60000", "2013-03-31": "43.40000", "2012-12-31": "15.80000", "2012-09-30": "18.30000", "2012-06-30": "83.40000", "2012-03-31": "18.10000", "2011-12-31": "6.80000", "2011-09-30": "16.70000", "2011-06-30": "115.30000", "2011-03-31": "32.60000", "2010-12-31": "10.60000", "2010-09-30": "13.30000", "2010-06-30": "116.20000", "2010-03-31": "30.80000", "2009-12-31": "51.50000", "2009-09-30": "26.60000", "2009-06-30": "116.30000", "2009-03-31": "41.20000", "2008-12-31": "30.00000", "2008-09-30": "35.60000", "2008-06-30": "94.00000", "2008-03-31": "29.50000", "2007-12-31": "28.90000", "2007-09-30": "36.00000", "2007-06-30": "98.70000", "2007-03-31": "41.90000", "2006-12-31": "28.00000", "2006-09-30": "28.50000", "2006-03-31": "33.30000"}, "Income From Discontinued Operations": {"2020-12-31": "", "2020-09-30": "", "2020-06-30": "", "2020-03-31": "", "2019-12-31": "", "2019-09-30": "", "2019-06-30": "", "2019-03-31": "", "2018-12-31": "", "2018-09-30": "", "2018-06-30": "", "2018-03-31": "", "2017-12-31": "", "2017-09-30": "", "2017-06-30": "", "2017-03-31": "", "2016-12-31": "", "2016-09-30": "", "2016-06-30": "", "2016-03-31": "", "2015-12-31": "", "2015-09-30": "", "2015-06-30": "", "2015-03-31": "", "2014-12-31": "", "2014-09-30": "", "2014-06-30": "", "2014-03-31": "", "2013-12-31": "", "2013-09-30": "", "2013-06-30": "", "2013-03-31": "", "2012-12-31": "", "2012-09-30": "", "2012-06-30": "", "2012-03-31": "-1.40000", "2011-12-31": "", "2011-09-30": "", "2011-06-30": "0.90000", "2011-03-31": "-2.90000", "2010-12-31": "-0.20000", "2010-09-30": "", "2010-06-30": "-11.10000", "2010-03-31": "-5.90000", "2009-12-31": "-17.90000", "2009-09-30": "-0.20000", "2009-06-30": "0.60000", "2009-03-31": "-0.30000", "2008-12-31": "-0.10000", "2008-09-30": "", "2008-06-30": "", "2008-03-31": "", "2007-12-31": "", "2007-09-30": "", "2007-06-30": "", "2007-03-31": "", "2006-12-31": "", "2006-09-30": "", "2006-03-31": "0.30000"}, "Net Income": {"2020-12-31": "56.30000", "2020-09-30": "65.80000", "2020-06-30": "229.70000", "2020-03-31": "166.80000", "2019-12-31": "10.10000", "2019-09-30": "55.90000", "2019-06-30": "183.30000", "2019-03-31": "172.20000", "2018-12-31": "49.90000", "2018-09-30": "76.70000", "2018-06-30": "206.80000", "2018-03-31": "109.10000", "2017-12-31": "62.10000", "2017-09-30": "49.90000", "2017-06-30": "187.10000", "2017-03-31": "75.90000", "2016-12-31": "30.10000", "2016-09-30": "33.70000", "2016-06-30": "170.10000", "2016-03-31": "63.70000", "2015-12-31": "40.20000", "2015-09-30": "33.50000", "2015-06-30": "165.90000", "2015-03-31": "54.00000", "2014-12-31": "34.70000", "2014-09-30": "32.50000", "2014-06-30": "140.20000", "2014-03-31": "50.80000", "2013-12-31": "27.60000", "2013-09-30": "44.40000", "2013-06-30": "134.60000", "2013-03-31": "43.40000", "2012-12-31": "15.80000", "2012-09-30": "18.30000", "2012-06-30": "83.40000", "2012-03-31": "16.70000", "2011-12-31": "6.80000", "2011-09-30": "16.70000", "2011-06-30": "116.20000", "2011-03-31": "29.70000", "2010-12-31": "10.40000", "2010-09-30": "13.30000", "2010-06-30": "105.10000", "2010-03-31": "24.90000", "2009-12-31": "33.60000", "2009-09-30": "26.40000", "2009-06-30": "116.90000", "2009-03-31": "40.90000", "2008-12-31": "29.90000", "2008-09-30": "35.60000", "2008-06-30": "97.80000", "2008-03-31": "29.50000", "2007-12-31": "28.90000", "2007-09-30": "36.00000", "2007-06-30": "98.70000", "2007-03-31": "41.90000", "2006-12-31": "28.00000", "2006-09-30": "28.50000", "2006-03-31": "33.60000"}, "EBITDA": {"2020-12-31": "154.50000", "2020-09-30": "152.60000", "2020-06-30": "374.60020", "2020-03-31": "300.20000", "2019-12-31": "104.90000", "2019-09-30": "144.50000", "2019-06-30": "306.10000", "2019-03-31": "298.10010", "2018-12-31": "143.80000", "2018-09-30": "164.80000", "2018-06-30": "322.50010", "2018-03-31": "184.30000", "2017-12-31": "168.00000", "2017-09-30": "135.20000", "2017-06-30": "348.00010", "2017-03-31": "156.10000", "2016-12-31": "106.20000", "2016-09-30": "105.90000", "2016-06-30": "308.69980", "2016-03-31": "128.80000", "2015-12-31": "97.70000", "2015-09-30": "86.00000", "2015-06-30": "288.59990", "2015-03-31": "115.60000", "2014-12-31": "84.60000", "2014-09-30": "82.40000", "2014-06-30": "254.90000", "2014-03-31": "102.30000", "2013-12-31": "66.10000", "2013-09-30": "92.30000", "2013-06-30": "224.70000", "2013-03-31": "90.30000", "2012-12-31": "48.50000", "2012-09-30": "53.10000", "2012-06-30": "158.79970", "2012-03-31": "53.90000", "2011-12-31": "33.30000", "2011-09-30": "46.90000", "2011-06-30": "202.20000", "2011-03-31": "70.30000", "2010-12-31": "33.00000", "2010-09-30": "36.50000", "2010-06-30": "197.20000", "2010-03-31": "62.70000", "2009-12-31": "83.00000", "2009-09-30": "56.20000", "2009-06-30": "198.20000", "2009-03-31": "67.70000", "2008-12-31": "61.40000", "2008-09-30": "72.40000", "2008-06-30": "175.70000", "2008-03-31": "61.20000", "2007-12-31": "59.70000", "2007-09-30": "71.50000", "2007-06-30": "176.89990", "2007-03-31": "83.90000", "2006-12-31": "60.60000", "2006-09-30": "61.90000", "2006-03-31": "55.80000"}, "EBIT": {"2020-12-31": "79.40000", "2020-09-30": "78.60000", "2020-06-30": "298.69990", "2020-03-31": "226.30000", "2019-12-31": "26.80000", "2019-09-30": "73.10000", "2019-06-30": "240.90020", "2019-03-31": "233.60010", "2018-12-31": "78.20000", "2018-09-30": "100.10000", "2018-06-30": "266.10000", "2018-03-31": "130.80000", "2017-12-31": "115.80000", "2017-09-30": "85.30000", "2017-06-30": "299.40030", "2017-03-31": "109.70000", "2016-12-31": "58.80000", "2016-09-30": "66.10000", "2016-06-30": "270.40000", "2016-03-31": "100.60000", "2015-12-31": "70.20000", "2015-09-30": "59.00000", "2015-06-30": "261.70000", "2015-03-31": "89.00000", "2014-12-31": "59.10000", "2014-09-30": "57.10000", "2014-06-30": "229.30000", "2014-03-31": "76.90000", "2013-12-31": "42.70000", "2013-09-30": "69.30000", "2013-06-30": "202.19990", "2013-03-31": "67.70000", "2012-12-31": "24.70000", "2012-09-30": "28.60000", "2012-06-30": "135.30000", "2012-03-31": "28.80000", "2011-12-31": "10.60000", "2011-09-30": "26.20000", "2011-06-30": "181.20000", "2011-03-31": "51.10000", "2010-12-31": "16.50000", "2010-09-30": "20.90000", "2010-06-30": "182.70000", "2010-03-31": "48.40000", "2009-12-31": "68.50000", "2009-09-30": "42.50000", "2009-06-30": "184.60000", "2009-03-31": "54.50000", "2008-12-31": "48.70000", "2008-09-30": "58.20000", "2008-06-30": "164.90000", "2008-03-31": "48.40000", "2007-12-31": "47.30000", "2007-09-30": "59.10000", "2007-06-30": "158.50000", "2007-03-31": "69.90000", "2006-12-31": "46.00000", "2006-09-30": "46.40000", "2006-03-31": "55.80000"}, "Basic Shares Outstanding": {"2020-12-31": "115.70000", "2020-09-30": "115.30000", "2020-06-30": "114.70000", "2020-03-31": "114.60000", "2019-12-31": "114.70000", "2019-09-30": "114.40000", "2019-06-30": "115.90000", "2019-03-31": "115.70000", "2018-12-31": "116.30000", "2018-09-30": "116.40000", "2018-06-30": "116.80000", "2018-03-31": "116.90000", "2017-12-31": "116.60000", "2017-09-30": "116.50000", "2017-06-30": "118.00000", "2017-03-31": "117.80000", "2016-12-31": "118.70000", "2016-09-30": "118.50000", "2016-06-30": "118.30000", "2016-03-31": "118.20000", "2015-12-31": "118.50000", "2015-09-30": "118.30000", "2015-06-30": "119.90000", "2015-03-31": "120.60000", "2014-12-31": "120.20000", "2014-09-30": "119.80000", "2014-06-30": "119.60000", "2014-03-31": "119.70000", "2013-12-31": "119.20000", "2013-09-30": "119.10000", "2013-06-30": "121.90000", "2013-03-31": "121.20000", "2012-12-31": "122.00000", "2012-09-30": "124.00000", "2012-06-30": "124.10000", "2012-03-31": "124.00000", "2011-12-31": "123.70000", "2011-09-30": "123.70000", "2011-06-30": "124.80000", "2011-03-31": "124.20000", "2010-12-31": "125.00000", "2010-09-30": "126.50000", "2010-06-30": "135.90000", "2010-03-31": "134.80000", "2009-12-31": "135.70000", "2009-09-30": "138.10000", "2009-06-30": "140.00000", "2009-03-31": "139.50000", "2008-12-31": "140.20000", "2008-09-30": "140.40000", "2008-06-30": "139.60000", "2008-03-31": "139.90000", "2007-12-31": "139.30000", "2007-09-30": "139.10000", "2007-06-30": "138.80000", "2007-03-31": "138.80000", "2006-12-31": "138.80000", "2006-09-30": "138.80000", "2006-03-31": "138.80000"}, "Shares Outstanding": {"2020-12-31": "117.80000", "2020-09-30": "117.40000", "2020-06-30": "117.00000", "2020-03-31": "117.00000", "2019-12-31": "117.20000", "2019-09-30": "117.10000", "2019-06-30": "118.80000", "2019-03-31": "118.50000", "2018-12-31": "119.10000", "2018-09-30": "119.70000", "2018-06-30": "120.40000", "2018-03-31": "120.90000", "2017-12-31": "120.30000", "2017-09-30": "119.80000", "2017-06-30": "120.80000", "2017-03-31": "120.70000", "2016-12-31": "121.50000", "2016-09-30": "121.60000", "2016-06-30": "121.60000", "2016-03-31": "121.70000", "2015-12-31": "122.00000", "2015-09-30": "121.70000", "2015-06-30": "124.00000", "2015-03-31": "125.00000", "2014-12-31": "124.40000", "2014-09-30": "123.90000", "2014-06-30": "124.10000", "2014-03-31": "124.80000", "2013-12-31": "124.10000", "2013-09-30": "123.10000", "2013-06-30": "125.40000", "2013-03-31": "125.00000", "2012-12-31": "125.50000", "2012-09-30": "127.10000", "2012-06-30": "127.50000", "2012-03-31": "128.40000", "2011-12-31": "127.20000", "2011-09-30": "126.70000", "2011-06-30": "128.30000", "2011-03-31": "128.20000", "2010-12-31": "128.50000", "2010-09-30": "129.60000", "2010-06-30": "139.10000", "2010-03-31": "138.80000", "2009-12-31": "139.50000", "2009-09-30": "140.40000", "2009-06-30": "141.60000", "2009-03-31": "141.20000", "2008-12-31": "141.30000", "2008-09-30": "142.20000", "2008-06-30": "141.00000", "2008-03-31": "141.30000", "2007-12-31": "140.90000", "2007-09-30": "139.80000", "2007-06-30": "139.00000", "2007-03-31": "138.80000", "2006-12-31": "138.80000", "2006-09-30": "138.80000", "2006-03-31": "138.80000"}, "Basic EPS": {"2020-12-31": "0.49000", "2020-09-30": "0.57000", "2020-06-30": "1.99000", "2020-03-31": "1.46000", "2019-12-31": "0.09000", "2019-09-30": "0.49000", "2019-06-30": "1.58000", "2019-03-31": "1.49000", "2018-12-31": "0.43000", "2018-09-30": "0.66000", "2018-06-30": "1.77000", "2018-03-31": "0.93000", "2017-12-31": "0.53000", "2017-09-30": "0.43000", "2017-06-30": "1.60000", "2017-03-31": "0.64000", "2016-12-31": "0.25000", "2016-09-30": "0.28000", "2016-06-30": "1.44000", "2016-03-31": "0.54000", "2015-12-31": "0.34000", "2015-09-30": "0.28000", "2015-06-30": "1.38000", "2015-03-31": "0.45000", "2014-12-31": "0.29000", "2014-09-30": "0.27000", "2014-06-30": "1.18000", "2014-03-31": "0.42000", "2013-12-31": "0.23000", "2013-09-30": "0.37000", "2013-06-30": "1.10000", "2013-03-31": "0.36000", "2012-12-31": "0.13000", "2012-09-30": "0.15000", "2012-06-30": "0.67000", "2012-03-31": "0.14000", "2011-12-31": "0.05000", "2011-09-30": "0.14000", "2011-06-30": "0.93000", "2011-03-31": "0.24000", "2010-12-31": "0.08000", "2010-09-30": "0.11000", "2010-06-30": "0.78000", "2010-03-31": "0.18000", "2009-12-31": "0.25000", "2009-09-30": "0.19000", "2009-06-30": "0.85000", "2009-03-31": "0.29000", "2008-12-31": "0.21000", "2008-09-30": "0.25000", "2008-06-30": "0.70000", "2008-03-31": "0.21000", "2007-12-31": "0.21000", "2007-09-30": "0.26000", "2007-06-30": "0.71000", "2007-03-31": "0.30000", "2006-12-31": "0.20000", "2006-09-30": "0.21000", "2006-03-31": "0.24000"}, "EPS - Earnings Per Share": {"2020-12-31": "0.48000", "2020-09-30": "0.56000", "2020-06-30": "1.95000", "2020-03-31": "1.43000", "2019-12-31": "0.09000", "2019-09-30": "0.48000", "2019-06-30": "1.55000", "2019-03-31": "1.45000", "2018-12-31": "0.42000", "2018-09-30": "0.64000", "2018-06-30": "1.72000", "2018-03-31": "0.90000", "2017-12-31": "0.52000", "2017-09-30": "0.42000", "2017-06-30": "1.54000", "2017-03-31": "0.63000", "2016-12-31": "0.25000", "2016-09-30": "0.28000", "2016-06-30": "1.40000", "2016-03-31": "0.52000", "2015-12-31": "0.33000", "2015-09-30": "0.28000", "2015-06-30": "1.35000", "2015-03-31": "0.43000", "2014-12-31": "0.28000", "2014-09-30": "0.26000", "2014-06-30": "1.13000", "2014-03-31": "0.41000", "2013-12-31": "0.22000", "2013-09-30": "0.36000", "2013-06-30": "1.07000", "2013-03-31": "0.35000", "2012-12-31": "0.13000", "2012-09-30": "0.14000", "2012-06-30": "0.66000", "2012-03-31": "0.13000", "2011-12-31": "0.05000", "2011-09-30": "0.13000", "2011-06-30": "0.91000", "2011-03-31": "0.23000", "2010-12-31": "0.08000", "2010-09-30": "0.10000", "2010-06-30": "0.76000", "2010-03-31": "0.18000", "2009-12-31": "0.24000", "2009-09-30": "0.19000", "2009-06-30": "0.83000", "2009-03-31": "0.29000", "2008-12-31": "0.21000", "2008-09-30": "0.25000", "2008-06-30": "0.68000", "2008-03-31": "0.21000", "2007-12-31": "0.21000", "2007-09-30": "0.26000", "2007-06-30": "0.71000", "2007-03-31": "0.30000", "2006-12-31": "0.20000", "2006-09-30": "0.21000", "2006-03-31": "0.24000"}}, "balance sheet": {"Cash On Hand": {"2020-06-30": "476.60000", "2019-06-30": "273.20000", "2018-06-30": "263.90000", "2017-06-30": "271.10000", "2016-06-30": "727.70000", "2015-06-30": "324.10000", "2014-06-30": "347.60000", "2013-06-30": "266.00000", "2012-06-30": "320.50000", "2011-06-30": "241.50000", "2010-06-30": "412.60000", "2009-06-30": "173.40000", "2008-06-30": "232.00000", "2007-06-30": "155.00000", "2006-06-30": "90.40000", "2005-06-30": ""}, "Receivables": {"2020-06-30": "711.30000", "2019-06-30": "664.00000", "2018-06-30": "615.00000", "2017-06-30": "589.50000", "2016-06-30": "453.40000", "2015-06-30": "444.50000", "2014-06-30": "424.80000", "2013-06-30": "442.40000", "2012-06-30": "370.70000", "2011-06-30": "406.60000", "2010-06-30": "354.30000", "2009-06-30": "381.00000", "2008-06-30": "1785.30000", "2007-06-30": "1743.90000", "2006-06-30": "1241.00000", "2005-06-30": ""}, "Inventory": {"2020-06-30": "", "2019-06-30": "", "2018-06-30": "", "2017-06-30": "", "2016-06-30": "", "2015-06-30": "", "2014-06-30": "", "2013-06-30": "", "2012-06-30": "", "2011-06-30": "", "2010-06-30": "", "2009-06-30": "", "2008-06-30": "", "2007-06-30": "", "2006-06-30": "", "2005-06-30": ""}, "Pre-Paid Expenses": {"2020-06-30": "", "2019-06-30": "", "2018-06-30": "", "2017-06-30": "", "2016-06-30": "", "2015-06-30": "", "2014-06-30": "", "2013-06-30": "", "2012-06-30": "", "2011-06-30": "", "2010-06-30": "", "2009-06-30": "", "2008-06-30": "", "2007-06-30": "", "2006-06-30": "", "2005-06-30": ""}, "Other Current Assets": {"2020-06-30": "140.10000", "2019-06-30": "105.20000", "2018-06-30": "112.20000", "2017-06-30": "129.00000", "2016-06-30": "108.00000", "2015-06-30": "92.80000", "2014-06-30": "108.20000", "2013-06-30": "98.60000", "2012-06-30": "86.20000", "2011-06-30": "103.30000", "2010-06-30": "101.70000", "2009-06-30": "83.20000", "2008-06-30": "61.90000", "2007-06-30": "61.10000", "2006-06-30": "74.50000", "2005-06-30": ""}, "Total Current Assets": {"2020-06-30": "1328.00000", "2019-06-30": "1042.30000", "2018-06-30": "991.10000", "2017-06-30": "989.60000", "2016-06-30": "1289.10000", "2015-06-30": "861.40000", "2014-06-30": "880.60000", "2013-06-30": "807.00000", "2012-06-30": "777.40000", "2011-06-30": "751.40000", "2010-06-30": "992.40000", "2009-06-30": "2051.80000", "2008-06-30": "2079.20000", "2007-06-30": "1960.00000", "2006-06-30": "1405.90000", "2005-06-30": ""}, "Property, Plant, And Equipment": {"2020-06-30": "161.60000", "2019-06-30": "189.00000", "2018-06-30": "204.10000", "2017-06-30": "198.10000", "2016-06-30": "112.20000", "2015-06-30": "97.30000", "2014-06-30": "88.30000", "2013-06-30": "80.90000", "2012-06-30": "79.00000", "2011-06-30": "83.10000", "2010-06-30": "87.40000", "2009-06-30": "75.40000", "2008-06-30": "82.60000", "2007-06-30": "77.40000", "2006-06-30": "80.70000", "2005-06-30": ""}, "Long-Term Investments": {"2020-06-30": "", "2019-06-30": "", "2018-06-30": "", "2017-06-30": "", "2016-06-30": "", "2015-06-30": "", "2014-06-30": "", "2013-06-30": "", "2012-06-30": "", "2011-06-30": "", "2010-06-30": "", "2009-06-30": "", "2008-06-30": "", "2007-06-30": "", "2006-06-30": "", "2005-06-30": ""}, "Goodwill And Intangible Assets": {"2020-06-30": "2258.30000", "2019-06-30": "2056.20000", "2018-06-30": "1749.00000", "2017-06-30": "1645.70000", "2016-06-30": "1209.60000", "2015-06-30": "1166.20000", "2014-06-30": "986.10000", "2013-06-30": "899.00000", "2012-06-30": "923.30000", "2011-06-30": "882.80000", "2010-06-30": "555.60000", "2009-06-30": "511.20000", "2008-06-30": "514.40000", "2007-06-30": "511.60000", "2006-06-30": "536.80000", "2005-06-30": ""}, "Other Long-Term Assets": {"2020-06-30": "1141.90000", "2019-06-30": "593.10000", "2018-06-30": "360.50000", "2017-06-30": "316.40000", "2016-06-30": "261.80000", "2015-06-30": "243.20000", "2014-06-30": "237.10000", "2013-06-30": "231.30000", "2012-06-30": "207.90000", "2011-06-30": "186.70000", "2010-06-30": "159.00000", "2009-06-30": "136.30000", "2008-06-30": "157.40000", "2007-06-30": "129.20000", "2006-06-30": "111.30000", "2005-06-30": ""}, "Total Long-Term Assets": {"2020-06-30": "3561.80000", "2019-06-30": "2838.30000", "2018-06-30": "2313.60000", "2017-06-30": "2160.20000", "2016-06-30": "1583.60000", "2015-06-30": "1506.70000", "2014-06-30": "1311.50000", "2013-06-30": "1211.20000", "2012-06-30": "1210.20000", "2011-06-30": "1152.60000", "2010-06-30": "802.00000", "2009-06-30": "722.90000", "2008-06-30": "754.39990", "2007-06-30": "718.20000", "2006-06-30": "728.80000", "2005-06-30": ""}, "Total Assets": {"2020-06-30": "4889.80000", "2019-06-30": "3880.70000", "2018-06-30": "3304.70000", "2017-06-30": "3149.80000", "2016-06-30": "2872.70000", "2015-06-30": "2368.10000", "2014-06-30": "2192.10000", "2013-06-30": "2018.20000", "2012-06-30": "1987.60000", "2011-06-30": "1904.00000", "2010-06-30": "1794.40000", "2009-06-30": "2774.70000", "2008-06-30": "2833.60000", "2007-06-30": "2678.20000", "2006-06-30": "2134.70000", "2005-06-30": "0.00000"}, "Total Current Liabilities": {"2020-06-30": "1341.00000", "2019-06-30": "802.60000", "2018-06-30": "777.30000", "2017-06-30": "744.90000", "2016-06-30": "692.90000", "2015-06-30": "508.90000", "2014-06-30": "484.40000", "2013-06-30": "469.50000", "2012-06-30": "410.30000", "2011-06-30": "782.70000", "2010-06-30": "486.40000", "2009-06-30": "1429.90000", "2008-06-30": "1525.40000", "2007-06-30": "1428.60000", "2006-06-30": "990.30000", "2005-06-30": ""}, "Long Term Debt": {"2020-06-30": "1387.60000", "2019-06-30": "1470.40000", "2018-06-30": "1053.40000", "2017-06-30": "1102.10000", "2016-06-30": "890.70000", "2015-06-30": "689.40000", "2014-06-30": "524.10000", "2013-06-30": "524.50000", "2012-06-30": "524.40000", "2011-06-30": "124.30000", "2010-06-30": "324.10000", "2009-06-30": "324.10000", "2008-06-30": "447.90000", "2007-06-30": "617.70000", "2006-06-30": "", "2005-06-30": ""}, "Other Non-Current Liabilities": {"2020-06-30": "512.40000", "2019-06-30": "232.80000", "2018-06-30": "246.50000", "2017-06-30": "142.70000", "2016-06-30": "111.80000", "2015-06-30": "105.10000", "2014-06-30": "100.50000", "2013-06-30": "96.80000", "2012-06-30": "100.90000", "2011-06-30": "81.10000", "2010-06-30": "72.80000", "2009-06-30": "37.60000", "2008-06-30": "53.60000", "2007-06-30": "61.00000", "2006-06-30": "59.40000", "2005-06-30": ""}, "Total Long Term Liabilities": {"2020-06-30": "2202.20000", "2019-06-30": "1950.60000", "2018-06-30": "1433.00000", "2017-06-30": "1401.10000", "2016-06-30": "1134.40000", "2015-06-30": "931.40000", "2014-06-30": "746.00000", "2013-06-30": "732.70000", "2012-06-30": "726.80000", "2011-06-30": "324.00000", "2010-06-30": "500.90000", "2009-06-30": "435.80000", "2008-06-30": "562.40000", "2007-06-30": "718.50000", "2006-06-30": "101.20000", "2005-06-30": ""}, "Total Liabilities": {"2020-06-30": "3543.20000", "2019-06-30": "2753.20000", "2018-06-30": "2210.40000", "2017-06-30": "2146.00000", "2016-06-30": "1827.30000", "2015-06-30": "1440.30000", "2014-06-30": "1230.40000", "2013-06-30": "1202.20000", "2012-06-30": "1137.10000", "2011-06-30": "1106.70000", "2010-06-30": "987.30000", "2009-06-30": "1865.70000", "2008-06-30": "2087.80000", "2007-06-30": "2147.10000", "2006-06-30": "1091.50000", "2005-06-30": ""}, "Common Stock Net": {"2020-06-30": "1.60000", "2019-06-30": "1.60000", "2018-06-30": "1.60000", "2017-06-30": "1.60000", "2016-06-30": "1.60000", "2015-06-30": "1.60000", "2014-06-30": "1.60000", "2013-06-30": "1.60000", "2012-06-30": "1.50000", "2011-06-30": "1.50000", "2010-06-30": "1.50000", "2009-06-30": "1.40000", "2008-06-30": "1.40000", "2007-06-30": "1.40000", "2006-06-30": "", "2005-06-30": ""}, "Retained Earnings (Accumulated Deficit)": {"2020-06-30": "2302.60000", "2019-06-30": "2087.70000", "2018-06-30": "1727.00000", "2017-06-30": "1469.40000", "2016-06-30": "1297.80000", "2015-06-30": "1132.00000", "2014-06-30": "973.90000", "2013-06-30": "811.30000", "2012-06-30": "686.10000", "2011-06-30": "642.20000", "2010-06-30": "546.90000", "2009-06-30": "432.30000", "2008-06-30": "248.20000", "2007-06-30": "90.30000", "2006-06-30": "", "2005-06-30": ""}, "Comprehensive Income": {"2020-06-30": "-100.40000", "2019-06-30": "-71.20000", "2018-06-30": "-51.90000", "2017-06-30": "-55.80000", "2016-06-30": "-38.20000", "2015-06-30": "-20.90000", "2014-06-30": "10.30000", "2013-06-30": "4.20000", "2012-06-30": "3.50000", "2011-06-30": "16.10000", "2010-06-30": "-1.40000", "2009-06-30": "6.90000", "2008-06-30": "28.70000", "2007-06-30": "26.60000", "2006-06-30": "45.20000", "2005-06-30": ""}, "Other Share Holders Equity": {"2020-06-30": "", "2019-06-30": "", "2018-06-30": "", "2017-06-30": "", "2016-06-30": "", "2015-06-30": "", "2014-06-30": "", "2013-06-30": "", "2012-06-30": "", "2011-06-30": "", "2010-06-30": "", "2009-06-30": "", "2008-06-30": "", "2007-06-30": "", "2006-06-30": "998.00000", "2005-06-30": ""}, "Share Holder Equity": {"2020-06-30": "1346.50000", "2019-06-30": "1127.50000", "2018-06-30": "1094.30000", "2017-06-30": "1003.80000", "2016-06-30": "1045.50000", "2015-06-30": "927.80000", "2014-06-30": "961.70000", "2013-06-30": "816.00000", "2012-06-30": "850.50000", "2011-06-30": "797.30000", "2010-06-30": "807.10000", "2009-06-30": "909.00000", "2008-06-30": "745.80000", "2007-06-30": "531.10000", "2006-06-30": "1043.20000", "2005-06-30": ""}, "Total Liabilities And Share Holders Equity": {"2020-06-30": "4889.80000", "2019-06-30": "3880.70000", "2018-06-30": "3304.70000", "2017-06-30": "3149.80000", "2016-06-30": "2872.70000", "2015-06-30": "2368.10000", "2014-06-30": "2192.10000", "2013-06-30": "2018.20000", "2012-06-30": "1987.60000", "2011-06-30": "1904.00000", "2010-06-30": "1794.40000", "2009-06-30": "2774.70000", "2008-06-30": "2833.60000", "2007-06-30": "2678.20000", "2006-06-30": "2134.70000", "2005-06-30": ""}}, "balance sheet, quarterly": {"Cash On Hand": {"2020-12-31": "365.60000", "2020-09-30": "356.60000", "2020-06-30": "476.60000", "2020-03-31": "402.10000", "2019-12-31": "234.00000", "2019-09-30": "358.30000", "2019-06-30": "273.20000", "2019-03-31": "292.10000", "2018-12-31": "249.80000", "2018-09-30": "204.70000", "2018-06-30": "263.90000", "2018-03-31": "352.10000", "2017-12-31": "366.50000", "2017-09-30": "288.80000", "2017-06-30": "271.10000", "2017-03-31": "269.50000", "2016-12-31": "235.70000", "2016-09-30": "227.40000", "2016-06-30": "727.70000", "2016-03-31": "354.40000", "2015-12-31": "305.10000", "2015-09-30": "286.30000", "2015-06-30": "324.10000", "2015-03-31": "310.10000", "2014-12-31": "314.10000", "2014-09-30": "331.30000", "2014-06-30": "347.60000", "2014-03-31": "244.40000", "2013-12-31": "240.30000", "2013-09-30": "183.10000", "2013-06-30": "266.00000", "2013-03-31": "182.20000", "2012-12-31": "259.10000", "2012-09-30": "211.80000", "2012-06-30": "320.50000", "2012-03-31": "218.80000", "2011-12-31": "238.20000", "2011-09-30": "252.80000", "2011-06-30": "241.50000", "2011-03-31": "151.30000", "2010-12-31": "187.80000", "2010-09-30": "180.70000", "2010-06-30": "412.60000", "2010-03-31": "177.90000", "2009-12-31": "147.10000", "2009-09-30": "422.50000", "2009-06-30": "173.40000", "2009-03-31": "460.00000", "2008-12-31": "382.70000", "2008-09-30": "493.00000", "2008-06-30": "232.00000", "2008-03-31": "272.30000", "2007-12-31": "107.30000", "2007-09-30": "113.40000", "2007-06-30": "155.00000", "2007-03-31": "186.40000", "2006-12-31": "", "2006-09-30": "", "2006-03-31": ""}, "Receivables": {"2020-12-31": "625.00000", "2020-09-30": "619.10000", "2020-06-30": "711.30000", "2020-03-31": "814.70000", "2019-12-31": "616.00000", "2019-09-30": "600.70000", "2019-06-30": "664.00000", "2019-03-31": "792.80000", "2018-12-31": "607.40000", "2018-09-30": "650.10000", "2018-06-30": "615.00000", "2018-03-31": "714.10000", "2017-12-31": "575.10000", "2017-09-30": "624.40000", "2017-06-30": "589.50000", "2017-03-31": "661.20000", "2016-12-31": "515.50000", "2016-09-30": "499.40000", "2016-06-30": "453.40000", "2016-03-31": "503.80000", "2015-12-31": "409.80000", "2015-09-30": "410.80000", "2015-06-30": "444.50000", "2015-03-31": "486.40000", "2014-12-31": "366.60000", "2014-09-30": "361.10000", "2014-06-30": "424.80000", "2014-03-31": "426.30000", "2013-12-31": "336.00000", "2013-09-30": "372.20000", "2013-06-30": "442.40000", "2013-03-31": "412.20000", "2012-12-31": "305.20000", "2012-09-30": "321.40000", "2012-06-30": "370.70000", "2012-03-31": "388.50000", "2011-12-31": "296.60000", "2011-09-30": "328.50000", "2011-06-30": "406.60000", "2011-03-31": "395.30000", "2010-12-31": "291.30000", "2010-09-30": "293.70000", "2010-06-30": "354.30000", "2010-03-31": "354.50000", "2009-12-31": "314.60000", "2009-09-30": "1590.80000", "2009-06-30": "381.00000", "2009-03-31": "1144.90000", "2008-12-31": "1213.10000", "2008-09-30": "2388.30000", "2008-06-30": "1785.30000", "2008-03-31": "2077.10000", "2007-12-31": "1998.30000", "2007-09-30": "1664.80000", "2007-06-30": "1743.90000", "2007-03-31": "1311.70000", "2006-12-31": "", "2006-09-30": "", "2006-03-31": ""}, "Inventory": {"2020-12-31": "", "2020-09-30": "", "2020-06-30": "", "2020-03-31": "", "2019-12-31": "", "2019-09-30": "", "2019-06-30": "", "2019-03-31": "", "2018-12-31": "", "2018-09-30": "", "2018-06-30": "", "2018-03-31": "", "2017-12-31": "", "2017-09-30": "", "2017-06-30": "", "2017-03-31": "", "2016-12-31": "", "2016-09-30": "", "2016-06-30": "", "2016-03-31": "", "2015-12-31": "", "2015-09-30": "", "2015-06-30": "", "2015-03-31": "", "2014-12-31": "", "2014-09-30": "", "2014-06-30": "", "2014-03-31": "", "2013-12-31": "", "2013-09-30": "", "2013-06-30": "", "2013-03-31": "", "2012-12-31": "", "2012-09-30": "", "2012-06-30": "", "2012-03-31": "", "2011-12-31": "", "2011-09-30": "", "2011-06-30": "", "2011-03-31": "", "2010-12-31": "", "2010-09-30": "", "2010-06-30": "", "2010-03-31": "", "2009-12-31": "", "2009-09-30": "", "2009-06-30": "", "2009-03-31": "", "2008-12-31": "", "2008-09-30": "", "2008-06-30": "", "2008-03-31": "", "2007-12-31": "", "2007-09-30": "", "2007-06-30": "", "2007-03-31": "", "2006-12-31": "", "2006-09-30": "", "2006-03-31": ""}, "Pre-Paid Expenses": {"2020-12-31": "", "2020-09-30": "", "2020-06-30": "", "2020-03-31": "", "2019-12-31": "", "2019-09-30": "", "2019-06-30": "", "2019-03-31": "", "2018-12-31": "", "2018-09-30": "", "2018-06-30": "", "2018-03-31": "", "2017-12-31": "", "2017-09-30": "", "2017-06-30": "", "2017-03-31": "", "2016-12-31": "", "2016-09-30": "", "2016-06-30": "", "2016-03-31": "", "2015-12-31": "", "2015-09-30": "", "2015-06-30": "", "2015-03-31": "", "2014-12-31": "", "2014-09-30": "", "2014-06-30": "", "2014-03-31": "", "2013-12-31": "", "2013-09-30": "", "2013-06-30": "", "2013-03-31": "", "2012-12-31": "", "2012-09-30": "", "2012-06-30": "", "2012-03-31": "", "2011-12-31": "", "2011-09-30": "", "2011-06-30": "", "2011-03-31": "", "2010-12-31": "", "2010-09-30": "", "2010-06-30": "", "2010-03-31": "", "2009-12-31": "", "2009-09-30": "", "2009-06-30": "", "2009-03-31": "", "2008-12-31": "", "2008-09-30": "", "2008-06-30": "", "2008-03-31": "", "2007-12-31": "", "2007-09-30": "", "2007-06-30": "", "2007-03-31": "", "2006-12-31": "", "2006-09-30": "", "2006-03-31": ""}, "Other Current Assets": {"2020-12-31": "157.90000", "2020-09-30": "144.40000", "2020-06-30": "140.10000", "2020-03-31": "144.20000", "2019-12-31": "160.70000", "2019-09-30": "136.20000", "2019-06-30": "105.20000", "2019-03-31": "110.50000", "2018-12-31": "109.30000", "2018-09-30": "113.10000", "2018-06-30": "112.20000", "2018-03-31": "136.90000", "2017-12-31": "109.60000", "2017-09-30": "121.20000", "2017-06-30": "129.00000", "2017-03-31": "187.50000", "2016-12-31": "148.10000", "2016-09-30": "159.00000", "2016-06-30": "108.00000", "2016-03-31": "145.60000", "2015-12-31": "113.30000", "2015-09-30": "98.40000", "2015-06-30": "92.80000", "2015-03-31": "135.50000", "2014-12-31": "99.70000", "2014-09-30": "83.20000", "2014-06-30": "108.20000", "2014-03-31": "143.50000", "2013-12-31": "110.90000", "2013-09-30": "101.30000", "2013-06-30": "98.60000", "2013-03-31": "116.90000", "2012-12-31": "89.30000", "2012-09-30": "87.70000", "2012-06-30": "86.20000", "2012-03-31": "142.30000", "2011-12-31": "100.10000", "2011-09-30": "104.00000", "2011-06-30": "103.30000", "2011-03-31": "128.10000", "2010-12-31": "93.40000", "2010-09-30": "110.00000", "2010-06-30": "101.70000", "2010-03-31": "145.50000", "2009-12-31": "87.80000", "2009-09-30": "110.30000", "2009-06-30": "83.20000", "2009-03-31": "125.20000", "2008-12-31": "85.70000", "2008-09-30": "60.30000", "2008-06-30": "61.90000", "2008-03-31": "138.00000", "2007-12-31": "63.20000", "2007-09-30": "66.70000", "2007-06-30": "61.10000", "2007-03-31": "115.50000", "2006-12-31": "", "2006-09-30": "", "2006-03-31": ""}, "Total Current Assets": {"2020-12-31": "1148.50000", "2020-09-30": "1120.00000", "2020-06-30": "1328.00000", "2020-03-31": "1361.00000", "2019-12-31": "1010.60000", "2019-09-30": "1095.10000", "2019-06-30": "1042.30000", "2019-03-31": "1195.40000", "2018-12-31": "966.40000", "2018-09-30": "967.90000", "2018-06-30": "991.10000", "2018-03-31": "1203.00000", "2017-12-31": "1051.20000", "2017-09-30": "1034.30000", "2017-06-30": "989.60000", "2017-03-31": "1118.20000", "2016-12-31": "899.40000", "2016-09-30": "885.80000", "2016-06-30": "1289.10000", "2016-03-31": "1003.80000", "2015-12-31": "828.20000", "2015-09-30": "795.50000", "2015-06-30": "861.40000", "2015-03-31": "932.00000", "2014-12-31": "780.40000", "2014-09-30": "775.60000", "2014-06-30": "880.60000", "2014-03-31": "814.20000", "2013-12-31": "687.20000", "2013-09-30": "656.60000", "2013-06-30": "807.00000", "2013-03-31": "711.30000", "2012-12-31": "653.60000", "2012-09-30": "620.90000", "2012-06-30": "777.40000", "2012-03-31": "749.60000", "2011-12-31": "634.90000", "2011-09-30": "685.30000", "2011-06-30": "751.40000", "2011-03-31": "705.60000", "2010-12-31": "608.00000", "2010-09-30": "640.30000", "2010-06-30": "992.40000", "2010-03-31": "2138.20000", "2009-12-31": "1980.00000", "2009-09-30": "2123.60000", "2009-06-30": "2051.80000", "2009-03-31": "1730.10000", "2008-12-31": "1681.50000", "2008-09-30": "2941.60000", "2008-06-30": "2079.20000", "2008-03-31": "2487.40000", "2007-12-31": "2168.80000", "2007-09-30": "1844.90000", "2007-06-30": "1960.00000", "2007-03-31": "1613.60000", "2006-12-31": "", "2006-09-30": "", "2006-03-31": ""}, "Property, Plant, And Equipment": {"2020-12-31": "167.10000", "2020-09-30": "161.70000", "2020-06-30": "161.60000", "2020-03-31": "153.90000", "2019-12-31": "137.50000", "2019-09-30": "186.20000", "2019-06-30": "189.00000", "2019-03-31": "183.40000", "2018-12-31": "187.90000", "2018-09-30": "192.50000", "2018-06-30": "204.10000", "2018-03-31": "197.90000", "2017-12-31": "202.50000", "2017-09-30": "207.60000", "2017-06-30": "198.10000", "2017-03-31": "169.50000", "2016-12-31": "145.50000", "2016-09-30": "130.70000", "2016-06-30": "112.20000", "2016-03-31": "108.20000", "2015-12-31": "106.00000", "2015-09-30": "100.40000", "2015-06-30": "97.30000", "2015-03-31": "81.40000", "2014-12-31": "82.20000", "2014-09-30": "84.50000", "2014-06-30": "88.30000", "2014-03-31": "87.20000", "2013-12-31": "87.00000", "2013-09-30": "82.10000", "2013-06-30": "80.90000", "2013-03-31": "80.90000", "2012-12-31": "76.50000", "2012-09-30": "76.30000", "2012-06-30": "79.00000", "2012-03-31": "78.50000", "2011-12-31": "78.50000", "2011-09-30": "78.90000", "2011-06-30": "83.10000", "2011-03-31": "84.60000", "2010-12-31": "84.60000", "2010-09-30": "86.50000", "2010-06-30": "87.40000", "2010-03-31": "75.50000", "2009-12-31": "75.60000", "2009-09-30": "71.30000", "2009-06-30": "75.40000", "2009-03-31": "68.90000", "2008-12-31": "70.90000", "2008-09-30": "75.90000", "2008-06-30": "82.60000", "2008-03-31": "78.30000", "2007-12-31": "77.70000", "2007-09-30": "74.50000", "2007-06-30": "77.40000", "2007-03-31": "73.50000", "2006-12-31": "", "2006-09-30": "", "2006-03-31": ""}, "Long-Term Investments": {"2020-12-31": "", "2020-09-30": "", "2020-06-30": "", "2020-03-31": "", "2019-12-31": "", "2019-09-30": "", "2019-06-30": "", "2019-03-31": "", "2018-12-31": "", "2018-09-30": "", "2018-06-30": "", "2018-03-31": "", "2017-12-31": "", "2017-09-30": "", "2017-06-30": "", "2017-03-31": "", "2016-12-31": "", "2016-09-30": "", "2016-06-30": "", "2016-03-31": "", "2015-12-31": "", "2015-09-30": "", "2015-06-30": "", "2015-03-31": "", "2014-12-31": "", "2014-09-30": "", "2014-06-30": "", "2014-03-31": "", "2013-12-31": "", "2013-09-30": "", "2013-06-30": "", "2013-03-31": "", "2012-12-31": "", "2012-09-30": "", "2012-06-30": "", "2012-03-31": "", "2011-12-31": "", "2011-09-30": "", "2011-06-30": "", "2011-03-31": "", "2010-12-31": "", "2010-09-30": "", "2010-06-30": "", "2010-03-31": "", "2009-12-31": "", "2009-09-30": "", "2009-06-30": "", "2009-03-31": "", "2008-12-31": "", "2008-09-30": "", "2008-06-30": "", "2008-03-31": "", "2007-12-31": "", "2007-09-30": "", "2007-06-30": "", "2007-03-31": "", "2006-12-31": "", "2006-09-30": "", "2006-03-31": ""}, "Goodwill And Intangible Assets": {"2020-12-31": "2248.60000", "2020-09-30": "2261.90000", "2020-06-30": "2258.30000", "2020-03-31": "2315.90000", "2019-12-31": "2272.00000", "2019-09-30": "2041.90000", "2019-06-30": "2056.20000", "2019-03-31": "1683.70000", "2018-12-31": "1699.70000", "2018-09-30": "1728.80000", "2018-06-30": "1749.00000", "2018-03-31": "1721.50000", "2017-12-31": "1657.20000", "2017-09-30": "1647.20000", "2017-06-30": "1645.70000", "2017-03-31": "1645.40000", "2016-12-31": "1625.50000", "2016-09-30": "1628.50000", "2016-06-30": "1209.60000", "2016-03-31": "1154.90000", "2015-12-31": "1166.60000", "2015-09-30": "1158.10000", "2015-06-30": "1166.20000", "2015-03-31": "1026.10000", "2014-12-31": "999.00000", "2014-09-30": "976.80000", "2014-06-30": "986.10000", "2014-03-31": "991.70000", "2013-12-31": "933.80000", "2013-09-30": "934.60000", "2013-06-30": "899.00000", "2013-03-31": "899.70000", "2012-12-31": "909.40000", "2012-09-30": "917.00000", "2012-06-30": "923.30000", "2012-03-31": "943.30000", "2011-12-31": "950.20000", "2011-09-30": "958.30000", "2011-06-30": "882.80000", "2011-03-31": "879.40000", "2010-12-31": "652.80000", "2010-09-30": "630.10000", "2010-06-30": "555.60000", "2010-03-31": "525.90000", "2009-12-31": "514.10000", "2009-09-30": "552.40000", "2009-06-30": "511.20000", "2009-03-31": "499.50000", "2008-12-31": "503.20000", "2008-09-30": "519.90000", "2008-06-30": "514.40000", "2008-03-31": "516.60000", "2007-12-31": "519.00000", "2007-09-30": "517.40000", "2007-06-30": "511.60000", "2007-03-31": "513.10000", "2006-12-31": "", "2006-09-30": "", "2006-03-31": ""}, "Other Long-Term Assets": {"2020-12-31": "1294.10000", "2020-09-30": "1206.10000", "2020-06-30": "1141.90000", "2020-03-31": "1082.60000", "2019-12-31": "964.50000", "2019-09-30": "896.90000", "2019-06-30": "593.10000", "2019-03-31": "539.60000", "2018-12-31": "503.60000", "2018-09-30": "492.60000", "2018-06-30": "360.50000", "2018-03-31": "362.40000", "2017-12-31": "339.10000", "2017-09-30": "335.50000", "2017-06-30": "316.40000", "2017-03-31": "308.80000", "2016-12-31": "296.80000", "2016-09-30": "297.30000", "2016-06-30": "261.80000", "2016-03-31": "257.00000", "2015-12-31": "252.70000", "2015-09-30": "245.60000", "2015-06-30": "243.20000", "2015-03-31": "241.70000", "2014-12-31": "238.20000", "2014-09-30": "241.70000", "2014-06-30": "237.10000", "2014-03-31": "236.80000", "2013-12-31": "231.00000", "2013-09-30": "233.90000", "2013-06-30": "231.30000", "2013-03-31": "230.00000", "2012-12-31": "216.70000", "2012-09-30": "216.30000", "2012-06-30": "207.90000", "2012-03-31": "242.90000", "2011-12-31": "233.30000", "2011-09-30": "204.70000", "2011-06-30": "186.70000", "2011-03-31": "183.80000", "2010-12-31": "169.60000", "2010-09-30": "162.40000", "2010-06-30": "159.00000", "2010-03-31": "124.30000", "2009-12-31": "126.00000", "2009-09-30": "138.90000", "2009-06-30": "136.30000", "2009-03-31": "145.70000", "2008-12-31": "147.00000", "2008-09-30": "153.10000", "2008-06-30": "157.40000", "2008-03-31": "154.70000", "2007-12-31": "145.80000", "2007-09-30": "138.10000", "2007-06-30": "129.20000", "2007-03-31": "126.10000", "2006-12-31": "", "2006-09-30": "", "2006-03-31": ""}, "Total Long-Term Assets": {"2020-12-31": "3709.80000", "2020-09-30": "3629.70000", "2020-06-30": "3561.80000", "2020-03-31": "3552.40000", "2019-12-31": "3374.00000", "2019-09-30": "3125.00000", "2019-06-30": "2838.30000", "2019-03-31": "2406.70000", "2018-12-31": "2391.20000", "2018-09-30": "2413.90000", "2018-06-30": "2313.60000", "2018-03-31": "2281.80000", "2017-12-31": "2198.80000", "2017-09-30": "2190.30000", "2017-06-30": "2160.20000", "2017-03-31": "2123.70000", "2016-12-31": "2067.80000", "2016-09-30": "2056.50000", "2016-06-30": "1583.60000", "2016-03-31": "1520.10000", "2015-12-31": "1525.30000", "2015-09-30": "1504.10000", "2015-06-30": "1506.70000", "2015-03-31": "1349.20000", "2014-12-31": "1319.40000", "2014-09-30": "1303.00000", "2014-06-30": "1311.50000", "2014-03-31": "1315.70000", "2013-12-31": "1251.80000", "2013-09-30": "1250.60000", "2013-06-30": "1211.20000", "2013-03-31": "1210.60000", "2012-12-31": "1202.60000", "2012-09-30": "1209.60000", "2012-06-30": "1210.20000", "2012-03-31": "1264.70000", "2011-12-31": "1262.00000", "2011-09-30": "1241.90000", "2011-06-30": "1152.60000", "2011-03-31": "1147.80000", "2010-12-31": "907.00000", "2010-09-30": "879.00000", "2010-06-30": "802.00000", "2010-03-31": "725.70000", "2009-12-31": "715.70000", "2009-09-30": "762.60000", "2009-06-30": "722.90000", "2009-03-31": "714.10000", "2008-12-31": "721.10000", "2008-09-30": "748.90000", "2008-06-30": "754.39990", "2008-03-31": "749.60000", "2007-12-31": "742.50000", "2007-09-30": "730.00000", "2007-06-30": "718.20000", "2007-03-31": "712.70000", "2006-12-31": "", "2006-09-30": "", "2006-03-31": ""}, "Total Assets": {"2020-12-31": "4858.30000", "2020-09-30": "4749.70000", "2020-06-30": "4889.80000", "2020-03-31": "4913.50000", "2019-12-31": "4384.60000", "2019-09-30": "4220.10000", "2019-06-30": "3880.70000", "2019-03-31": "3602.10000", "2018-12-31": "3357.60000", "2018-09-30": "3381.70000", "2018-06-30": "3304.70000", "2018-03-31": "3484.70000", "2017-12-31": "3249.90000", "2017-09-30": "3224.50000", "2017-06-30": "3149.80000", "2017-03-31": "3242.00000", "2016-12-31": "2967.30000", "2016-09-30": "2942.30000", "2016-06-30": "2872.70000", "2016-03-31": "2524.00000", "2015-12-31": "2353.60000", "2015-09-30": "2299.50000", "2015-06-30": "2368.10000", "2015-03-31": "2281.20000", "2014-12-31": "2099.80000", "2014-09-30": "2078.60000", "2014-06-30": "2192.10000", "2014-03-31": "2129.90000", "2013-12-31": "1939.00000", "2013-09-30": "1907.20000", "2013-06-30": "2018.20000", "2013-03-31": "1921.90000", "2012-12-31": "1856.20000", "2012-09-30": "1830.50000", "2012-06-30": "1987.60000", "2012-03-31": "2014.30000", "2011-12-31": "1896.90000", "2011-09-30": "1927.20000", "2011-06-30": "1904.00000", "2011-03-31": "1853.40000", "2010-12-31": "1515.00000", "2010-09-30": "1519.30000", "2010-06-30": "1794.40000", "2010-03-31": "2863.90000", "2009-12-31": "2695.70000", "2009-09-30": "2886.20000", "2009-06-30": "2774.70000", "2009-03-31": "2444.20000", "2008-12-31": "2402.60000", "2008-09-30": "3690.50000", "2008-06-30": "2833.60000", "2008-03-31": "3237.00000", "2007-12-31": "2911.30000", "2007-09-30": "2574.90000", "2007-06-30": "2678.20000", "2007-03-31": "2326.30000", "2006-12-31": "0.00000", "2006-09-30": "0.00000", "2006-03-31": "0.00000"}, "Total Current Liabilities": {"2020-12-31": "837.90000", "2020-09-30": "743.90000", "2020-06-30": "1341.00000", "2020-03-31": "1255.00000", "2019-12-31": "1124.80000", "2019-09-30": "1040.90000", "2019-06-30": "802.60000", "2019-03-31": "705.20000", "2018-12-31": "597.90000", "2018-09-30": "573.30000", "2018-06-30": "777.30000", "2018-03-31": "767.30000", "2017-12-31": "586.00000", "2017-09-30": "609.40000", "2017-06-30": "744.90000", "2017-03-31": "885.90000", "2016-12-31": "638.20000", "2016-09-30": "641.80000", "2016-06-30": "692.90000", "2016-03-31": "581.30000", "2015-12-31": "428.40000", "2015-09-30": "413.00000", "2015-06-30": "508.90000", "2015-03-31": "530.70000", "2014-12-31": "359.70000", "2014-09-30": "364.00000", "2014-06-30": "484.40000", "2014-03-31": "493.70000", "2013-12-31": "343.90000", "2013-09-30": "338.10000", "2013-06-30": "469.50000", "2013-03-31": "449.20000", "2012-12-31": "344.40000", "2012-09-30": "313.60000", "2012-06-30": "410.30000", "2012-03-31": "438.30000", "2011-12-31": "300.80000", "2011-09-30": "293.60000", "2011-06-30": "782.70000", "2011-03-31": "855.10000", "2010-12-31": "287.60000", "2010-09-30": "292.30000", "2010-06-30": "486.40000", "2010-03-31": "1579.50000", "2009-12-31": "1420.40000", "2009-09-30": "1572.00000", "2009-06-30": "1429.90000", "2009-03-31": "1217.80000", "2008-12-31": "1205.60000", "2008-09-30": "2478.80000", "2008-06-30": "1525.40000", "2008-03-31": "1987.90000", "2007-12-31": "1664.70000", "2007-09-30": "1375.10000", "2007-06-30": "1428.60000", "2007-03-31": "1367.60000", "2006-12-31": "", "2006-09-30": "", "2006-03-31": ""}, "Long Term Debt": {"2020-12-31": "1770.60000", "2020-09-30": "1776.10000", "2020-06-30": "1387.60000", "2020-03-31": "1679.90000", "2019-12-31": "1449.30000", "2019-09-30": "1368.80000", "2019-06-30": "1470.40000", "2019-03-31": "1174.40000", "2018-12-31": "1194.10000", "2018-09-30": "1143.70000", "2018-06-30": "1053.40000", "2018-03-31": "1203.10000", "2017-12-31": "1222.70000", "2017-09-30": "1292.40000", "2017-06-30": "1102.10000", "2017-03-31": "1141.60000", "2016-12-31": "1081.10000", "2016-09-30": "1001.00000", "2016-06-30": "890.70000", "2016-03-31": "819.50000", "2015-12-31": "754.50000", "2015-09-30": "734.40000", "2015-06-30": "689.40000", "2015-03-31": "629.30000", "2014-12-31": "524.30000", "2014-09-30": "524.20000", "2014-06-30": "524.10000", "2014-03-31": "524.10000", "2013-12-31": "524.10000", "2013-09-30": "524.00000", "2013-06-30": "524.50000", "2013-03-31": "524.50000", "2012-12-31": "524.40000", "2012-09-30": "524.40000", "2012-06-30": "524.40000", "2012-03-31": "564.30000", "2011-12-31": "594.30000", "2011-09-30": "614.30000", "2011-06-30": "124.30000", "2011-03-31": "124.20000", "2010-12-31": "324.20000", "2010-09-30": "324.20000", "2010-06-30": "324.10000", "2010-03-31": "324.10000", "2009-12-31": "324.10000", "2009-09-30": "324.10000", "2009-06-30": "324.10000", "2009-03-31": "324.00000", "2008-12-31": "324.00000", "2008-09-30": "324.00000", "2008-06-30": "447.90000", "2008-03-31": "482.80000", "2007-12-31": "522.80000", "2007-09-30": "532.70000", "2007-06-30": "617.70000", "2007-03-31": "440.00000", "2006-12-31": "", "2006-09-30": "", "2006-03-31": ""}, "Other Non-Current Liabilities": {"2020-12-31": "675.10000", "2020-09-30": "681.10000", "2020-06-30": "687.80000", "2020-03-31": "503.60000", "2019-12-31": "435.90000", "2019-09-30": "416.30000", "2019-06-30": "232.80000", "2019-03-31": "197.40000", "2018-12-31": "199.70000", "2018-09-30": "207.80000", "2018-06-30": "246.50000", "2018-03-31": "232.30000", "2017-12-31": "231.20000", "2017-09-30": "151.10000", "2017-06-30": "142.70000", "2017-03-31": "126.40000", "2016-12-31": "117.70000", "2016-09-30": "117.30000", "2016-06-30": "111.80000", "2016-03-31": "103.10000", "2015-12-31": "101.10000", "2015-09-30": "99.10000", "2015-06-30": "105.10000", "2015-03-31": "105.10000", "2014-12-31": "105.90000", "2014-09-30": "103.30000", "2014-06-30": "100.50000", "2014-03-31": "97.70000", "2013-12-31": "96.10000", "2013-09-30": "94.20000", "2013-06-30": "96.80000", "2013-03-31": "80.90000", "2012-12-31": "106.00000", "2012-09-30": "105.00000", "2012-06-30": "100.90000", "2012-03-31": "107.50000", "2011-12-31": "101.80000", "2011-09-30": "98.70000", "2011-06-30": "81.10000", "2011-03-31": "71.30000", "2010-12-31": "75.30000", "2010-09-30": "75.70000", "2010-06-30": "72.80000", "2010-03-31": "54.90000", "2009-12-31": "54.00000", "2009-09-30": "71.30000", "2009-06-30": "37.60000", "2009-03-31": "56.50000", "2008-12-31": "56.00000", "2008-09-30": "61.00000", "2008-06-30": "53.60000", "2008-03-31": "60.30000", "2007-12-31": "59.30000", "2007-09-30": "59.60000", "2007-06-30": "61.00000", "2007-03-31": "50.30000", "2006-12-31": "", "2006-09-30": "", "2006-03-31": ""}, "Total Long Term Liabilities": {"2020-12-31": "2586.40000", "2020-09-30": "2592.00000", "2020-06-30": "2202.20000", "2020-03-31": "2456.00000", "2019-12-31": "2134.40000", "2019-09-30": "2035.80000", "2019-06-30": "1950.60000", "2019-03-31": "1631.30000", "2018-12-31": "1637.00000", "2018-09-30": "1574.30000", "2018-06-30": "1433.00000", "2018-03-31": "1555.70000", "2017-12-31": "1589.80000", "2017-09-30": "1577.10000", "2017-06-30": "1401.10000", "2017-03-31": "1413.70000", "2016-12-31": "1343.20000", "2016-09-30": "1249.30000", "2016-06-30": "1134.40000", "2016-03-31": "1040.30000", "2015-12-31": "983.60000", "2015-09-30": "962.30000", "2015-06-30": "931.40000", "2015-03-31": "851.79990", "2014-12-31": "757.40000", "2014-09-30": "743.60000", "2014-06-30": "746.00000", "2014-03-31": "737.30000", "2013-12-31": "737.60000", "2013-09-30": "731.10000", "2013-06-30": "732.70000", "2013-03-31": "701.70000", "2012-12-31": "728.40000", "2012-09-30": "727.40000", "2012-06-30": "726.80000", "2012-03-31": "775.20000", "2011-12-31": "812.30000", "2011-09-30": "841.10000", "2011-06-30": "324.00000", "2011-03-31": "306.00000", "2010-12-31": "498.70000", "2010-09-30": "502.40000", "2010-06-30": "500.90000", "2010-03-31": "427.40000", "2009-12-31": "428.60000", "2009-09-30": "446.50000", "2009-06-30": "435.80000", "2009-03-31": "434.10000", "2008-12-31": "432.60000", "2008-09-30": "442.50000", "2008-06-30": "562.40000", "2008-03-31": "608.30000", "2007-12-31": "636.80000", "2007-09-30": "634.60000", "2007-06-30": "718.50000", "2007-03-31": "533.20000", "2006-12-31": "", "2006-09-30": "", "2006-03-31": ""}, "Total Liabilities": {"2020-12-31": "3424.30000", "2020-09-30": "3335.90000", "2020-06-30": "3543.20000", "2020-03-31": "3710.90000", "2019-12-31": "3259.20000", "2019-09-30": "3076.60000", "2019-06-30": "2753.20000", "2019-03-31": "2336.50000", "2018-12-31": "2234.90000", "2018-09-30": "2147.70000", "2018-06-30": "2210.40000", "2018-03-31": "2323.00000", "2017-12-31": "2175.90000", "2017-09-30": "2186.60000", "2017-06-30": "2146.00000", "2017-03-31": "2299.70000", "2016-12-31": "1981.50000", "2016-09-30": "1891.00000", "2016-06-30": "1827.30000", "2016-03-31": "1621.50000", "2015-12-31": "1412.00000", "2015-09-30": "1375.30000", "2015-06-30": "1440.30000", "2015-03-31": "1382.50000", "2014-12-31": "1117.10000", "2014-09-30": "1107.60000", "2014-06-30": "1230.40000", "2014-03-31": "1231.00000", "2013-12-31": "1081.50000", "2013-09-30": "1069.20000", "2013-06-30": "1202.20000", "2013-03-31": "1150.90000", "2012-12-31": "1072.80000", "2012-09-30": "1041.00000", "2012-06-30": "1137.10000", "2012-03-31": "1213.50000", "2011-12-31": "1113.10000", "2011-09-30": "1134.70000", "2011-06-30": "1106.70000", "2011-03-31": "1161.10000", "2010-12-31": "786.30000", "2010-09-30": "794.70000", "2010-06-30": "987.30000", "2010-03-31": "2006.90000", "2009-12-31": "1849.00000", "2009-09-30": "2018.50000", "2009-06-30": "1865.70000", "2009-03-31": "1651.90000", "2008-12-31": "1638.20000", "2008-09-30": "2921.30000", "2008-06-30": "2087.80000", "2008-03-31": "2596.20000", "2007-12-31": "2301.50000", "2007-09-30": "2009.70000", "2007-06-30": "2147.10000", "2007-03-31": "1900.80000", "2006-12-31": "", "2006-09-30": "", "2006-03-31": ""}, "Common Stock Net": {"2020-12-31": "1.60000", "2020-09-30": "1.60000", "2020-06-30": "1.60000", "2020-03-31": "1.60000", "2019-12-31": "1.60000", "2019-09-30": "1.60000", "2019-06-30": "1.60000", "2019-03-31": "1.60000", "2018-12-31": "1.60000", "2018-09-30": "1.60000", "2018-06-30": "1.60000", "2018-03-31": "1.60000", "2017-12-31": "1.60000", "2017-09-30": "1.60000", "2017-06-30": "1.60000", "2017-03-31": "1.60000", "2016-12-31": "1.60000", "2016-09-30": "1.60000", "2016-06-30": "1.60000", "2016-03-31": "1.60000", "2015-12-31": "1.60000", "2015-09-30": "1.60000", "2015-06-30": "1.60000", "2015-03-31": "1.60000", "2014-12-31": "1.60000", "2014-09-30": "1.60000", "2014-06-30": "1.60000", "2014-03-31": "1.60000", "2013-12-31": "1.60000", "2013-09-30": "1.60000", "2013-06-30": "1.60000", "2013-03-31": "1.50000", "2012-12-31": "1.50000", "2012-09-30": "1.50000", "2012-06-30": "1.50000", "2012-03-31": "1.50000", "2011-12-31": "1.50000", "2011-09-30": "1.50000", "2011-06-30": "1.50000", "2011-03-31": "1.50000", "2010-12-31": "1.50000", "2010-09-30": "1.50000", "2010-06-30": "1.50000", "2010-03-31": "1.40000", "2009-12-31": "1.40000", "2009-09-30": "1.40000", "2009-06-30": "1.40000", "2009-03-31": "1.40000", "2008-12-31": "1.40000", "2008-09-30": "1.40000", "2008-06-30": "1.40000", "2008-03-31": "1.40000", "2007-12-31": "1.40000", "2007-09-30": "1.40000", "2007-06-30": "1.40000", "2007-03-31": "1.40000", "2006-12-31": "", "2006-09-30": "", "2006-03-31": ""}, "Retained Earnings (Accumulated Deficit)": {"2020-12-31": "2291.80000", "2020-09-30": "2302.10000", "2020-06-30": "2302.60000", "2020-03-31": "2135.10000", "2019-12-31": "2030.10000", "2019-09-30": "2082.00000", "2019-06-30": "2087.70000", "2019-03-31": "1959.90000", "2018-12-31": "1843.80000", "2018-09-30": "1850.00000", "2018-06-30": "1727.00000", "2018-03-31": "1562.60000", "2017-12-31": "1496.30000", "2017-09-30": "1477.00000", "2017-06-30": "1469.40000", "2017-03-31": "1320.80000", "2016-12-31": "1283.50000", "2016-09-30": "1292.40000", "2016-06-30": "1297.80000", "2016-03-31": "1163.20000", "2015-12-31": "1134.80000", "2015-09-30": "1130.10000", "2015-06-30": "1132.00000", "2015-03-31": "998.00000", "2014-12-31": "976.20000", "2014-09-30": "974.00000", "2014-06-30": "973.90000", "2014-03-31": "858.90000", "2013-12-31": "833.20000", "2013-09-30": "831.10000", "2013-06-30": "811.30000", "2013-03-31": "698.10000", "2012-12-31": "676.30000", "2012-09-30": "682.50000", "2012-06-30": "686.10000", "2012-03-31": "622.70000", "2011-12-31": "625.80000", "2011-09-30": "639.10000", "2011-06-30": "642.20000", "2011-03-31": "544.60000", "2010-12-31": "533.20000", "2010-09-30": "541.40000", "2010-06-30": "546.90000", "2010-03-31": "460.40000", "2009-12-31": "454.40000", "2009-09-30": "439.70000", "2009-06-30": "432.30000", "2009-03-31": "325.10000", "2008-12-31": "294.00000", "2008-09-30": "274.00000", "2008-06-30": "248.20000", "2008-03-31": "158.80000", "2007-12-31": "137.70000", "2007-09-30": "117.20000", "2007-06-30": "90.30000", "2007-03-31": "", "2006-12-31": "", "2006-09-30": "", "2006-03-31": ""}, "Comprehensive Income": {"2020-12-31": "-57.10000", "2020-09-30": "-62.90000", "2020-06-30": "-100.40000", "2020-03-31": "-67.20000", "2019-12-31": "-67.70000", "2019-09-30": "-79.50000", "2019-06-30": "-71.20000", "2019-03-31": "-64.10000", "2018-12-31": "-69.20000", "2018-09-30": "-63.50000", "2018-06-30": "-51.90000", "2018-03-31": "-34.60000", "2017-12-31": "-38.40000", "2017-09-30": "-37.10000", "2017-06-30": "-55.80000", "2017-03-31": "-60.50000", "2016-12-31": "-60.90000", "2016-09-30": "-48.90000", "2016-06-30": "-38.20000", "2016-03-31": "-47.70000", "2015-12-31": "-38.00000", "2015-09-30": "-32.90000", "2015-06-30": "-20.90000", "2015-03-31": "-22.20000", "2014-12-31": "-5.50000", "2014-09-30": "5.70000", "2014-06-30": "10.30000", "2014-03-31": "7.80000", "2013-12-31": "8.10000", "2013-09-30": "2.50000", "2013-06-30": "4.20000", "2013-03-31": "2.80000", "2012-12-31": "9.20000", "2012-09-30": "8.30000", "2012-06-30": "3.50000", "2012-03-31": "11.60000", "2011-12-31": "6.30000", "2011-09-30": "11.70000", "2011-06-30": "16.10000", "2011-03-31": "18.90000", "2010-12-31": "10.20000", "2010-09-30": "5.30000", "2010-06-30": "-1.40000", "2010-03-31": "7.00000", "2009-12-31": "13.70000", "2009-09-30": "10.70000", "2009-06-30": "6.90000", "2009-03-31": "-9.10000", "2008-12-31": "-5.10000", "2008-09-30": "18.70000", "2008-06-30": "28.70000", "2008-03-31": "31.80000", "2007-12-31": "34.20000", "2007-09-30": "28.20000", "2007-06-30": "26.60000", "2007-03-31": "21.70000", "2006-12-31": "", "2006-09-30": "", "2006-03-31": ""}, "Other Share Holders Equity": {"2020-12-31": "", "2020-09-30": "", "2020-06-30": "", "2020-03-31": "", "2019-12-31": "", "2019-09-30": "", "2019-06-30": "", "2019-03-31": "", "2018-12-31": "", "2018-09-30": "", "2018-06-30": "", "2018-03-31": "", "2017-12-31": "", "2017-09-30": "", "2017-06-30": "", "2017-03-31": "", "2016-12-31": "", "2016-09-30": "", "2016-06-30": "", "2016-03-31": "", "2015-12-31": "", "2015-09-30": "", "2015-06-30": "", "2015-03-31": "", "2014-12-31": "", "2014-09-30": "", "2014-06-30": "", "2014-03-31": "", "2013-12-31": "", "2013-09-30": "", "2013-06-30": "", "2013-03-31": "", "2012-12-31": "", "2012-09-30": "", "2012-06-30": "", "2012-03-31": "", "2011-12-31": "", "2011-09-30": "", "2011-06-30": "", "2011-03-31": "", "2010-12-31": "", "2010-09-30": "", "2010-06-30": "", "2010-03-31": "", "2009-12-31": "", "2009-09-30": "", "2009-06-30": "", "2009-03-31": "", "2008-12-31": "", "2008-09-30": "", "2008-06-30": "", "2008-03-31": "", "2007-12-31": "", "2007-09-30": "", "2007-06-30": "", "2007-03-31": "", "2006-12-31": "", "2006-09-30": "", "2006-03-31": ""}, "Share Holder Equity": {"2020-12-31": "1434.00000", "2020-09-30": "1413.80000", "2020-06-30": "1346.50000", "2020-03-31": "1202.50000", "2019-12-31": "1125.40000", "2019-09-30": "1143.40000", "2019-06-30": "1127.50000", "2019-03-31": "1265.60000", "2018-12-31": "1122.60000", "2018-09-30": "1234.00000", "2018-06-30": "1094.30000", "2018-03-31": "1161.80000", "2017-12-31": "1074.00000", "2017-09-30": "1037.90000", "2017-06-30": "1003.80000", "2017-03-31": "942.30000", "2016-12-31": "985.80000", "2016-09-30": "1051.30000", "2016-06-30": "1045.50000", "2016-03-31": "902.60000", "2015-12-31": "941.50000", "2015-09-30": "924.20000", "2015-06-30": "927.80000", "2015-03-31": "898.70000", "2014-12-31": "982.70000", "2014-09-30": "971.00000", "2014-06-30": "961.70000", "2014-03-31": "898.90000", "2013-12-31": "857.50000", "2013-09-30": "838.00000", "2013-06-30": "816.00000", "2013-03-31": "771.00000", "2012-12-31": "783.40000", "2012-09-30": "789.50000", "2012-06-30": "850.50000", "2012-03-31": "800.80000", "2011-12-31": "783.80000", "2011-09-30": "792.50000", "2011-06-30": "797.30000", "2011-03-31": "692.30000", "2010-12-31": "728.70000", "2010-09-30": "724.60000", "2010-06-30": "807.10000", "2010-03-31": "857.00000", "2009-12-31": "846.70000", "2009-09-30": "867.70000", "2009-06-30": "909.00000", "2009-03-31": "792.30000", "2008-12-31": "764.40000", "2008-09-30": "769.20000", "2008-06-30": "745.80000", "2008-03-31": "640.80000", "2007-12-31": "609.80000", "2007-09-30": "565.20000", "2007-06-30": "531.10000", "2007-03-31": "425.50000", "2006-12-31": "", "2006-09-30": "", "2006-03-31": ""}, "Total Liabilities And Share Holders Equity": {"2020-12-31": "4858.30000", "2020-09-30": "4749.70000", "2020-06-30": "4889.80000", "2020-03-31": "4913.50000", "2019-12-31": "4384.60000", "2019-09-30": "4220.10000", "2019-06-30": "3880.70000", "2019-03-31": "3602.10000", "2018-12-31": "3357.60000", "2018-09-30": "3381.70000", "2018-06-30": "3304.70000", "2018-03-31": "3484.70000", "2017-12-31": "3249.90000", "2017-09-30": "3224.50000", "2017-06-30": "3149.80000", "2017-03-31": "3242.00000", "2016-12-31": "2967.30000", "2016-09-30": "2942.30000", "2016-06-30": "2872.70000", "2016-03-31": "2524.00000", "2015-12-31": "2353.60000", "2015-09-30": "2299.50000", "2015-06-30": "2368.10000", "2015-03-31": "2281.20000", "2014-12-31": "2099.80000", "2014-09-30": "2078.60000", "2014-06-30": "2192.10000", "2014-03-31": "2129.90000", "2013-12-31": "1939.00000", "2013-09-30": "1907.20000", "2013-06-30": "2018.20000", "2013-03-31": "1921.90000", "2012-12-31": "1856.20000", "2012-09-30": "1830.50000", "2012-06-30": "1987.60000", "2012-03-31": "2014.30000", "2011-12-31": "1896.90000", "2011-09-30": "1927.20000", "2011-06-30": "1904.00000", "2011-03-31": "1853.40000", "2010-12-31": "1515.00000", "2010-09-30": "1519.30000", "2010-06-30": "1794.40000", "2010-03-31": "2863.90000", "2009-12-31": "2695.70000", "2009-09-30": "2886.20000", "2009-06-30": "2774.70000", "2009-03-31": "2444.20000", "2008-12-31": "2402.60000", "2008-09-30": "3690.50000", "2008-06-30": "2833.60000", "2008-03-31": "3237.00000", "2007-12-31": "2911.30000", "2007-09-30": "2574.90000", "2007-06-30": "2678.20000", "2007-03-31": "2326.30000", "2006-12-31": "", "2006-09-30": "", "2006-03-31": ""}}, "cash flow statement": {"Net Income/Loss": {"2020-06-30": "462.50000", "2019-06-30": "482.10000", "2018-06-30": "427.90000", "2017-06-30": "326.80000", "2016-06-30": "307.50000", "2015-06-30": "287.10000", "2014-06-30": "263.00000", "2013-06-30": "212.10000", "2012-06-30": "123.60000", "2011-06-30": "169.60000", "2010-06-30": "190.00000", "2009-06-30": "223.30000", "2008-06-30": "192.20000", "2007-06-30": "197.10000", "2006-06-30": "166.70000", "2005-06-30": "165.40000"}, "Total Depreciation And Amortization - Cash Flow": {"2020-06-30": "299.30000", "2019-06-30": "260.00000", "2018-06-30": "212.00000", "2017-06-30": "182.20000", "2016-06-30": "121.00000", "2015-06-30": "104.30000", "2014-06-30": "97.40000", "2013-06-30": "93.40000", "2012-06-30": "92.00000", "2011-06-30": "72.30000", "2010-06-30": "57.00000", "2009-06-30": "53.70000", "2008-06-30": "48.40000", "2007-06-30": "62.50000", "2006-06-30": "74.30000", "2005-06-30": "69.10000"}, "Other Non-Cash Items": {"2020-06-30": "93.30000", "2019-06-30": "17.30000", "2018-06-30": "24.60000", "2017-06-30": "-17.80000", "2016-06-30": "15.90000", "2015-06-30": "-1.30000", "2014-06-30": "0.20000", "2013-06-30": "36.60000", "2012-06-30": "86.50000", "2011-06-30": "42.90000", "2010-06-30": "65.60000", "2009-06-30": "24.90000", "2008-06-30": "11.00000", "2007-06-30": "30.40000", "2006-06-30": "81.20000", "2005-06-30": "2.90000"}, "Total Non-Cash Items": {"2020-06-30": "392.60000", "2019-06-30": "277.30000", "2018-06-30": "236.60000", "2017-06-30": "164.40000", "2016-06-30": "136.90000", "2015-06-30": "103.00000", "2014-06-30": "97.60000", "2013-06-30": "130.00000", "2012-06-30": "178.50000", "2011-06-30": "115.20000", "2010-06-30": "122.60000", "2009-06-30": "78.60000", "2008-06-30": "59.40000", "2007-06-30": "92.90000", "2006-06-30": "155.50000", "2005-06-30": "72.00000"}, "Change In Accounts Receivable": {"2020-06-30": "-33.50000", "2019-06-30": "-34.90000", "2018-06-30": "-18.60000", "2017-06-30": "-44.40000", "2016-06-30": "-5.30000", "2015-06-30": "-4.20000", "2014-06-30": "19.10000", "2013-06-30": "-73.20000", "2012-06-30": "34.70000", "2011-06-30": "-39.80000", "2010-06-30": "27.80000", "2009-06-30": "31.70000", "2008-06-30": "56.30000", "2007-06-30": "-99.20000", "2006-06-30": "-24.50000", "2005-06-30": "-70.90000"}, "Change In Inventories": {"2020-06-30": "", "2019-06-30": "", "2018-06-30": "", "2017-06-30": "", "2016-06-30": "", "2015-06-30": "", "2014-06-30": "", "2013-06-30": "", "2012-06-30": "", "2011-06-30": "", "2010-06-30": "", "2009-06-30": "", "2008-06-30": "", "2007-06-30": "", "2006-06-30": "", "2005-06-30": ""}, "Change In Accounts Payable": {"2020-06-30": "", "2019-06-30": "", "2018-06-30": "", "2017-06-30": "", "2016-06-30": "6.20000", "2015-06-30": "1.90000", "2014-06-30": "-26.80000", "2013-06-30": "41.30000", "2012-06-30": "-12.40000", "2011-06-30": "8.50000", "2010-06-30": "9.90000", "2009-06-30": "-14.00000", "2008-06-30": "-1.00000", "2007-06-30": "13.20000", "2006-06-30": "8.70000", "2005-06-30": "18.20000"}, "Change In Assets/Liabilities": {"2020-06-30": "-282.00000", "2019-06-30": "-96.70000", "2018-06-30": "38.00000", "2017-06-30": "-66.40000", "2016-06-30": "-62.60000", "2015-06-30": "4.20000", "2014-06-30": "-4.50000", "2013-06-30": "-66.50000", "2012-06-30": "-72.00000", "2011-06-30": "-41.20000", "2010-06-30": "0.90000", "2009-06-30": "-21.40000", "2008-06-30": "-8.70000", "2007-06-30": "-141.00000", "2006-06-30": "113.10000", "2005-06-30": "-203.60000"}, "Total Change In Assets/Liabilities": {"2020-06-30": "-256.90000", "2019-06-30": "-142.50000", "2018-06-30": "29.00000", "2017-06-30": "24.60000", "2016-06-30": "7.90000", "2015-06-30": "32.50000", "2014-06-30": "24.40000", "2013-06-30": "-82.60000", "2012-06-30": "-14.50000", "2011-06-30": "-88.50000", "2010-06-30": "46.40000", "2009-06-30": "-23.90000", "2008-06-30": "48.90000", "2007-06-30": "-133.00000", "2006-06-30": "99.70000", "2005-06-30": "-232.40000"}, "Cash Flow From Operating Activities": {"2020-06-30": "598.20000", "2019-06-30": "617.00000", "2018-06-30": "693.60000", "2017-06-30": "515.90000", "2016-06-30": "437.70000", "2015-06-30": "431.40000", "2014-06-30": "387.70000", "2013-06-30": "270.90000", "2012-06-30": "290.60000", "2011-06-30": "190.90000", "2010-06-30": "360.10000", "2009-06-30": "277.20000", "2008-06-30": "307.90000", "2007-06-30": "160.50000", "2006-06-30": "426.10000", "2005-06-30": "9.20000"}, "Net Change In Property, Plant, And Equipment": {"2020-06-30": "-98.70000", "2019-06-30": "-72.60000", "2018-06-30": "-97.90000", "2017-06-30": "-113.70000", "2016-06-30": "-75.50000", "2015-06-30": "-66.00000", "2014-06-30": "-40.30000", "2013-06-30": "-38.20000", "2012-06-30": "-33.80000", "2011-06-30": "-29.20000", "2010-06-30": "-42.70000", "2009-06-30": "-26.80000", "2008-06-30": "-41.40000", "2007-06-30": "-31.80000", "2006-06-30": "-34.60000", "2005-06-30": "-33.30000"}, "Net Change In Intangible Assets": {"2020-06-30": "0.00000", "2019-06-30": "0.00000", "2018-06-30": "-40.00000", "2017-06-30": "-90.00000", "2016-06-30": "0.00000", "2015-06-30": "0.00000", "2014-06-30": "-13.10000", "2013-06-30": "-12.70000", "2012-06-30": "-12.90000", "2011-06-30": "-18.10000", "2010-06-30": "-10.40000", "2009-06-30": "-3.10000", "2008-06-30": "-5.10000", "2007-06-30": "-6.10000", "2006-06-30": "-6.10000", "2005-06-30": "-5.50000"}, "Net Acquisitions/Divestitures": {"2020-06-30": "-339.10000", "2019-06-30": "-354.70000", "2018-06-30": "-108.30000", "2017-06-30": "-448.70000", "2016-06-30": "-53.00000", "2015-06-30": "-202.90000", "2014-06-30": "-96.90000", "2013-06-30": "", "2012-06-30": "-72.40000", "2011-06-30": "-293.50000", "2010-06-30": "-35.20000", "2009-06-30": "-60.80000", "2008-06-30": "-6.10000", "2007-06-30": "", "2006-06-30": "19.90000", "2005-06-30": "-360.80000"}, "Net Change In Short-term Investments": {"2020-06-30": "", "2019-06-30": "", "2018-06-30": "", "2017-06-30": "", "2016-06-30": "", "2015-06-30": "", "2014-06-30": "", "2013-06-30": "", "2012-06-30": "", "2011-06-30": "", "2010-06-30": "", "2009-06-30": "", "2008-06-30": "", "2007-06-30": "", "2006-06-30": "", "2005-06-30": ""}, "Net Change In Long-Term Investments": {"2020-06-30": "", "2019-06-30": "", "2018-06-30": "", "2017-06-30": "", "2016-06-30": "", "2015-06-30": "-7.50000", "2014-06-30": "", "2013-06-30": "", "2012-06-30": "2.10000", "2011-06-30": "", "2010-06-30": "", "2009-06-30": "", "2008-06-30": "", "2007-06-30": "", "2006-06-30": "", "2005-06-30": ""}, "Net Change In Investments - Total": {"2020-06-30": "", "2019-06-30": "", "2018-06-30": "", "2017-06-30": "", "2016-06-30": "", "2015-06-30": "-7.50000", "2014-06-30": "", "2013-06-30": "", "2012-06-30": "2.10000", "2011-06-30": "", "2010-06-30": "", "2009-06-30": "", "2008-06-30": "", "2007-06-30": "", "2006-06-30": "", "2005-06-30": ""}, "Investing Activities - Other": {"2020-06-30": "-3.80000", "2019-06-30": "-6.30000", "2018-06-30": "-3.10000", "2017-06-30": "-6.90000", "2016-06-30": "-8.30000", "2015-06-30": "", "2014-06-30": "", "2013-06-30": "-1.10000", "2012-06-30": "6.50000", "2011-06-30": "", "2010-06-30": "", "2009-06-30": "", "2008-06-30": "", "2007-06-30": "", "2006-06-30": "", "2005-06-30": "-1.10000"}, "Cash Flow From Investing Activities": {"2020-06-30": "-441.70000", "2019-06-30": "-433.50000", "2018-06-30": "-249.30000", "2017-06-30": "-659.30000", "2016-06-30": "-136.90000", "2015-06-30": "-276.40000", "2014-06-30": "-150.30000", "2013-06-30": "-52.00000", "2012-06-30": "-110.50000", "2011-06-30": "-340.80000", "2010-06-30": "-88.30000", "2009-06-30": "-90.70000", "2008-06-30": "-52.60000", "2007-06-30": "-37.90000", "2006-06-30": "-20.80000", "2005-06-30": "-400.70000"}, "Net Long-Term Debt": {"2020-06-30": "329.10000", "2019-06-30": "415.70000", "2018-06-30": "-50.00000", "2017-06-30": "85.00000", "2016-06-30": "332.90000", "2015-06-30": "165.00000", "2014-06-30": "-0.50000", "2013-06-30": "", "2012-06-30": "400.00000", "2011-06-30": "", "2010-06-30": "", "2009-06-30": "-114.40000", "2008-06-30": "-170.00000", "2007-06-30": "617.70000", "2006-06-30": "", "2005-06-30": ""}, "Net Current Debt": {"2020-06-30": "", "2019-06-30": "", "2018-06-30": "", "2017-06-30": "", "2016-06-30": "", "2015-06-30": "", "2014-06-30": "", "2013-06-30": "", "2012-06-30": "-400.00000", "2011-06-30": "200.00000", "2010-06-30": "", "2009-06-30": "", "2008-06-30": "", "2007-06-30": "14.20000", "2006-06-30": "50.70000", "2005-06-30": "39.80000"}, "Debt Issuance/Retirement Net - Total": {"2020-06-30": "329.10000", "2019-06-30": "415.70000", "2018-06-30": "-50.00000", "2017-06-30": "85.00000", "2016-06-30": "332.90000", "2015-06-30": "165.00000", "2014-06-30": "-0.50000", "2013-06-30": "", "2012-06-30": "", "2011-06-30": "200.00000", "2010-06-30": "", "2009-06-30": "-114.40000", "2008-06-30": "-170.00000", "2007-06-30": "631.90000", "2006-06-30": "50.70000", "2005-06-30": "39.80000"}, "Net Common Equity Issued/Repurchased": {"2020-06-30": "-27.50000", "2019-06-30": "-366.70000", "2018-06-30": "-225.10000", "2017-06-30": "-281.90000", "2016-06-30": "-95.00000", "2015-06-30": "-239.60000", "2014-06-30": "-80.20000", "2013-06-30": "-192.20000", "2012-06-30": "-8.00000", "2011-06-30": "-174.30000", "2010-06-30": "-211.70000", "2009-06-30": "-28.50000", "2008-06-30": "18.10000", "2007-06-30": "4.30000", "2006-06-30": "", "2005-06-30": ""}, "Net Total Equity Issued/Repurchased": {"2020-06-30": "-27.50000", "2019-06-30": "-366.70000", "2018-06-30": "-225.10000", "2017-06-30": "-281.90000", "2016-06-30": "-95.00000", "2015-06-30": "-239.60000", "2014-06-30": "-80.20000", "2013-06-30": "-192.20000", "2012-06-30": "-8.00000", "2011-06-30": "-174.30000", "2010-06-30": "-211.70000", "2009-06-30": "-28.50000", "2008-06-30": "18.10000", "2007-06-30": "4.30000", "2006-06-30": "", "2005-06-30": ""}, "Total Common And Preferred Stock Dividends Paid": {"2020-06-30": "-241.00000", "2019-06-30": "-211.20000", "2018-06-30": "-165.80000", "2017-06-30": "-152.20000", "2016-06-30": "-138.20000", "2015-06-30": "-122.30000", "2014-06-30": "-96.70000", "2013-06-30": "-85.80000", "2012-06-30": "-78.10000", "2011-06-30": "-74.80000", "2010-06-30": "-66.60000", "2009-06-30": "-37.90000", "2008-06-30": "-33.60000", "2007-06-30": "", "2006-06-30": "", "2005-06-30": ""}, "Financial Activities - Other": {"2020-06-30": "-9.40000", "2019-06-30": "-10.80000", "2018-06-30": "-9.00000", "2017-06-30": "37.40000", "2016-06-30": "8.80000", "2015-06-30": "38.60000", "2014-06-30": "18.50000", "2013-06-30": "4.80000", "2012-06-30": "-2.60000", "2011-06-30": "3.80000", "2010-06-30": "0.20000", "2009-06-30": "0.40000", "2008-06-30": "1.70000", "2007-06-30": "-720.20000", "2006-06-30": "-438.60000", "2005-06-30": "357.80000"}, "Cash Flow From Financial Activities": {"2020-06-30": "51.20000", "2019-06-30": "-173.10000", "2018-06-30": "-449.90000", "2017-06-30": "-311.70000", "2016-06-30": "108.60000", "2015-06-30": "-158.30000", "2014-06-30": "-158.90000", "2013-06-30": "-273.20000", "2012-06-30": "-88.70000", "2011-06-30": "-45.30000", "2010-06-30": "-278.10000", "2009-06-30": "-180.40000", "2008-06-30": "-183.80000", "2007-06-30": "-84.00000", "2006-06-30": "-387.90000", "2005-06-30": "397.60000"}, "Net Cash Flow": {"2020-06-30": "203.40000", "2019-06-30": "9.20000", "2018-06-30": "-7.20000", "2017-06-30": "-456.70000", "2016-06-30": "403.70000", "2015-06-30": "-23.50000", "2014-06-30": "81.60000", "2013-06-30": "-54.50000", "2012-06-30": "79.00000", "2011-06-30": "-171.10000", "2010-06-30": "239.20000", "2009-06-30": "118.70000", "2008-06-30": "-17.50000", "2007-06-30": "38.50000", "2006-06-30": "17.60000", "2005-06-30": "5.50000"}, "Stock-Based Compensation": {"2020-06-30": "60.80000", "2019-06-30": "58.40000", "2018-06-30": "55.10000", "2017-06-30": "46.10000", "2016-06-30": "43.10000", "2015-06-30": "38.60000", "2014-06-30": "34.60000", "2013-06-30": "27.10000", "2012-06-30": "28.30000", "2011-06-30": "30.00000", "2010-06-30": "27.30000", "2009-06-30": "28.60000", "2008-06-30": "33.70000", "2007-06-30": "24.30000", "2006-06-30": "24.60000", "2005-06-30": "2.20000"}, "Common Stock Dividends Paid": {"2020-06-30": "-241.00000", "2019-06-30": "-211.20000", "2018-06-30": "-165.80000", "2017-06-30": "-152.20000", "2016-06-30": "-138.20000", "2015-06-30": "-122.30000", "2014-06-30": "-96.70000", "2013-06-30": "-85.80000", "2012-06-30": "-78.10000", "2011-06-30": "-74.80000", "2010-06-30": "-66.60000", "2009-06-30": "-37.90000", "2008-06-30": "-33.60000", "2007-06-30": "", "2006-06-30": "", "2005-06-30": ""}}, "cash flow statement, quarterly": {"Net Income/Loss": {"2020-12-31": 56.3, "2020-09-30": "65.80000", "2020-06-30": 229.7, "2020-03-31": 166.8, "2019-12-31": 10.1, "2019-09-30": "55.90000", "2019-06-30": 183.3, "2019-03-31": 172.2, "2018-12-31": 49.9, "2018-09-30": "76.70000", "2018-06-30": 206.8, "2018-03-31": 109.1, "2017-12-31": 62.1, "2017-09-30": "49.90000", "2017-06-30": 187.1, "2017-03-31": 75.9, "2016-12-31": 30.1, "2016-09-30": "33.70000", "2016-06-30": 170.1, "2016-03-31": 63.6, "2015-12-31": 40.3, "2015-09-30": "33.50000", "2015-06-30": 165.9, "2015-03-31": 54, "2014-12-31": 34.7, "2014-09-30": "32.50000", "2014-06-30": 140.2, "2014-03-31": 50.8, "2013-12-31": 27.6, "2013-09-30": "44.40000", "2013-06-30": 134.6, "2013-03-31": 43.4, "2012-12-31": 15.8, "2012-09-30": "18.30000", "2012-06-30": 83.4, "2012-03-31": 16.7, "2011-12-31": 6.8, "2011-09-30": "16.70000", "2011-06-30": 116.2, "2011-03-31": 29.7, "2010-12-31": 10.4, "2010-09-30": "13.30000", "2010-06-30": 105.1, "2010-03-31": 24.9, "2009-12-31": 33.6, "2009-09-30": "26.40000", "2009-06-30": 116.9, "2009-03-31": 40.9, "2008-12-31": 29.9, "2008-09-30": "35.60000", "2008-06-30": 97.8, "2008-03-31": 29.5, "2007-12-31": 28.9, "2007-09-30": "36.00000", "2007-06-30": 98.7, "2007-03-31": 41.9, "2006-12-31": 28, "2006-09-30": "28.50000", "2006-03-31": 66}, "Total Depreciation And Amortization - Cash Flow": {"2020-12-31": 75.1, "2020-09-30": "74.00000", "2020-06-30": 75.9, "2020-03-31": 73.9, "2019-12-31": 78.1, "2019-09-30": "71.40000", "2019-06-30": 65.2, "2019-03-31": 64.5, "2018-12-31": 65.6, "2018-09-30": "64.70000", "2018-06-30": 56.4, "2018-03-31": 53.5, "2017-12-31": 52.2, "2017-09-30": "49.90000", "2017-06-30": 48.6, "2017-03-31": 46.4, "2016-12-31": 47.4, "2016-09-30": "39.80000", "2016-06-30": 38.3, "2016-03-31": 28.2, "2015-12-31": 27.5, "2015-09-30": "27.00000", "2015-06-30": 26.9, "2015-03-31": 26.6, "2014-12-31": 25.5, "2014-09-30": "25.30000", "2014-06-30": 25.6, "2014-03-31": 25.4, "2013-12-31": 23.4, "2013-09-30": "23.00000", "2013-06-30": 22.5, "2013-03-31": 22.6, "2012-12-31": 23.8, "2012-09-30": "24.50000", "2012-06-30": 23.5, "2012-03-31": 25.1, "2011-12-31": 22.7, "2011-09-30": "20.70000", "2011-06-30": 21, "2011-03-31": 19.2, "2010-12-31": 16.5, "2010-09-30": "15.60000", "2010-06-30": 14.5, "2010-03-31": 14.3, "2009-12-31": 14.5, "2009-09-30": "13.70000", "2009-06-30": 13.6, "2009-03-31": 13.2, "2008-12-31": 12.7, "2008-09-30": "14.20000", "2008-06-30": 10.8, "2008-03-31": 12.8, "2007-12-31": 12.4, "2007-09-30": "12.40000", "2007-06-30": 18.4, "2007-03-31": 14, "2006-12-31": 14.6, "2006-09-30": "15.50000", "2006-03-31": 53.5}, "Other Non-Cash Items": {"2020-12-31": 13.5, "2020-09-30": "30.70000", "2020-06-30": 3.9, "2020-03-31": 41, "2019-12-31": 40.1, "2019-09-30": "8.30000", "2019-06-30": -46.9, "2019-03-31": 58.2, "2018-12-31": 2.1, "2018-09-30": "3.90000", "2018-06-30": 22.1, "2018-03-31": -9.3, "2017-12-31": 8.4, "2017-09-30": "3.40000", "2017-06-30": -0.3, "2017-03-31": -10.2, "2016-12-31": 12.6, "2016-09-30": "-19.90000", "2016-06-30": 13.1, "2016-03-31": -0.1, "2015-12-31": 4.1, "2015-09-30": "-1.20000", "2015-06-30": 18.9, "2015-03-31": -17.8, "2014-12-31": -0.4, "2014-09-30": "-2.00000", "2014-06-30": -1.8, "2014-03-31": -6.8, "2013-12-31": 4.6, "2013-09-30": "4.20000", "2013-06-30": 18.9, "2013-03-31": 14.6, "2012-12-31": 4.4, "2012-09-30": "-1.30000", "2012-06-30": 50, "2012-03-31": 28, "2011-12-31": 7.5, "2011-09-30": "1.00000", "2011-06-30": 24.8, "2011-03-31": 5.1, "2010-12-31": 7.9, "2010-09-30": "5.10000", "2010-06-30": 41, "2010-03-31": 14.7, "2009-12-31": 6.8, "2009-09-30": "3.10000", "2009-06-30": 12.9, "2009-03-31": 8.4, "2008-12-31": 5.6, "2008-09-30": "-2.00000", "2008-06-30": 2.3, "2008-03-31": 9.4, "2007-12-31": 1.7, "2007-09-30": "-2.40000", "2007-06-30": 10.7, "2007-03-31": 9.9, "2006-12-31": 5.9, "2006-09-30": "3.90000", "2006-03-31": 39.3}, "Total Non-Cash Items": {"2020-12-31": 88.6, "2020-09-30": "104.70000", "2020-06-30": 79.8, "2020-03-31": 114.9, "2019-12-31": 118.2, "2019-09-30": "79.70000", "2019-06-30": 18.3, "2019-03-31": 122.7, "2018-12-31": 67.7, "2018-09-30": "68.60000", "2018-06-30": 78.5, "2018-03-31": 44.2, "2017-12-31": 60.6, "2017-09-30": "53.30000", "2017-06-30": 48.3, "2017-03-31": 36.2, "2016-12-31": 60, "2016-09-30": "19.90000", "2016-06-30": 51.4, "2016-03-31": 28.1, "2015-12-31": 31.6, "2015-09-30": "25.80000", "2015-06-30": 45.8, "2015-03-31": 8.8, "2014-12-31": 25.1, "2014-09-30": "23.30000", "2014-06-30": 23.8, "2014-03-31": 18.6, "2013-12-31": 28, "2013-09-30": "27.20000", "2013-06-30": 41.4, "2013-03-31": 37.2, "2012-12-31": 28.2, "2012-09-30": "23.20000", "2012-06-30": 73.5, "2012-03-31": 53.1, "2011-12-31": 30.2, "2011-09-30": "21.70000", "2011-06-30": 45.8, "2011-03-31": 24.3, "2010-12-31": 24.4, "2010-09-30": "20.70000", "2010-06-30": 55.5, "2010-03-31": 29, "2009-12-31": 21.3, "2009-09-30": "16.80000", "2009-06-30": 26.5, "2009-03-31": 21.6, "2008-12-31": 18.3, "2008-09-30": "12.20000", "2008-06-30": 13.1, "2008-03-31": 22.2, "2007-12-31": 14.1, "2007-09-30": "10.00000", "2007-06-30": 29.1, "2007-03-31": 23.9, "2006-12-31": 20.5, "2006-09-30": "19.40000", "2006-03-31": 92.8}, "Change In Accounts Receivable": {"2020-12-31": -0.8, "2020-09-30": "101.10000", "2020-06-30": 109.2, "2020-03-31": -195.9, "2019-12-31": -10.6, "2019-09-30": "63.80000", "2019-06-30": 139.1, "2019-03-31": -185, "2018-12-31": 12, "2018-09-30": "-1.00000", "2018-06-30": 102.7, "2018-03-31": -139.3, "2017-12-31": 50.1, "2017-09-30": "-32.10000", "2017-06-30": 70.2, "2017-03-31": -143.9, "2016-12-31": -15.1, "2016-09-30": "44.40000", "2016-06-30": 50.7, "2016-03-31": -92.7, "2015-12-31": 0, "2015-09-30": "36.70000", "2015-06-30": 53.4, "2015-03-31": -117.7, "2014-12-31": -5, "2014-09-30": "65.10000", "2014-06-30": 0.3, "2014-03-31": -90.7, "2013-12-31": 34.8, "2013-09-30": "74.70000", "2013-06-30": -32.6, "2013-03-31": -107.4, "2012-12-31": 15.4, "2012-09-30": "51.40000", "2012-06-30": 12.7, "2012-03-31": -92.1, "2011-12-31": 31.2, "2011-09-30": "82.90000", "2011-06-30": -12, "2011-03-31": -94.8, "2010-12-31": 2.5, "2010-09-30": "64.50000", "2010-06-30": 2.8, "2010-03-31": -40.9, "2009-12-31": -6.8, "2009-09-30": "72.70000", "2009-06-30": -35.8, "2009-03-31": -61.6, "2008-12-31": 38, "2008-09-30": "91.10000", "2008-06-30": -66, "2008-03-31": -48.5, "2007-12-31": 41.8, "2007-09-30": "129.00000", "2007-06-30": -130.1, "2007-03-31": -28.6, "2006-12-31": 15.9, "2006-09-30": "43.60000", "2006-03-31": 7.4}, "Change In Inventories": {"2020-12-31": 0, "2020-09-30": "", "2020-06-30": 0, "2020-03-31": 0, "2019-12-31": 0, "2019-09-30": "", "2019-06-30": 0, "2019-03-31": 0, "2018-12-31": 0, "2018-09-30": "", "2018-06-30": 0, "2018-03-31": 0, "2017-12-31": 0, "2017-09-30": "", "2017-06-30": 0, "2017-03-31": 0, "2016-12-31": 0, "2016-09-30": "", "2016-06-30": 0, "2016-03-31": 0, "2015-12-31": 0, "2015-09-30": "", "2015-06-30": 0, "2015-03-31": 0, "2014-12-31": 0, "2014-09-30": "", "2014-06-30": 0, "2014-03-31": 0, "2013-12-31": 0, "2013-09-30": "", "2013-06-30": 0, "2013-03-31": 0, "2012-12-31": 0, "2012-09-30": "", "2012-06-30": 0, "2012-03-31": 0, "2011-12-31": 0, "2011-09-30": "", "2011-06-30": 0, "2011-03-31": 0, "2010-12-31": 0, "2010-09-30": "", "2010-06-30": 0, "2010-03-31": 0, "2009-12-31": 0, "2009-09-30": "", "2009-06-30": 0, "2009-03-31": 0, "2008-12-31": 0, "2008-09-30": "", "2008-06-30": 0, "2008-03-31": 0, "2007-12-31": 0, "2007-09-30": "", "2007-06-30": 0, "2007-03-31": 0, "2006-12-31": 0, "2006-09-30": "", "2006-03-31": 0}, "Change In Accounts Payable": {"2020-12-31": 80.4, "2020-09-30": "-220.60000", "2020-06-30": 0, "2020-03-31": 155, "2019-12-31": 35.5, "2019-09-30": "-190.50000", "2019-06-30": 0, "2019-03-31": 0, "2018-12-31": 0, "2018-09-30": "", "2018-06-30": 0, "2018-03-31": 0, "2017-12-31": 165.5, "2017-09-30": "-165.50000", "2017-06-30": -42.5, "2017-03-31": 44.4, "2016-12-31": 6, "2016-09-30": "-7.90000", "2016-06-30": -0.6, "2016-03-31": 20.8, "2015-12-31": -10.5, "2015-09-30": "-3.50000", "2015-06-30": 0.4, "2015-03-31": 23.5, "2014-12-31": -14.9, "2014-09-30": "-7.10000", "2014-06-30": -8.5, "2014-03-31": 28.1, "2013-12-31": -14.2, "2013-09-30": "-32.20000", "2013-06-30": 13.1, "2013-03-31": 32.7, "2012-12-31": 8.8, "2012-09-30": "-13.30000", "2012-06-30": -4.4, "2012-03-31": 18.3, "2011-12-31": -0.2, "2011-09-30": "-26.10000", "2011-06-30": 9.1, "2011-03-31": 20, "2010-12-31": 1.1, "2010-09-30": "-21.70000", "2010-06-30": -5.2, "2010-03-31": 20.8, "2009-12-31": -7.5, "2009-09-30": "1.80000", "2009-06-30": -0.1, "2009-03-31": -6.3, "2008-12-31": 6.8, "2008-09-30": "-14.40000", "2008-06-30": -20.3, "2008-03-31": 28.4, "2007-12-31": -8.7, "2007-09-30": "-0.40000", "2007-06-30": 8.5, "2007-03-31": 17.3, "2006-12-31": 2.1, "2006-09-30": "-14.70000", "2006-03-31": 20.2}, "Change In Assets/Liabilities": {"2020-12-31": -97, "2020-09-30": "-95.20000", "2020-06-30": -73.4, "2020-03-31": -57.9, "2019-12-31": -55.4, "2019-09-30": "-95.30000", "2019-06-30": -13, "2019-03-31": -50.4, "2018-12-31": 7.3, "2018-09-30": "-40.60000", "2018-06-30": -56, "2018-03-31": 48.5, "2017-12-31": 42.3, "2017-09-30": "3.20000", "2017-06-30": -68.6, "2017-03-31": 78.6, "2016-12-31": -17.4, "2016-09-30": "-59.00000", "2016-06-30": -62.3, "2016-03-31": 47.1, "2015-12-31": -27.4, "2015-09-30": "-20.00000", "2015-06-30": -65, "2015-03-31": 60.5, "2014-12-31": -12.1, "2014-09-30": "20.80000", "2014-06-30": -55.8, "2014-03-31": 56.1, "2013-12-31": -3.1, "2013-09-30": "-1.70000", "2013-06-30": -49.5, "2013-03-31": -2.2, "2012-12-31": -2.4, "2012-09-30": "-12.40000", "2012-06-30": -61.9, "2012-03-31": 17.1, "2011-12-31": -21.6, "2011-09-30": "-5.60000", "2011-06-30": -45.2, "2011-03-31": 20.3, "2010-12-31": 2.8, "2010-09-30": "-19.10000", "2010-06-30": -10, "2010-03-31": 6.9, "2009-12-31": 14.7, "2009-09-30": "-10.70000", "2009-06-30": -9.2, "2009-03-31": 23.4, "2008-12-31": 240.2, "2008-09-30": "-275.80000", "2008-06-30": -275.4, "2008-03-31": 589.9, "2007-12-31": -347.3, "2007-09-30": "24.10000", "2007-06-30": -3.2, "2007-03-31": -226.7, "2006-12-31": 101.5, "2006-09-30": "-12.60000", "2006-03-31": 119.4}, "Total Change In Assets/Liabilities": {"2020-12-31": -17.4, "2020-09-30": "-214.70000", "2020-06-30": 117.1, "2020-03-31": -121.5, "2019-12-31": -30.5, "2019-09-30": "-222.00000", "2019-06-30": 170.3, "2019-03-31": -132.1, "2018-12-31": 60.2, "2018-09-30": "-240.90000", "2018-06-30": 133.5, "2018-03-31": -20.5, "2017-12-31": 110.4, "2017-09-30": "-194.40000", "2017-06-30": 118.3, "2017-03-31": 55.5, "2016-12-31": -8.2, "2016-09-30": "-141.00000", "2016-06-30": 71.3, "2016-03-31": 29.4, "2015-12-31": -10, "2015-09-30": "-82.80000", "2015-06-30": 63.1, "2015-03-31": 19, "2014-12-31": -10.1, "2014-09-30": "-39.50000", "2014-06-30": 40.2, "2014-03-31": 22, "2013-12-31": 36.9, "2013-09-30": "-74.70000", "2013-06-30": 17.6, "2013-03-31": -83.8, "2012-12-31": 45.8, "2012-09-30": "-62.20000", "2012-06-30": 23.9, "2012-03-31": -52.7, "2011-12-31": 28.3, "2011-09-30": "-14.00000", "2011-06-30": -2.2, "2011-03-31": -42.8, "2010-12-31": 16.6, "2010-09-30": "-60.10000", "2010-06-30": 22.4, "2010-03-31": 6.1, "2009-12-31": 31.9, "2009-09-30": "-14.00000", "2009-06-30": -1.2, "2009-03-31": -24.1, "2008-12-31": 293.6, "2008-09-30": "-292.20000", "2008-06-30": -265, "2008-03-31": 558.5, "2007-12-31": -318.7, "2007-09-30": "74.10000", "2007-06-30": -41.6, "2007-03-31": -209.2, "2006-12-31": 130.2, "2006-09-30": "-12.40000", "2006-03-31": 172.2}, "Cash Flow From Operating Activities": {"2020-12-31": 127.5, "2020-09-30": "-44.20000", "2020-06-30": 442.6, "2020-03-31": 144.1, "2019-12-31": 97.9, "2019-09-30": "-86.40000", "2019-06-30": 399.1, "2019-03-31": 135.8, "2018-12-31": 177.6, "2018-09-30": "-95.50000", "2018-06-30": 418.8, "2018-03-31": 133, "2017-12-31": 235.1, "2017-09-30": "-93.30000", "2017-06-30": 353.8, "2017-03-31": 167.6, "2016-12-31": 81.9, "2016-09-30": "-87.40000", "2016-06-30": 276.6, "2016-03-31": 118.5, "2015-12-31": 67.2, "2015-09-30": "-24.60000", "2015-06-30": 274.8, "2015-03-31": 85.8, "2014-12-31": 53.7, "2014-09-30": "17.10000", "2014-06-30": 200.3, "2014-03-31": 96.5, "2013-12-31": 96.3, "2013-09-30": "-5.40000", "2013-06-30": 198.6, "2013-03-31": -1.2, "2012-12-31": 89.1, "2012-09-30": "-15.60000", "2012-06-30": 186.7, "2012-03-31": 15.8, "2011-12-31": 64.8, "2011-09-30": "23.30000", "2011-06-30": 152, "2011-03-31": 12, "2010-12-31": 51.4, "2010-09-30": "-24.50000", "2010-06-30": 179.3, "2010-03-31": 62, "2009-12-31": 88.9, "2009-09-30": "29.90000", "2009-06-30": 146.4, "2009-03-31": 38.1, "2008-12-31": 339, "2008-09-30": "-246.30000", "2008-06-30": -151.6, "2008-03-31": 612.2, "2007-12-31": -272.5, "2007-09-30": "119.80000", "2007-06-30": 84.9, "2007-03-31": -141.3, "2006-12-31": 179.2, "2006-09-30": "37.70000", "2006-03-31": 332}, "Net Change In Property, Plant, And Equipment": {"2020-12-31": -26.8, "2020-09-30": "-6.00000", "2020-06-30": -25.2, "2020-03-31": -30.5, "2019-12-31": -22.7, "2019-09-30": "-20.30000", "2019-06-30": -26.2, "2019-03-31": -16.1, "2018-12-31": -14.8, "2018-09-30": "-15.50000", "2018-06-30": -27.2, "2018-03-31": -18.2, "2017-12-31": -16.5, "2017-09-30": "-36.00000", "2017-06-30": -44.2, "2017-03-31": -37.5, "2016-12-31": -17.2, "2016-09-30": "-14.80000", "2016-06-30": -32.4, "2016-03-31": -14.4, "2015-12-31": -13.8, "2015-09-30": "-14.90000", "2015-06-30": -43.1, "2015-03-31": -9, "2014-12-31": -7.9, "2014-09-30": "-6.00000", "2014-06-30": -7.5, "2014-03-31": -9.1, "2013-12-31": -13.2, "2013-09-30": "-10.50000", "2013-06-30": -8.5, "2013-03-31": -13.2, "2012-12-31": -10.1, "2012-09-30": "-6.40000", "2012-06-30": -11, "2012-03-31": -9.2, "2011-12-31": -9.5, "2011-09-30": "-4.10000", "2011-06-30": -8.6, "2011-03-31": -7, "2010-12-31": -7.3, "2010-09-30": "-6.30000", "2010-06-30": -20.2, "2010-03-31": -9.5, "2009-12-31": -9.4, "2009-09-30": "-3.60000", "2009-06-30": -13.4, "2009-03-31": -6.2, "2008-12-31": -4.6, "2008-09-30": "-2.60000", "2008-06-30": -13.2, "2008-03-31": -11.6, "2007-12-31": -11.7, "2007-09-30": "-4.90000", "2007-06-30": -12.3, "2007-03-31": -10.5, "2006-12-31": -5.5, "2006-09-30": "-3.50000", "2006-03-31": -23.6}, "Net Change In Intangible Assets": {"2020-12-31": 0, "2020-09-30": "", "2020-06-30": 0, "2020-03-31": 0, "2019-12-31": 0, "2019-09-30": "", "2019-06-30": 0, "2019-03-31": 0, "2018-12-31": 0, "2018-09-30": "", "2018-06-30": 0, "2018-03-31": -40, "2017-12-31": 0, "2017-09-30": "", "2017-06-30": 0, "2017-03-31": 0, "2016-12-31": 0, "2016-09-30": "-90.00000", "2016-06-30": 13, "2016-03-31": -4.8, "2015-12-31": -5.3, "2015-09-30": "-2.90000", "2015-06-30": 7.7, "2015-03-31": -5.8, "2014-12-31": -0.5, "2014-09-30": "-1.40000", "2014-06-30": -2.2, "2014-03-31": -3.8, "2013-12-31": -4.3, "2013-09-30": "-2.80000", "2013-06-30": -6.8, "2013-03-31": -3.4, "2012-12-31": -0.8, "2012-09-30": "-1.70000", "2012-06-30": -3.3, "2012-03-31": -1.6, "2011-12-31": -5.5, "2011-09-30": "-2.50000", "2011-06-30": -8.7, "2011-03-31": -6.7, "2010-12-31": -1.9, "2010-09-30": "-0.80000", "2010-06-30": -3.9, "2010-03-31": -5.3, "2009-12-31": -1.1, "2009-09-30": "-0.10000", "2009-06-30": -1.1, "2009-03-31": -1.3, "2008-12-31": -0.6, "2008-09-30": "-0.10000", "2008-06-30": -1.5, "2008-03-31": -1.8, "2007-12-31": -0.7, "2007-09-30": "-1.10000", "2007-06-30": -1.6, "2007-03-31": -1.2, "2006-12-31": -3.2, "2006-09-30": "-0.10000", "2006-03-31": -3.3}, "Net Acquisitions/Divestitures": {"2020-12-31": 0, "2020-09-30": "", "2020-06-30": 0, "2020-03-31": -69.5, "2019-12-31": -221.5, "2019-09-30": "-48.10000", "2019-06-30": -354.7, "2019-03-31": 0, "2018-12-31": 0, "2018-09-30": "", "2018-06-30": -45.3, "2018-03-31": -32.8, "2017-12-31": -26.5, "2017-09-30": "-3.70000", "2017-06-30": -0.6, "2017-03-31": -19.7, "2016-12-31": -26.4, "2016-09-30": "-402.00000", "2016-06-30": -37.6, "2016-03-31": -2.1, "2015-12-31": -13.3, "2015-09-30": "", "2015-06-30": -138, "2015-03-31": -33.3, "2014-12-31": -31.6, "2014-09-30": "", "2014-06-30": 0.2, "2014-03-31": -59.4, "2013-12-31": 0, "2013-09-30": "-37.70000", "2013-06-30": 0, "2013-03-31": 0, "2012-12-31": 0, "2012-09-30": "", "2012-06-30": 0, "2012-03-31": -0.1, "2011-12-31": 0.4, "2011-09-30": "-72.70000", "2011-06-30": -0.2, "2011-03-31": -197.6, "2010-12-31": -18.3, "2010-09-30": "-77.40000", "2010-06-30": -23.9, "2010-03-31": -5.5, "2009-12-31": -5.8, "2009-09-30": "", "2009-06-30": -45.9, "2009-03-31": -0.2, "2008-12-31": 0, "2008-09-30": "-14.70000", "2008-06-30": 0, "2008-03-31": 0, "2007-12-31": 0, "2007-09-30": "-6.10000", "2007-06-30": 0, "2007-03-31": 0, "2006-12-31": 0, "2006-09-30": "", "2006-03-31": 19.9}, "Net Change In Short-term Investments": {"2020-12-31": 0, "2020-09-30": "", "2020-06-30": 0, "2020-03-31": 0, "2019-12-31": 0, "2019-09-30": "", "2019-06-30": 0, "2019-03-31": 0, "2018-12-31": 0, "2018-09-30": "", "2018-06-30": 0, "2018-03-31": 0, "2017-12-31": 0, "2017-09-30": "", "2017-06-30": 0, "2017-03-31": 0, "2016-12-31": 0, "2016-09-30": "", "2016-06-30": 0, "2016-03-31": 0, "2015-12-31": 0, "2015-09-30": "", "2015-06-30": 0, "2015-03-31": 0, "2014-12-31": 0, "2014-09-30": "", "2014-06-30": 0, "2014-03-31": 0, "2013-12-31": 0, "2013-09-30": "", "2013-06-30": 0, "2013-03-31": 0, "2012-12-31": 0, "2012-09-30": "", "2012-06-30": 0, "2012-03-31": 0, "2011-12-31": 0, "2011-09-30": "", "2011-06-30": 0, "2011-03-31": 0, "2010-12-31": 0, "2010-09-30": "", "2010-06-30": 0, "2010-03-31": 0, "2009-12-31": 0, "2009-09-30": "", "2009-06-30": 0, "2009-03-31": 0, "2008-12-31": 0, "2008-09-30": "", "2008-06-30": 0, "2008-03-31": 0, "2007-12-31": 0, "2007-09-30": "", "2007-06-30": 0, "2007-03-31": 0, "2006-12-31": 0, "2006-09-30": "", "2006-03-31": 0}, "Net Change In Long-Term Investments": {"2020-12-31": 0, "2020-09-30": "", "2020-06-30": 0, "2020-03-31": 0, "2019-12-31": 0, "2019-09-30": "", "2019-06-30": 0, "2019-03-31": 0, "2018-12-31": 0, "2018-09-30": "", "2018-06-30": 0, "2018-03-31": 0, "2017-12-31": 0, "2017-09-30": "", "2017-06-30": 4.5, "2017-03-31": -1.5, "2016-12-31": -1.4, "2016-09-30": "-1.60000", "2016-06-30": 3.3, "2016-03-31": -1.5, "2015-12-31": -1.5, "2015-09-30": "-0.30000", "2015-06-30": -2, "2015-03-31": -2, "2014-12-31": -1.7, "2014-09-30": "-1.80000", "2014-06-30": 0, "2014-03-31": 0, "2013-12-31": 0, "2013-09-30": "", "2013-06-30": 0, "2013-03-31": 0, "2012-12-31": 0, "2012-09-30": "", "2012-06-30": 0, "2012-03-31": 2.1, "2011-12-31": 0, "2011-09-30": "", "2011-06-30": 0, "2011-03-31": 0, "2010-12-31": 0, "2010-09-30": "", "2010-06-30": 0, "2010-03-31": 0, "2009-12-31": 0, "2009-09-30": "", "2009-06-30": 0, "2009-03-31": 0, "2008-12-31": 0, "2008-09-30": "", "2008-06-30": 0, "2008-03-31": 0, "2007-12-31": 0, "2007-09-30": "", "2007-06-30": 0, "2007-03-31": 0, "2006-12-31": 0, "2006-09-30": "", "2006-03-31": 0}, "Net Change In Investments - Total": {"2020-12-31": 0, "2020-09-30": "", "2020-06-30": 0, "2020-03-31": 0, "2019-12-31": 0, "2019-09-30": "", "2019-06-30": 0, "2019-03-31": 0, "2018-12-31": 0, "2018-09-30": "", "2018-06-30": 0, "2018-03-31": 0, "2017-12-31": 0, "2017-09-30": "", "2017-06-30": 4.5, "2017-03-31": -1.5, "2016-12-31": -1.4, "2016-09-30": "-1.60000", "2016-06-30": 3.3, "2016-03-31": -1.5, "2015-12-31": -1.5, "2015-09-30": "-0.30000", "2015-06-30": -2, "2015-03-31": -2, "2014-12-31": -1.7, "2014-09-30": "-1.80000", "2014-06-30": 0, "2014-03-31": 0, "2013-12-31": 0, "2013-09-30": "", "2013-06-30": 0, "2013-03-31": 0, "2012-12-31": 0, "2012-09-30": "", "2012-06-30": 0, "2012-03-31": 2.1, "2011-12-31": 0, "2011-09-30": "", "2011-06-30": 0, "2011-03-31": 0, "2010-12-31": 0, "2010-09-30": "", "2010-06-30": 0, "2010-03-31": 0, "2009-12-31": 0, "2009-09-30": "", "2009-06-30": 0, "2009-03-31": 0, "2008-12-31": 0, "2008-09-30": "", "2008-06-30": 0, "2008-03-31": 0, "2007-12-31": 0, "2007-09-30": "", "2007-06-30": 0, "2007-03-31": 0, "2006-12-31": 0, "2006-09-30": "", "2006-03-31": 0}, "Investing Activities - Other": {"2020-12-31": -8.3, "2020-09-30": "-2.70000", "2020-06-30": 11.5, "2020-03-31": 3.4, "2019-12-31": -0.8, "2019-09-30": "-17.90000", "2019-06-30": -3.5, "2019-03-31": -1, "2018-12-31": -1, "2018-09-30": "-0.80000", "2018-06-30": 0.9, "2018-03-31": -1.2, "2017-12-31": -1.3, "2017-09-30": "-1.50000", "2017-06-30": -6, "2017-03-31": -0.9, "2016-12-31": 0, "2016-09-30": "", "2016-06-30": -4.9, "2016-03-31": -3.4, "2015-12-31": 0, "2015-09-30": "", "2015-06-30": 0, "2015-03-31": 0, "2014-12-31": 0, "2014-09-30": "", "2014-06-30": 0, "2014-03-31": 0, "2013-12-31": 0, "2013-09-30": "", "2013-06-30": -1.1, "2013-03-31": 0, "2012-12-31": 0, "2012-09-30": "", "2012-06-30": 6.5, "2012-03-31": 0, "2011-12-31": 0, "2011-09-30": "", "2011-06-30": 0, "2011-03-31": 0, "2010-12-31": 0, "2010-09-30": "", "2010-06-30": 0, "2010-03-31": 0, "2009-12-31": 0, "2009-09-30": "", "2009-06-30": 0, "2009-03-31": 0, "2008-12-31": 0, "2008-09-30": "", "2008-06-30": 0, "2008-03-31": 0, "2007-12-31": 0, "2007-09-30": "", "2007-06-30": 0, "2007-03-31": 0, "2006-12-31": 0, "2006-09-30": "", "2006-03-31": 0}, "Cash Flow From Investing Activities": {"2020-12-31": -35.2, "2020-09-30": "-8.70000", "2020-06-30": -13.8, "2020-03-31": -96.7, "2019-12-31": -244.9, "2019-09-30": "-86.30000", "2019-06-30": -384.4, "2019-03-31": -17.1, "2018-12-31": -15.7, "2018-09-30": "-16.30000", "2018-06-30": -71.7, "2018-03-31": -92.2, "2017-12-31": -44.2, "2017-09-30": "-41.20000", "2017-06-30": -46.3, "2017-03-31": -59.6, "2016-12-31": -45, "2016-09-30": "-508.40000", "2016-06-30": -58.7, "2016-03-31": -26.2, "2015-12-31": -33.9, "2015-09-30": "-18.10000", "2015-06-30": -175.4, "2015-03-31": -50.1, "2014-12-31": -41.7, "2014-09-30": "-9.20000", "2014-06-30": -9.5, "2014-03-31": -72.3, "2013-12-31": -17.5, "2013-09-30": "-51.00000", "2013-06-30": -16.4, "2013-03-31": -16.6, "2012-12-31": -10.9, "2012-09-30": "-8.10000", "2012-06-30": -7.8, "2012-03-31": -8.8, "2011-12-31": -14.6, "2011-09-30": "-79.30000", "2011-06-30": -17.5, "2011-03-31": -211.3, "2010-12-31": -27.5, "2010-09-30": "-84.50000", "2010-06-30": -48, "2010-03-31": -20.3, "2009-12-31": -16.3, "2009-09-30": "-3.70000", "2009-06-30": -60.4, "2009-03-31": -7.7, "2008-12-31": -5.2, "2008-09-30": "-17.40000", "2008-06-30": -14.7, "2008-03-31": -13.4, "2007-12-31": -12.4, "2007-09-30": "-12.10000", "2007-06-30": -13.9, "2007-03-31": -11.7, "2006-12-31": -8.7, "2006-09-30": "-3.60000", "2006-03-31": -7}, "Net Long-Term Debt": {"2020-12-31": -7.8, "2020-09-30": "-20.00000", "2020-06-30": -285.6001, "2020-03-31": 230.4001, "2019-12-31": 86.8, "2019-09-30": "297.50000", "2019-06-30": 295.7, "2019-03-31": -20, "2018-12-31": 50, "2018-09-30": "90.00000", "2018-06-30": -150, "2018-03-31": -20, "2017-12-31": -70, "2017-09-30": "190.00000", "2017-06-30": -165, "2017-03-31": 60, "2016-12-31": 80, "2016-09-30": "110.00000", "2016-06-30": 202.9, "2016-03-31": 65, "2015-12-31": 20, "2015-09-30": "45.00000", "2015-06-30": 60, "2015-03-31": 105, "2014-12-31": 0, "2014-09-30": "", "2014-06-30": 0, "2014-03-31": 0, "2013-12-31": 0, "2013-09-30": "-0.50000", "2013-06-30": 0, "2013-03-31": 0, "2012-12-31": 0, "2012-09-30": "", "2012-06-30": -40, "2012-03-31": -30, "2011-12-31": -20, "2011-09-30": "490.00000", "2011-06-30": 0, "2011-03-31": 0, "2010-12-31": 0, "2010-09-30": "", "2010-06-30": 0, "2010-03-31": 0, "2009-12-31": 0, "2009-09-30": "", "2009-06-30": 0, "2009-03-31": 0, "2008-12-31": 0, "2008-09-30": "-114.40000", "2008-06-30": -35, "2008-03-31": -40, "2007-12-31": -10, "2007-09-30": "-85.00000", "2007-06-30": 177.7, "2007-03-31": 440, "2006-12-31": 0, "2006-09-30": "", "2006-03-31": 0}, "Net Current Debt": {"2020-12-31": 0, "2020-09-30": "", "2020-06-30": 0, "2020-03-31": 0, "2019-12-31": 0, "2019-09-30": "", "2019-06-30": 0, "2019-03-31": 0, "2018-12-31": 0, "2018-09-30": "", "2018-06-30": 0, "2018-03-31": 0, "2017-12-31": 0, "2017-09-30": "", "2017-06-30": 0, "2017-03-31": 0, "2016-12-31": 0, "2016-09-30": "", "2016-06-30": 0, "2016-03-31": 0, "2015-12-31": 0, "2015-09-30": "", "2015-06-30": 0, "2015-03-31": 0, "2014-12-31": 0, "2014-09-30": "", "2014-06-30": 0, "2014-03-31": 0, "2013-12-31": 0, "2013-09-30": "", "2013-06-30": 0, "2013-03-31": 0, "2012-12-31": 0, "2012-09-30": "", "2012-06-30": 0, "2012-03-31": 0, "2011-12-31": 0, "2011-09-30": "-400.00000", "2011-06-30": -40, "2011-03-31": 240, "2010-12-31": 0, "2010-09-30": "", "2010-06-30": 0, "2010-03-31": -0.6, "2009-12-31": 0.6, "2009-09-30": "", "2009-06-30": 0, "2009-03-31": 0, "2008-12-31": -253.3, "2008-09-30": "253.30000", "2008-06-30": 94.2, "2008-03-31": -389.2, "2007-12-31": 312, "2007-09-30": "-17.00000", "2007-06-30": -200.9, "2007-03-31": 246.6, "2006-12-31": 0.2, "2006-09-30": "-31.70000", "2006-03-31": 18.7}, "Debt Issuance/Retirement Net - Total": {"2020-12-31": -7.8, "2020-09-30": "-20.00000", "2020-06-30": -285.6001, "2020-03-31": 230.4001, "2019-12-31": 86.8, "2019-09-30": "297.50000", "2019-06-30": 295.7, "2019-03-31": -20, "2018-12-31": 50, "2018-09-30": "90.00000", "2018-06-30": -150, "2018-03-31": -20, "2017-12-31": -70, "2017-09-30": "190.00000", "2017-06-30": -165, "2017-03-31": 60, "2016-12-31": 80, "2016-09-30": "110.00000", "2016-06-30": 202.9, "2016-03-31": 65, "2015-12-31": 20, "2015-09-30": "45.00000", "2015-06-30": 60, "2015-03-31": 105, "2014-12-31": 0, "2014-09-30": "", "2014-06-30": 0, "2014-03-31": 0, "2013-12-31": 0, "2013-09-30": "-0.50000", "2013-06-30": 0, "2013-03-31": 0, "2012-12-31": 0, "2012-09-30": "", "2012-06-30": -40, "2012-03-31": -30, "2011-12-31": -20, "2011-09-30": "90.00000", "2011-06-30": -40, "2011-03-31": 240, "2010-12-31": 0, "2010-09-30": "", "2010-06-30": 0, "2010-03-31": -0.6, "2009-12-31": 0.6, "2009-09-30": "", "2009-06-30": 0, "2009-03-31": 0, "2008-12-31": -253.3, "2008-09-30": "138.90000", "2008-06-30": 59.2, "2008-03-31": -429.2, "2007-12-31": 302, "2007-09-30": "-102.00000", "2007-06-30": -23.2, "2007-03-31": 686.6, "2006-12-31": 0.2, "2006-09-30": "-31.70000", "2006-03-31": 18.7}, "Net Common Equity Issued/Repurchased": {"2020-12-31": 6.5, "2020-09-30": "20.30000", "2020-06-30": -3.4, "2020-03-31": -45.7, "2019-12-31": 3.1, "2019-09-30": "18.50000", "2019-06-30": -270, "2019-03-31": 4.5, "2018-12-31": -107.7, "2018-09-30": "6.50000", "2018-06-30": -233.4, "2018-03-31": 6.9, "2017-12-31": 1.9, "2017-09-30": "-0.50000", "2017-06-30": -114.7, "2017-03-31": -100, "2016-12-31": -68.6, "2016-09-30": "1.40000", "2016-06-30": -19, "2016-03-31": -76.4, "2015-12-31": 0.3, "2015-09-30": "0.10000", "2015-06-30": -133.9, "2015-03-31": -110.2, "2014-12-31": 4.2, "2014-09-30": "0.30000", "2014-06-30": -79.4, "2014-03-31": 0.9, "2013-12-31": 0.3, "2013-09-30": "-2.00000", "2013-06-30": -80.9, "2013-03-31": -36.2, "2012-12-31": -8.8, "2012-09-30": "-66.30000", "2012-06-30": -9.3, "2012-03-31": 2.5, "2011-12-31": 1.3, "2011-09-30": "-2.50000", "2011-06-30": 2, "2011-03-31": -63.8, "2010-12-31": -1.2, "2010-09-30": "-111.30000", "2010-06-30": -109.2, "2010-03-31": 1.5, "2009-12-31": -46.2, "2009-09-30": "-57.80000", "2009-06-30": -14.1, "2009-03-31": -5, "2008-12-31": -11.2, "2008-09-30": "1.80000", "2008-06-30": 6.2, "2008-03-31": 3, "2007-12-31": 8.9, "2007-09-30": "", "2007-06-30": 4.3, "2007-03-31": 0, "2006-12-31": 0, "2006-09-30": "", "2006-03-31": 0}, "Net Total Equity Issued/Repurchased": {"2020-12-31": 6.5, "2020-09-30": "20.30000", "2020-06-30": -3.4, "2020-03-31": -45.7, "2019-12-31": 3.1, "2019-09-30": "18.50000", "2019-06-30": -270, "2019-03-31": 4.5, "2018-12-31": -107.7, "2018-09-30": "6.50000", "2018-06-30": -233.4, "2018-03-31": 6.9, "2017-12-31": 1.9, "2017-09-30": "-0.50000", "2017-06-30": -114.7, "2017-03-31": -100, "2016-12-31": -68.6, "2016-09-30": "1.40000", "2016-06-30": -19, "2016-03-31": -76.4, "2015-12-31": 0.3, "2015-09-30": "0.10000", "2015-06-30": -133.9, "2015-03-31": -110.2, "2014-12-31": 4.2, "2014-09-30": "0.30000", "2014-06-30": -79.4, "2014-03-31": 0.9, "2013-12-31": 0.3, "2013-09-30": "-2.00000", "2013-06-30": -80.9, "2013-03-31": -36.2, "2012-12-31": -8.8, "2012-09-30": "-66.30000", "2012-06-30": -9.3, "2012-03-31": 2.5, "2011-12-31": 1.3, "2011-09-30": "-2.50000", "2011-06-30": 2, "2011-03-31": -63.8, "2010-12-31": -1.2, "2010-09-30": "-111.30000", "2010-06-30": -109.2, "2010-03-31": 1.5, "2009-12-31": -46.2, "2009-09-30": "-57.80000", "2009-06-30": -14.1, "2009-03-31": -5, "2008-12-31": -11.2, "2008-09-30": "1.80000", "2008-06-30": 6.2, "2008-03-31": 3, "2007-12-31": 8.9, "2007-09-30": "", "2007-06-30": 4.3, "2007-03-31": 0, "2006-12-31": 0, "2006-09-30": "", "2006-03-31": 0}, "Total Common And Preferred Stock Dividends Paid": {"2020-12-31": -66.3, "2020-09-30": "-62.20000", "2020-06-30": -61.8, "2020-03-31": -62, "2019-12-31": -61.8, "2019-09-30": "-55.40000", "2019-06-30": -56.1, "2019-03-31": -56.1, "2018-12-31": -56.5, "2018-09-30": "-42.50000", "2018-06-30": -42.8, "2018-03-31": -42.6, "2017-12-31": -42.5, "2017-09-30": "-37.90000", "2017-06-30": -38.6, "2017-03-31": -39.6, "2016-12-31": -38.5, "2016-09-30": "-35.50000", "2016-06-30": -35.2, "2016-03-31": -35.6, "2015-12-31": -35.4, "2015-09-30": "-32.00000", "2015-06-30": -32.2, "2015-03-31": -32.5, "2014-12-31": -32.4, "2014-09-30": "-25.20000", "2014-06-30": -25.2, "2014-03-31": -25, "2013-12-31": -25, "2013-09-30": "-21.50000", "2013-06-30": -21.6, "2013-03-31": -21.9, "2012-12-31": -22, "2012-09-30": "-20.30000", "2012-06-30": -19.9, "2012-03-31": -0.1, "2011-12-31": -39.6, "2011-09-30": "-18.50000", "2011-06-30": -18.4, "2011-03-31": -18.7, "2010-12-31": -18.9, "2010-09-30": "-18.80000", "2010-06-30": -19, "2010-03-31": -18.8, "2009-12-31": -19, "2009-09-30": "-9.80000", "2009-06-30": -9.8, "2009-03-31": -9.8, "2008-12-31": -9.9, "2008-09-30": "-8.40000", "2008-06-30": -8.4, "2008-03-31": -8.4, "2007-12-31": -8.4, "2007-09-30": "-8.40000", "2007-06-30": 0, "2007-03-31": 0, "2006-12-31": 0, "2006-09-30": "", "2006-03-31": 0}, "Financial Activities - Other": {"2020-12-31": -16.3, "2020-09-30": "-10.90000", "2020-06-30": 0.4, "2020-03-31": -1.5, "2019-12-31": -5.8, "2019-09-30": "-2.50000", "2019-06-30": -3.7, "2019-03-31": -5.3, "2018-12-31": -1.9, "2018-09-30": "0.10000", "2018-06-30": -3.5, "2018-03-31": 0, "2017-12-31": 0, "2017-09-30": "-5.50000", "2017-06-30": 11.6, "2017-03-31": 4.5, "2016-12-31": 1.1, "2016-09-30": "20.20000", "2016-06-30": -1.3, "2016-03-31": 5.6, "2015-12-31": 3.9, "2015-09-30": "0.60000", "2015-06-30": 19.1, "2015-03-31": 10.8, "2014-12-31": 5.4, "2014-09-30": "3.30000", "2014-06-30": 15.1, "2014-03-31": 5, "2013-12-31": 1.7, "2013-09-30": "-3.30000", "2013-06-30": 5, "2013-03-31": 0.6, "2012-12-31": -0.5, "2012-09-30": "-0.30000", "2012-06-30": 1, "2012-03-31": 0.6, "2011-12-31": -2.1, "2011-09-30": "-2.10000", "2011-06-30": 2.3, "2011-03-31": 0.9, "2010-12-31": 0.7, "2010-09-30": "-0.10000", "2010-06-30": -2.7, "2010-03-31": 2.2, "2009-12-31": 0.6, "2009-09-30": "0.10000", "2009-06-30": 0.3, "2009-03-31": 0, "2008-12-31": 0, "2008-09-30": "0.10000", "2008-06-30": 1.4, "2008-03-31": 0.3, "2007-12-31": 0, "2007-09-30": "", "2007-06-30": -6.9, "2007-03-31": -575, "2006-12-31": -101.8, "2006-09-30": "-36.50000", "2006-03-31": -289.1}, "Cash Flow From Financial Activities": {"2020-12-31": -83.9, "2020-09-30": "-72.70000", "2020-06-30": -350.4, "2020-03-31": 121.1, "2019-12-31": 22.4, "2019-09-30": "258.10000", "2019-06-30": -34.3, "2019-03-31": -76.9, "2018-12-31": -116.1, "2018-09-30": "54.20000", "2018-06-30": -429.7, "2018-03-31": -55.6, "2017-12-31": -110.7, "2017-09-30": "146.10000", "2017-06-30": -306.8, "2017-03-31": -75.1, "2016-12-31": -25.9, "2016-09-30": "96.10000", "2016-06-30": 147.5, "2016-03-31": -41.4, "2015-12-31": -11.2, "2015-09-30": "13.70000", "2015-06-30": -87, "2015-03-31": -26.9, "2014-12-31": -22.8, "2014-09-30": "-21.60000", "2014-06-30": -89.5, "2014-03-31": -19.1, "2013-12-31": -23, "2013-09-30": "-27.30000", "2013-06-30": -97.5, "2013-03-31": -57.5, "2012-12-31": -31.3, "2012-09-30": "-86.90000", "2012-06-30": -68.2, "2012-03-31": -27, "2011-12-31": -60.4, "2011-09-30": "66.90000", "2011-06-30": -54.1, "2011-03-31": 158.4, "2010-12-31": -19.4, "2010-09-30": "-130.20000", "2010-06-30": -130.9, "2010-03-31": -15.7, "2009-12-31": -64, "2009-09-30": "-67.50000", "2009-06-30": -23.6, "2009-03-31": -14.8, "2008-12-31": -274.4, "2008-09-30": "132.40000", "2008-06-30": 58.4, "2008-03-31": -434.3, "2007-12-31": 302.5, "2007-09-30": "-110.40000", "2007-06-30": -25.8, "2007-03-31": 111.6, "2006-12-31": -101.6, "2006-09-30": "-68.20000", "2006-03-31": -270.4}, "Net Cash Flow": {"2020-12-31": 9, "2020-09-30": "-120.00000", "2020-06-30": 74.5, "2020-03-31": 168.1, "2019-12-31": -124.3, "2019-09-30": "85.10000", "2019-06-30": -19, "2019-03-31": 42.3, "2018-12-31": 45.2, "2018-09-30": "-59.30000", "2018-06-30": -88.2, "2018-03-31": -14.4, "2017-12-31": 77.7, "2017-09-30": "17.70000", "2017-06-30": 1.5, "2017-03-31": 33.8, "2016-12-31": 8.3, "2016-09-30": "-500.30000", "2016-06-30": 373.3, "2016-03-31": 49.4, "2015-12-31": 18.8, "2015-09-30": "-37.80000", "2015-06-30": 14, "2015-03-31": -4, "2014-12-31": -17.2, "2014-09-30": "-16.30000", "2014-06-30": 103.2, "2014-03-31": 4.1, "2013-12-31": 57.2, "2013-09-30": "-82.90000", "2013-06-30": 83.8, "2013-03-31": -76.9, "2012-12-31": 47.3, "2012-09-30": "-108.70000", "2012-06-30": 101.7, "2012-03-31": -19.4, "2011-12-31": -14.6, "2011-09-30": "11.30000", "2011-06-30": 90.2, "2011-03-31": -36.5, "2010-12-31": 7.1, "2010-09-30": "-231.90000", "2010-06-30": 234.7, "2010-03-31": 30.8, "2009-12-31": 8.2, "2009-09-30": "-34.50000", "2009-06-30": 67.6, "2009-03-31": 45.8, "2008-12-31": 135.6, "2008-09-30": "-130.30000", "2008-06-30": -198.7, "2008-03-31": 165.6, "2007-12-31": 17.8, "2007-09-30": "-2.20000", "2007-06-30": 45.4, "2007-03-31": -41.6, "2006-12-31": 68.9, "2006-09-30": "-34.20000", "2006-03-31": 54.4}, "Stock-Based Compensation": {"2020-12-31": 18.3, "2020-09-30": "10.40000", "2020-06-30": 13.2, "2020-03-31": 17.3, "2019-12-31": 18.5, "2019-09-30": "11.80000", "2019-06-30": 11.6, "2019-03-31": 17.4, "2018-12-31": 18.7, "2018-09-30": "10.70000", "2018-06-30": 15.9, "2018-03-31": 14.5, "2017-12-31": 16.2, "2017-09-30": "8.50000", "2017-06-30": 11.4, "2017-03-31": 11.9, "2016-12-31": 14, "2016-09-30": "8.80000", "2016-06-30": 8.6, "2016-03-31": 12.3, "2015-12-31": 13.2, "2015-09-30": "9.00000", "2015-06-30": 8.7, "2015-03-31": 10.3, "2014-12-31": 11.2, "2014-09-30": "8.40000", "2014-06-30": 9.6, "2014-03-31": 10.3, "2013-12-31": 9.9, "2013-09-30": "4.80000", "2013-06-30": 6, "2013-03-31": 8.2, "2012-12-31": 8.4, "2012-09-30": "4.50000", "2012-06-30": 6.7, "2012-03-31": 7.8, "2011-12-31": 8.3, "2011-09-30": "5.50000", "2011-06-30": 6.8, "2011-03-31": 8.3, "2010-12-31": 8.7, "2010-09-30": "6.20000", "2010-06-30": 6.3, "2010-03-31": 7.7, "2009-12-31": 7.5, "2009-09-30": "5.80000", "2009-06-30": 7, "2009-03-31": 6.3, "2008-12-31": 9.6, "2008-09-30": "5.70000", "2008-06-30": 9.6, "2008-03-31": 9.1, "2007-12-31": 9.4, "2007-09-30": "5.60000", "2007-06-30": 6, "2007-03-31": 6.2, "2006-12-31": 6.4, "2006-09-30": "5.70000", "2006-03-31": 17.5}, "Common Stock Dividends Paid": {"2020-12-31": -66.3, "2020-09-30": "-62.20000", "2020-06-30": -61.8, "2020-03-31": -62, "2019-12-31": -61.8, "2019-09-30": "-55.40000", "2019-06-30": -56.1, "2019-03-31": -56.1, "2018-12-31": -56.5, "2018-09-30": "-42.50000", "2018-06-30": -42.8, "2018-03-31": -42.6, "2017-12-31": -42.5, "2017-09-30": "-37.90000", "2017-06-30": -38.6, "2017-03-31": -39.6, "2016-12-31": -38.5, "2016-09-30": "-35.50000", "2016-06-30": -35.2, "2016-03-31": -35.6, "2015-12-31": -35.4, "2015-09-30": "-32.00000", "2015-06-30": -32.2, "2015-03-31": -32.5, "2014-12-31": -32.4, "2014-09-30": "-25.20000", "2014-06-30": -25.2, "2014-03-31": -25, "2013-12-31": -25, "2013-09-30": "-21.50000", "2013-06-30": -21.6, "2013-03-31": -21.9, "2012-12-31": -22, "2012-09-30": "-20.30000", "2012-06-30": -19.9, "2012-03-31": -0.1, "2011-12-31": -39.6, "2011-09-30": "-18.50000", "2011-06-30": -18.4, "2011-03-31": -18.7, "2010-12-31": -18.9, "2010-09-30": "-18.80000", "2010-06-30": -19, "2010-03-31": -18.8, "2009-12-31": -19, "2009-09-30": "-9.80000", "2009-06-30": -9.8, "2009-03-31": -9.8, "2008-12-31": -9.9, "2008-09-30": "-8.40000", "2008-06-30": -8.4, "2008-03-31": -8.4, "2007-12-31": -8.4, "2007-09-30": "-8.40000", "2007-06-30": 0, "2007-03-31": 0, "2006-12-31": 0, "2006-09-30": "", "2006-03-31": 0}}, "financial ratios": {"Current Ratio": {"2020-06-30": "0.99030", "2019-06-30": "1.29870", "2018-06-30": "1.27510", "2017-06-30": "1.32850", "2016-06-30": "1.86040", "2015-06-30": "1.69270", "2014-06-30": "1.81790", "2013-06-30": "1.71890", "2012-06-30": "1.89470", "2011-06-30": "0.96000", "2010-06-30": "2.04030", "2009-06-30": "1.43490", "2008-06-30": "1.36310", "2007-06-30": "1.37200", "2006-06-30": "1.41970", "2005-06-30": ""}, "Long-term Debt / Capital": {"2020-06-30": "0.50750", "2019-06-30": "0.56600", "2018-06-30": "0.49050", "2017-06-30": "0.52330", "2016-06-30": "0.46000", "2015-06-30": "0.42630", "2014-06-30": "0.35270", "2013-06-30": "0.39130", "2012-06-30": "0.38140", "2011-06-30": "0.13490", "2010-06-30": "0.28650", "2009-06-30": "0.26280", "2008-06-30": "0.37520", "2007-06-30": "0.53770", "2006-06-30": "", "2005-06-30": ""}, "Debt/Equity Ratio": {"2020-06-30": "1.32750", "2019-06-30": "1.30410", "2018-06-30": "0.96260", "2017-06-30": "1.09790", "2016-06-30": "0.97130", "2015-06-30": "0.74300", "2014-06-30": "0.54500", "2013-06-30": "0.64280", "2012-06-30": "0.61660", "2011-06-30": "0.65760", "2010-06-30": "0.40160", "2009-06-30": "0.35650", "2008-06-30": "0.60060", "2007-06-30": "1.36870", "2006-06-30": "0.11110", "2005-06-30": ""}, "Gross Margin": {"2020-06-30": "27.90680", "2019-06-30": "28.20370", "2018-06-30": "26.84820", "2017-06-30": "24.97710", "2016-06-30": "31.79500", "2015-06-30": "32.14310", "2014-06-30": "31.14150", "2013-06-30": "27.27500", "2012-06-30": "25.54370", "2011-06-30": "25.37270", "2010-06-30": "26.83320", "2009-06-30": "27.15390", "2008-06-30": "27.36060", "2007-06-30": "25.71680", "2006-06-30": "25.87800", "2005-06-30": "25.85170"}, "Operating Margin": {"2020-06-30": "13.79770", "2019-06-30": "14.96490", "2018-06-30": "13.81090", "2017-06-30": "12.89050", "2016-06-30": "17.26610", "2015-06-30": "17.32980", "2014-06-30": "16.34870", "2013-06-30": "13.29600", "2012-06-30": "8.72150", "2011-06-30": "12.44640", "2010-06-30": "15.48520", "2009-06-30": "16.69080", "2008-06-30": "15.00380", "2007-06-30": "15.00540", "2006-06-30": "15.65720", "2005-06-30": "15.95130"}, "EBIT Margin": {"2020-06-30": "13.79770", "2019-06-30": "14.96490", "2018-06-30": "13.81090", "2017-06-30": "12.89050", "2016-06-30": "17.26610", "2015-06-30": "17.32980", "2014-06-30": "16.34870", "2013-06-30": "13.29600", "2012-06-30": "8.72150", "2011-06-30": "12.44640", "2010-06-30": "15.48520", "2009-06-30": "16.69080", "2008-06-30": "15.00380", "2007-06-30": "15.00540", "2006-06-30": "15.65720", "2005-06-30": "15.95130"}, "EBITDA Margin": {"2020-06-30": "20.40630", "2019-06-30": "20.92520", "2018-06-30": "18.70710", "2017-06-30": "17.28870", "2016-06-30": "21.44290", "2015-06-30": "21.20110", "2014-06-30": "20.15640", "2013-06-30": "17.13840", "2012-06-30": "12.71540", "2011-06-30": "15.78290", "2010-06-30": "18.06540", "2009-06-30": "19.28120", "2008-06-30": "17.27520", "2007-06-30": "17.92880", "2006-06-30": "19.50030", "2005-06-30": "19.97550"}, "Pre-Tax Profit Margin": {"2020-06-30": "12.79530", "2019-06-30": "13.92190", "2018-06-30": "12.95640", "2017-06-30": "11.78250", "2016-06-30": "16.18570", "2015-06-30": "16.29060", "2014-06-30": "15.46130", "2013-06-30": "13.29600", "2012-06-30": "8.72150", "2011-06-30": "12.44640", "2010-06-30": "15.48520", "2009-06-30": "16.69080", "2008-06-30": "15.00380", "2007-06-30": "15.00540", "2006-06-30": "15.65720", "2005-06-30": "15.95130"}, "Net Profit Margin": {"2020-06-30": "10.21200", "2019-06-30": "11.05180", "2018-06-30": "9.88240", "2017-06-30": "7.88880", "2016-06-30": "10.61440", "2015-06-30": "10.65620", "2014-06-30": "10.28150", "2013-06-30": "8.72550", "2012-06-30": "5.36570", "2011-06-30": "7.82690", "2010-06-30": "8.60040", "2009-06-30": "10.77180", "2008-06-30": "9.02010", "2007-06-30": "9.21930", "2006-06-30": "8.62260", "2005-06-30": "9.63250"}, "Asset Turnover": {"2020-06-30": "0.92620", "2019-06-30": "1.12410", "2018-06-30": "1.31020", "2017-06-30": "1.31520", "2016-06-30": "1.00850", "2015-06-30": "1.13770", "2014-06-30": "1.16690", "2013-06-30": "1.20440", "2012-06-30": "1.15890", "2011-06-30": "1.13810", "2010-06-30": "1.23120", "2009-06-30": "0.74710", "2008-06-30": "0.75200", "2007-06-30": "0.79830", "2006-06-30": "0.90570", "2005-06-30": ""}, "Inventory Turnover Ratio": {"2020-06-30": "", "2019-06-30": "", "2018-06-30": "", "2017-06-30": "", "2016-06-30": "", "2015-06-30": "", "2014-06-30": "", "2013-06-30": "", "2012-06-30": "", "2011-06-30": "", "2010-06-30": "", "2009-06-30": "", "2008-06-30": "", "2007-06-30": "", "2006-06-30": "", "2005-06-30": ""}, "Receiveable Turnover": {"2020-06-30": "6.36720", "2019-06-30": "6.56960", "2018-06-30": "7.04050", "2017-06-30": "7.02730", "2016-06-30": "6.38950", "2015-06-30": "6.06120", "2014-06-30": "6.02170", "2013-06-30": "5.49460", "2012-06-30": "6.21390", "2011-06-30": "5.32930", "2010-06-30": "6.23540", "2009-06-30": "5.44090", "2008-06-30": "1.19350", "2007-06-30": "1.22590", "2006-06-30": "1.55790", "2005-06-30": ""}, "Days Sales In Receivables": {"2020-06-30": "57.32490", "2019-06-30": "55.55910", "2018-06-30": "51.84300", "2017-06-30": "51.94020", "2016-06-30": "57.12500", "2015-06-30": "60.21920", "2014-06-30": "60.61450", "2013-06-30": "66.42920", "2012-06-30": "58.73910", "2011-06-30": "68.48910", "2010-06-30": "58.53680", "2009-06-30": "67.08390", "2008-06-30": "305.81680", "2007-06-30": "297.73300", "2006-06-30": "234.29630", "2005-06-30": ""}, "ROE - Return On Equity": {"2020-06-30": "34.34580", "2019-06-30": "42.75450", "2018-06-30": "39.09910", "2017-06-30": "32.55300", "2016-06-30": "29.41180", "2015-06-30": "30.94420", "2014-06-30": "27.34740", "2013-06-30": "25.99270", "2012-06-30": "14.69720", "2011-06-30": "21.54770", "2010-06-30": "27.89000", "2009-06-30": "24.54350", "2008-06-30": "25.26150", "2007-06-30": "37.11170", "2006-06-30": "17.30250", "2005-06-30": ""}, "Return On Tangible Equity": {"2020-06-30": "-50.72940", "2019-06-30": "-51.91130", "2018-06-30": "-65.35820", "2017-06-30": "-50.91140", "2016-06-30": "-187.27150", "2015-06-30": "-120.42790", "2014-06-30": "-1077.87300", "2013-06-30": "-255.54220", "2012-06-30": "-171.70330", "2011-06-30": "-200.93580", "2010-06-30": "89.50300", "2009-06-30": "56.08350", "2008-06-30": "81.41740", "2007-06-30": "1010.77700", "2006-06-30": "35.64380", "2005-06-30": ""}, "ROA - Return On Assets": {"2020-06-30": "9.45850", "2019-06-30": "12.42300", "2018-06-30": "12.94820", "2017-06-30": "10.37530", "2016-06-30": "10.70420", "2015-06-30": "12.12360", "2014-06-30": "11.99760", "2013-06-30": "10.50940", "2012-06-30": "6.28900", "2011-06-30": "9.02310", "2010-06-30": "12.54460", "2009-06-30": "8.04050", "2008-06-30": "6.64880", "2007-06-30": "7.35940", "2006-06-30": "8.45550", "2005-06-30": ""}, "ROI - Return On Investment": {"2020-06-30": "16.91600", "2019-06-30": "18.55730", "2018-06-30": "19.92360", "2017-06-30": "15.51830", "2016-06-30": "15.88160", "2015-06-30": "17.75290", "2014-06-30": "17.70090", "2013-06-30": "15.82250", "2012-06-30": "9.09160", "2011-06-30": "18.64150", "2010-06-30": "19.89920", "2009-06-30": "18.09260", "2008-06-30": "15.78290", "2007-06-30": "17.15700", "2006-06-30": "17.30250", "2005-06-30": ""}, "Book Value Per Share": {"2020-06-30": "11.69850", "2019-06-30": "9.86440", "2018-06-30": "9.40930", "2017-06-30": "8.61630", "2016-06-30": "8.83770", "2015-06-30": "7.84940", "2014-06-30": "8.04770", "2013-06-30": "6.85710", "2012-06-30": "6.81490", "2011-06-30": "6.44540", "2010-06-30": "6.24690", "2009-06-30": "6.52550", "2008-06-30": "5.31200", "2007-06-30": "3.81260", "2006-06-30": "", "2005-06-30": ""}, "Operating Cash Flow Per Share": {"2020-06-30": -0.0808, "2019-06-30": -0.5672, "2018-06-30": 1.4901, "2017-06-30": 0.6712, "2016-06-30": 0.1205, "2015-06-30": 0.3549, "2014-06-30": 0.9638, "2013-06-30": -0.1189, "2012-06-30": 0.7913, "2011-06-30": -1.1009, "2010-06-30": 0.6312, "2009-06-30": -0.2261, "2008-06-30": 1.029, "2007-06-30": -1.9152, "2006-06-30": 3.0036, "2005-06-30": 0.0663}, "Free Cash Flow Per Share": {"2020-06-30": -0.3133, "2019-06-30": -0.3652, "2018-06-30": 1.6182, "2017-06-30": 0.3509, "2016-06-30": 0.0318, "2015-06-30": 0.1474, "2014-06-30": 0.9437, "2013-06-30": -0.1584, "2012-06-30": 0.7538, "2011-06-30": -1.0215, "2010-06-30": 0.5134, "2009-06-30": -0.1217, "2008-06-30": 0.9642, "2007-06-30": -1.8947, "2006-06-30": 2.9942, "2005-06-30": -0.1736}}, "financial ratios, quarterly": {"Current Ratio": {"2020-12-31": "1.37070", "2020-09-30": "1.50560", "2020-06-30": "0.99030", "2020-03-31": "1.08450", "2019-12-31": "0.89850", "2019-09-30": "1.05210", "2019-06-30": "1.29870", "2019-03-31": "1.69510", "2018-12-31": "1.61630", "2018-09-30": "1.68830", "2018-06-30": "1.27510", "2018-03-31": "1.56780", "2017-12-31": "1.79390", "2017-09-30": "1.69720", "2017-06-30": "1.32850", "2017-03-31": "1.26220", "2016-12-31": "1.40930", "2016-09-30": "1.38020", "2016-06-30": "1.86040", "2016-03-31": "1.72680", "2015-12-31": "1.93320", "2015-09-30": "1.92620", "2015-06-30": "1.69270", "2015-03-31": "1.75620", "2014-12-31": "2.16960", "2014-09-30": "2.13080", "2014-06-30": "1.81790", "2014-03-31": "1.64920", "2013-12-31": "1.99830", "2013-09-30": "1.94200", "2013-06-30": "1.71890", "2013-03-31": "1.58350", "2012-12-31": "1.89780", "2012-09-30": "1.97990", "2012-06-30": "1.89470", "2012-03-31": "1.71020", "2011-12-31": "2.11070", "2011-09-30": "2.33410", "2011-06-30": "0.96000", "2011-03-31": "0.82520", "2010-12-31": "2.11400", "2010-09-30": "2.19060", "2010-06-30": "2.04030", "2010-03-31": "1.35370", "2009-12-31": "1.39400", "2009-09-30": "1.35090", "2009-06-30": "1.43490", "2009-03-31": "1.42070", "2008-12-31": "1.39470", "2008-09-30": "1.18670", "2008-06-30": "1.36310", "2008-03-31": "1.25130", "2007-12-31": "1.30280", "2007-09-30": "1.34160", "2007-06-30": "1.37200", "2007-03-31": "1.17990", "2006-12-31": "", "2006-09-30": "", "2006-03-31": ""}, "Long-term Debt / Capital": {"2020-12-31": "0.55250", "2020-09-30": "0.55680", "2020-06-30": "0.50750", "2020-03-31": "0.58280", "2019-12-31": "0.56290", "2019-09-30": "0.54490", "2019-06-30": "0.56600", "2019-03-31": "0.48130", "2018-12-31": "0.51540", "2018-09-30": "0.48100", "2018-06-30": "0.49050", "2018-03-31": "0.50870", "2017-12-31": "0.53240", "2017-09-30": "0.55460", "2017-06-30": "0.52330", "2017-03-31": "0.54780", "2016-12-31": "0.52310", "2016-09-30": "0.48770", "2016-06-30": "0.46000", "2016-03-31": "0.47590", "2015-12-31": "0.44490", "2015-09-30": "0.44280", "2015-06-30": "0.42630", "2015-03-31": "0.41180", "2014-12-31": "0.34790", "2014-09-30": "0.35060", "2014-06-30": "0.35270", "2014-03-31": "0.36830", "2013-12-31": "0.37930", "2013-09-30": "0.38470", "2013-06-30": "0.39130", "2013-03-31": "0.40490", "2012-12-31": "0.40100", "2012-09-30": "0.39910", "2012-06-30": "0.38140", "2012-03-31": "0.41340", "2011-12-31": "0.43120", "2011-09-30": "0.43670", "2011-06-30": "0.13490", "2011-03-31": "0.15210", "2010-12-31": "0.30790", "2010-09-30": "0.30910", "2010-06-30": "0.28650", "2010-03-31": "0.27440", "2009-12-31": "0.27680", "2009-09-30": "0.27190", "2009-06-30": "0.26280", "2009-03-31": "0.29020", "2008-12-31": "0.29770", "2008-09-30": "0.29640", "2008-06-30": "0.37520", "2008-03-31": "0.42970", "2007-12-31": "0.46160", "2007-09-30": "0.48520", "2007-06-30": "0.53770", "2007-03-31": "0.50840", "2006-12-31": "", "2006-09-30": "", "2006-03-31": ""}, "Debt/Equity Ratio": {"2020-12-31": "1.23470", "2020-09-30": "1.25630", "2020-06-30": "1.32750", "2020-03-31": "1.72950", "2019-12-31": "1.64280", "2019-09-30": "1.54640", "2019-06-30": "1.30410", "2019-03-31": "0.92790", "2018-12-31": "1.06370", "2018-09-30": "0.92680", "2018-06-30": "0.96260", "2018-03-31": "1.03550", "2017-12-31": "1.13850", "2017-09-30": "1.24520", "2017-06-30": "1.09790", "2017-03-31": "1.34420", "2016-12-31": "1.22340", "2016-09-30": "1.07100", "2016-06-30": "0.97130", "2016-03-31": "0.90790", "2015-12-31": "0.80140", "2015-09-30": "0.79460", "2015-06-30": "0.74300", "2015-03-31": "0.70020", "2014-12-31": "0.53350", "2014-09-30": "0.53990", "2014-06-30": "0.54500", "2014-03-31": "0.58300", "2013-12-31": "0.61120", "2013-09-30": "0.62530", "2013-06-30": "0.64280", "2013-03-31": "0.68030", "2012-12-31": "0.66940", "2012-09-30": "0.66420", "2012-06-30": "0.61660", "2012-03-31": "0.70470", "2011-12-31": "0.75820", "2011-09-30": "0.77510", "2011-06-30": "0.65760", "2011-03-31": "0.81500", "2010-12-31": "0.44490", "2010-09-30": "0.44740", "2010-06-30": "0.40160", "2010-03-31": "0.37820", "2009-12-31": "0.38280", "2009-09-30": "0.37350", "2009-06-30": "0.35650", "2009-03-31": "0.40990", "2008-12-31": "0.42390", "2008-09-30": "0.73060", "2008-06-30": "0.60060", "2008-03-31": "0.81270", "2007-12-31": "1.55590", "2007-09-30": "1.13480", "2007-06-30": "1.36870", "2007-03-31": "1.81200", "2006-12-31": "", "2006-09-30": "", "2006-03-31": ""}, "Gross Margin": {"2020-12-31": "23.54730", "2020-09-30": "22.63610", "2020-06-30": "35.07120", "2020-03-31": "30.19440", "2019-12-31": "19.38680", "2019-09-30": "23.30800", "2019-06-30": "32.99210", "2019-03-31": "30.82140", "2018-12-31": "23.01240", "2018-09-30": "24.03370", "2018-06-30": "34.14120", "2018-03-31": "25.13290", "2017-12-31": "24.04230", "2017-09-30": "21.49650", "2017-06-30": "32.49370", "2017-03-31": "23.31250", "2016-12-31": "20.70360", "2016-09-30": "19.81460", "2016-06-30": "39.84200", "2016-03-31": "29.36990", "2015-12-31": "27.29690", "2015-09-30": "26.24850", "2015-06-30": "40.28620", "2015-03-31": "28.63450", "2014-12-31": "27.94990", "2014-09-30": "26.86220", "2014-06-30": "37.78080", "2014-03-31": "29.47390", "2013-12-31": "26.02770", "2013-09-30": "27.09100", "2013-06-30": "34.80520", "2013-03-31": "26.09680", "2012-12-31": "21.41120", "2012-09-30": "21.33930", "2012-06-30": "33.91230", "2012-03-31": "23.07130", "2011-12-31": "20.25840", "2011-09-30": "19.64740", "2011-06-30": "33.34620", "2011-03-31": "22.86090", "2010-12-31": "19.37600", "2010-09-30": "20.12340", "2010-06-30": "33.73750", "2010-03-31": "22.39200", "2009-12-31": "24.54220", "2009-09-30": "22.75220", "2009-06-30": "34.00060", "2009-03-31": "22.94590", "2008-12-31": "24.98290", "2008-09-30": "23.15830", "2008-06-30": "32.26210", "2008-03-31": "23.19570", "2007-12-31": "25.67190", "2007-09-30": "25.93090", "2007-06-30": "30.56740", "2007-03-31": "23.88390", "2006-12-31": "22.74520", "2006-09-30": "22.15410", "2006-03-31": "22.66370"}, "Operating Margin": {"2020-12-31": "7.52680", "2020-09-30": "7.72560", "2020-06-30": "21.93420", "2020-03-31": "18.10550", "2019-12-31": "2.76660", "2019-09-30": "7.70610", "2019-06-30": "19.88940", "2019-03-31": "19.07250", "2018-12-31": "8.20220", "2018-09-30": "10.28990", "2018-06-30": "20.15300", "2018-03-31": "12.20260", "2017-12-31": "11.43370", "2017-09-30": "9.22360", "2017-06-30": "22.24700", "2017-03-31": "10.87320", "2016-12-31": "6.58750", "2016-09-30": "7.38300", "2016-06-30": "27.74470", "2016-03-31": "14.60510", "2015-12-31": "10.98760", "2015-09-30": "9.92100", "2015-06-30": "28.15190", "2015-03-31": "14.03340", "2014-12-31": "10.28540", "2014-09-30": "10.27350", "2014-06-30": "25.88330", "2014-03-31": "12.68350", "2013-12-31": "8.20210", "2013-09-30": "12.71090", "2013-06-30": "23.37300", "2013-03-31": "11.73920", "2012-12-31": "5.00810", "2012-09-30": "5.76850", "2012-06-30": "16.90610", "2012-03-31": "5.26510", "2011-12-31": "2.20920", "2011-09-30": "5.49960", "2011-06-30": "23.34750", "2011-03-31": "9.69460", "2010-12-31": "3.73050", "2010-09-30": "4.95970", "2010-06-30": "24.34380", "2010-03-31": "9.86150", "2009-12-31": "12.93190", "2009-09-30": "9.69880", "2009-06-30": "26.39410", "2009-03-31": "11.75330", "2008-12-31": "11.13140", "2008-09-30": "12.32010", "2008-06-30": "23.04040", "2008-03-31": "9.70330", "2007-12-31": "10.16990", "2007-09-30": "13.09840", "2007-06-30": "20.48600", "2007-03-31": "14.18430", "2006-12-31": "10.66540", "2006-09-30": "10.54310", "2006-03-31": "12.38620"}, "EBIT Margin": {"2020-12-31": "7.52680", "2020-09-30": "7.72560", "2020-06-30": "21.93420", "2020-03-31": "18.10550", "2019-12-31": "2.76660", "2019-09-30": "7.70610", "2019-06-30": "19.88940", "2019-03-31": "19.07250", "2018-12-31": "8.20220", "2018-09-30": "10.28990", "2018-06-30": "20.15300", "2018-03-31": "12.20260", "2017-12-31": "11.43370", "2017-09-30": "9.22360", "2017-06-30": "22.24700", "2017-03-31": "10.87320", "2016-12-31": "6.58750", "2016-09-30": "7.38300", "2016-06-30": "27.74470", "2016-03-31": "14.60510", "2015-12-31": "10.98760", "2015-09-30": "9.92100", "2015-06-30": "28.15190", "2015-03-31": "14.03340", "2014-12-31": "10.28540", "2014-09-30": "10.27350", "2014-06-30": "25.88330", "2014-03-31": "12.68350", "2013-12-31": "8.20210", "2013-09-30": "12.71090", "2013-06-30": "23.37300", "2013-03-31": "11.73920", "2012-12-31": "5.00810", "2012-09-30": "5.76850", "2012-06-30": "16.90620", "2012-03-31": "5.26510", "2011-12-31": "2.20920", "2011-09-30": "5.49960", "2011-06-30": "23.34750", "2011-03-31": "9.69460", "2010-12-31": "3.73050", "2010-09-30": "4.95970", "2010-06-30": "24.34380", "2010-03-31": "9.86150", "2009-12-31": "12.93190", "2009-09-30": "9.69880", "2009-06-30": "26.39410", "2009-03-31": "11.75330", "2008-12-31": "11.13140", "2008-09-30": "12.32010", "2008-06-30": "23.04040", "2008-03-31": "9.70330", "2007-12-31": "10.16990", "2007-09-30": "13.09840", "2007-06-30": "20.48600", "2007-03-31": "14.18430", "2006-12-31": "10.66540", "2006-09-30": "10.54310", "2006-03-31": "12.38620"}, "EBITDA Margin": {"2020-12-31": "", "2020-09-30": "", "2020-06-30": "", "2020-03-31": "", "2019-12-31": "", "2019-09-30": "", "2019-06-30": "", "2019-03-31": "", "2018-12-31": "", "2018-09-30": "", "2018-06-30": "", "2018-03-31": "", "2017-12-31": "", "2017-09-30": "", "2017-06-30": "", "2017-03-31": "", "2016-12-31": "", "2016-09-30": "", "2016-06-30": "", "2016-03-31": "", "2015-12-31": "", "2015-09-30": "", "2015-06-30": "", "2015-03-31": "", "2014-12-31": "", "2014-09-30": "", "2014-06-30": "", "2014-03-31": "", "2013-12-31": "", "2013-09-30": "", "2013-06-30": "", "2013-03-31": "", "2012-12-31": "", "2012-09-30": "", "2012-06-30": "", "2012-03-31": "", "2011-12-31": "", "2011-09-30": "", "2011-06-30": "", "2011-03-31": "", "2010-12-31": "", "2010-09-30": "", "2010-06-30": "", "2010-03-31": "", "2009-12-31": "", "2009-09-30": "", "2009-06-30": "", "2009-03-31": "", "2008-12-31": "", "2008-09-30": "", "2008-06-30": "", "2008-03-31": "", "2007-12-31": "", "2007-09-30": "", "2007-06-30": "", "2007-03-31": "", "2006-12-31": "", "2006-09-30": "", "2006-03-31": ""}, "Pre-Tax Profit Margin": {"2020-12-31": "6.57880", "2020-09-30": "7.23410", "2020-06-30": "21.64050", "2020-03-31": "16.84140", "2019-12-31": "1.08390", "2019-09-30": "6.72570", "2019-06-30": "18.99770", "2019-03-31": "18.25600", "2018-12-31": "6.74430", "2018-09-30": "9.17970", "2018-06-30": "19.53950", "2018-03-31": "11.68020", "2017-12-31": "10.21920", "2017-09-30": "8.03420", "2017-06-30": "21.14730", "2017-03-31": "10.53620", "2016-12-31": "5.11990", "2016-09-30": "5.75230", "2016-06-30": "26.93410", "2016-03-31": "13.55980", "2015-12-31": "9.59460", "2015-09-30": "8.69350", "2015-06-30": "27.47420", "2015-03-31": "12.91390", "2014-12-31": "8.98020", "2014-09-30": "8.99600", "2014-06-30": "23.32090", "2014-03-31": "12.68350", "2013-12-31": "8.20210", "2013-09-30": "12.71090", "2013-06-30": "23.37300", "2013-03-31": "11.73920", "2012-12-31": "5.00810", "2012-09-30": "5.76850", "2012-06-30": "16.90620", "2012-03-31": "5.26510", "2011-12-31": "2.20930", "2011-09-30": "5.49960", "2011-06-30": "23.34750", "2011-03-31": "9.69460", "2010-12-31": "3.73050", "2010-09-30": "4.95970", "2010-06-30": "24.34380", "2010-03-31": "9.86150", "2009-12-31": "12.93190", "2009-09-30": "9.69880", "2009-06-30": "26.39410", "2009-03-31": "11.75330", "2008-12-31": "11.13140", "2008-09-30": "12.32010", "2008-06-30": "23.04040", "2008-03-31": "9.70330", "2007-12-31": "10.16990", "2007-09-30": "13.09840", "2007-06-30": "20.48600", "2007-03-31": "14.18430", "2006-12-31": "10.66540", "2006-09-30": "10.54310", "2006-03-31": "12.38620"}, "Net Profit Margin": {"2020-12-31": "5.33700", "2020-09-30": "6.46750", "2020-06-30": "16.86740", "2020-03-31": "13.34510", "2019-12-31": "1.04260", "2019-09-30": "5.89290", "2019-06-30": "15.13380", "2019-03-31": "14.05940", "2018-12-31": "5.23390", "2018-09-30": "7.88450", "2018-06-30": "15.66190", "2018-03-31": "10.17820", "2017-12-31": "6.13150", "2017-09-30": "5.39580", "2017-06-30": "13.90250", "2017-03-31": "7.52300", "2016-12-31": "3.37220", "2016-09-30": "3.76410", "2016-06-30": "17.45330", "2016-03-31": "9.24800", "2015-12-31": "6.29210", "2015-09-30": "5.63310", "2015-06-30": "17.84640", "2015-03-31": "8.51470", "2014-12-31": "6.03900", "2014-09-30": "5.84740", "2014-06-30": "15.82570", "2014-03-31": "8.37870", "2013-12-31": "5.30160", "2013-09-30": "8.14380", "2013-06-30": "15.55890", "2013-03-31": "7.52560", "2012-12-31": "3.20360", "2012-09-30": "3.69100", "2012-06-30": "10.42110", "2012-03-31": "3.05300", "2011-12-31": "1.41730", "2011-09-30": "3.50550", "2011-06-30": "14.97230", "2011-03-31": "5.63460", "2010-12-31": "2.35130", "2010-09-30": "3.15610", "2010-06-30": "14.00400", "2010-03-31": "5.07330", "2009-12-31": "6.34320", "2009-09-30": "6.02460", "2009-06-30": "16.71430", "2009-03-31": "8.82040", "2008-12-31": "6.83430", "2008-09-30": "7.53600", "2008-06-30": "13.66490", "2008-03-31": "5.91420", "2007-12-31": "6.21370", "2007-09-30": "7.97870", "2007-06-30": "12.75690", "2007-03-31": "8.50240", "2006-12-31": "6.49200", "2006-09-30": "6.47580", "2006-03-31": "7.45840"}, "Asset Turnover": {"2020-12-31": "0.21710", "2020-09-30": "0.21420", "2020-06-30": "0.27850", "2020-03-31": "0.25440", "2019-12-31": "0.22090", "2019-09-30": "0.22480", "2019-06-30": "0.31210", "2019-03-31": "0.34000", "2018-12-31": "0.28400", "2018-09-30": "0.28770", "2018-06-30": "0.39960", "2018-03-31": "0.30760", "2017-12-31": "0.31160", "2017-09-30": "0.28680", "2017-06-30": "0.42730", "2017-03-31": "0.31120", "2016-12-31": "0.30080", "2016-09-30": "0.30430", "2016-06-30": "0.33930", "2016-03-31": "0.27290", "2015-12-31": "0.27150", "2015-09-30": "0.25860", "2015-06-30": "0.39260", "2015-03-31": "0.27800", "2014-12-31": "0.27360", "2014-09-30": "0.26740", "2014-06-30": "0.40410", "2014-03-31": "0.28470", "2013-12-31": "0.26850", "2013-09-30": "0.28590", "2013-06-30": "0.42860", "2013-03-31": "0.30010", "2012-12-31": "0.26570", "2012-09-30": "0.27090", "2012-06-30": "0.40260", "2012-03-31": "0.27160", "2011-12-31": "0.25290", "2011-09-30": "0.24720", "2011-06-30": "0.40760", "2011-03-31": "0.28440", "2010-12-31": "0.29190", "2010-09-30": "0.27740", "2010-06-30": "0.41820", "2010-03-31": "0.17140", "2009-12-31": "0.19650", "2009-09-30": "0.15180", "2009-06-30": "0.25210", "2009-03-31": "0.18970", "2008-12-31": "0.18210", "2008-09-30": "0.12800", "2008-06-30": "0.25260", "2008-03-31": "0.15410", "2007-12-31": "0.15980", "2007-09-30": "0.17520", "2007-06-30": "0.28890", "2007-03-31": "0.21180", "2006-12-31": "", "2006-09-30": "", "2006-03-31": ""}, "Inventory Turnover Ratio": {"2020-12-31": "", "2020-09-30": "", "2020-06-30": "", "2020-03-31": "", "2019-12-31": "", "2019-09-30": "", "2019-06-30": "", "2019-03-31": "", "2018-12-31": "", "2018-09-30": "", "2018-06-30": "", "2018-03-31": "", "2017-12-31": "", "2017-09-30": "", "2017-06-30": "", "2017-03-31": "", "2016-12-31": "", "2016-09-30": "", "2016-06-30": "", "2016-03-31": "", "2015-12-31": "", "2015-09-30": "", "2015-06-30": "", "2015-03-31": "", "2014-12-31": "", "2014-09-30": "", "2014-06-30": "", "2014-03-31": "", "2013-12-31": "", "2013-09-30": "", "2013-06-30": "", "2013-03-31": "", "2012-12-31": "", "2012-09-30": "", "2012-06-30": "", "2012-03-31": "", "2011-12-31": "", "2011-09-30": "", "2011-06-30": "", "2011-03-31": "", "2010-12-31": "", "2010-09-30": "", "2010-06-30": "", "2010-03-31": "", "2009-12-31": "", "2009-09-30": "", "2009-06-30": "", "2009-03-31": "", "2008-12-31": "", "2008-09-30": "", "2008-06-30": "", "2008-03-31": "", "2007-12-31": "", "2007-09-30": "", "2007-06-30": "", "2007-03-31": "", "2006-12-31": "", "2006-09-30": "", "2006-03-31": ""}, "Receiveable Turnover": {"2020-12-31": "1.68780", "2020-09-30": "1.64340", "2020-06-30": "1.91450", "2020-03-31": "1.53420", "2019-12-31": "1.57260", "2019-09-30": "1.57920", "2019-06-30": "1.82410", "2019-03-31": "1.54490", "2018-12-31": "1.56960", "2018-09-30": "1.49640", "2018-06-30": "2.14700", "2018-03-31": "1.50110", "2017-12-31": "1.76110", "2017-09-30": "1.48110", "2017-06-30": "2.28300", "2017-03-31": "1.52590", "2016-12-31": "1.73150", "2016-09-30": "1.79280", "2016-06-30": "2.14950", "2016-03-31": "1.36720", "2015-12-31": "1.55910", "2015-09-30": "1.44770", "2015-06-30": "2.09130", "2015-03-31": "1.30390", "2014-12-31": "1.56740", "2014-09-30": "1.53920", "2014-06-30": "2.08550", "2014-03-31": "1.42220", "2013-12-31": "1.54940", "2013-09-30": "1.46480", "2013-06-30": "1.95550", "2013-03-31": "1.39910", "2012-12-31": "1.61600", "2012-09-30": "1.54260", "2012-06-30": "2.15890", "2012-03-31": "1.40800", "2011-12-31": "1.61770", "2011-09-30": "1.45020", "2011-06-30": "1.90880", "2011-03-31": "1.33340", "2010-12-31": "1.51840", "2010-09-30": "1.43480", "2010-06-30": "2.11830", "2010-03-31": "1.38450", "2009-12-31": "1.68370", "2009-09-30": "0.27550", "2009-06-30": "1.83570", "2009-03-31": "0.40500", "2008-12-31": "0.36060", "2008-09-30": "0.19780", "2008-06-30": "0.40090", "2008-03-31": "0.24010", "2007-12-31": "0.23270", "2007-09-30": "0.27100", "2007-06-30": "0.44370", "2007-03-31": "0.37570", "2006-12-31": "", "2006-09-30": "", "2006-03-31": ""}, "Days Sales In Receivables": {"2020-12-31": "53.32260", "2020-09-30": "54.76610", "2020-06-30": "47.00910", "2020-03-31": "58.66310", "2019-12-31": "57.23130", "2019-09-30": "56.99240", "2019-06-30": "49.33950", "2019-03-31": "58.25600", "2018-12-31": "57.33800", "2018-09-30": "60.14490", "2018-06-30": "41.91910", "2018-03-31": "59.95800", "2017-12-31": "51.10490", "2017-09-30": "60.76560", "2017-06-30": "39.42270", "2017-03-31": "58.98310", "2016-12-31": "51.97740", "2016-09-30": "50.20220", "2016-06-30": "41.86950", "2016-03-31": "65.82750", "2015-12-31": "57.72730", "2015-09-30": "62.16920", "2015-06-30": "43.03460", "2015-03-31": "69.02550", "2014-12-31": "57.42080", "2014-09-30": "58.47250", "2014-06-30": "43.15610", "2014-03-31": "63.28060", "2013-12-31": "58.08680", "2013-09-30": "61.44170", "2013-06-30": "46.02470", "2013-03-31": "64.32810", "2012-12-31": "55.69340", "2012-09-30": "58.34210", "2012-06-30": "41.68810", "2012-03-31": "63.92140", "2011-12-31": "55.63570", "2011-09-30": "62.05920", "2011-06-30": "47.15110", "2011-03-31": "67.49570", "2010-12-31": "59.27430", "2010-09-30": "62.72660", "2010-06-30": "42.48770", "2010-03-31": "65.00610", "2009-12-31": "53.45290", "2009-09-30": "326.72750", "2009-06-30": "49.02770", "2009-03-31": "222.21480", "2008-12-31": "249.55200", "2008-09-30": "455.01060", "2008-06-30": "224.50330", "2008-03-31": "374.77750", "2007-12-31": "386.68460", "2007-09-30": "332.07450", "2007-06-30": "202.85770", "2007-03-31": "239.55560", "2006-12-31": "", "2006-09-30": "", "2006-03-31": ""}, "ROE - Return On Equity": {"2020-12-31": "3.92580", "2020-09-30": "4.65410", "2020-06-30": "17.05780", "2020-03-31": "13.87000", "2019-12-31": "0.89750", "2019-09-30": "4.88810", "2019-06-30": "16.25580", "2019-03-31": "13.60400", "2018-12-31": "4.44500", "2018-09-30": "6.21560", "2018-06-30": "18.89620", "2018-03-31": "9.38980", "2017-12-31": "5.78160", "2017-09-30": "4.80780", "2017-06-30": "18.63730", "2017-03-31": "8.05390", "2016-12-31": "3.05300", "2016-09-30": "3.20530", "2016-06-30": "16.26970", "2016-03-31": "7.05740", "2015-12-31": "4.26930", "2015-09-30": "3.62440", "2015-06-30": "17.88100", "2015-03-31": "6.00870", "2014-12-31": "3.53110", "2014-09-30": "3.34710", "2014-06-30": "14.57840", "2014-03-31": "5.65140", "2013-12-31": "3.21870", "2013-09-30": "5.29830", "2013-06-30": "16.49510", "2013-03-31": "5.62910", "2012-12-31": "2.01690", "2012-09-30": "2.31790", "2012-06-30": "9.80600", "2012-03-31": "2.26020", "2011-12-31": "0.86760", "2011-09-30": "2.10730", "2011-06-30": "14.46130", "2011-03-31": "4.70890", "2010-12-31": "1.45460", "2010-09-30": "1.83550", "2010-06-30": "14.39720", "2010-03-31": "3.59390", "2009-12-31": "6.08240", "2009-09-30": "3.06560", "2009-06-30": "12.79430", "2009-03-31": "5.20010", "2008-12-31": "3.92460", "2008-09-30": "4.62820", "2008-06-30": "12.60390", "2008-03-31": "4.60360", "2007-12-31": "4.73930", "2007-09-30": "6.36940", "2007-06-30": "18.58410", "2007-03-31": "9.84720", "2006-12-31": "", "2006-09-30": "", "2006-03-31": ""}, "Return On Tangible Equity": {"2020-12-31": "-6.91140", "2020-09-30": "-7.75850", "2020-06-30": "-25.19470", "2020-03-31": "-14.98250", "2019-12-31": "-0.88090", "2019-09-30": "-6.22220", "2019-06-30": "-19.73730", "2019-03-31": "-41.18630", "2018-12-31": "-8.64820", "2018-09-30": "-15.50120", "2018-06-30": "-31.58700", "2018-03-31": "-19.48910", "2017-12-31": "-10.64820", "2017-09-30": "-8.18970", "2017-06-30": "-29.14780", "2017-03-31": "-10.79510", "2016-12-31": "-4.70530", "2016-09-30": "-5.83850", "2016-06-30": "-103.59310", "2016-03-31": "-25.23770", "2015-12-31": "-17.86670", "2015-09-30": "-14.32240", "2015-06-30": "-69.58900", "2015-03-31": "-42.38620", "2014-12-31": "-212.88440", "2014-09-30": "-560.35780", "2014-06-30": "-574.59240", "2014-03-31": "-54.74130", "2013-12-31": "-36.17300", "2013-09-30": "-45.96280", "2013-06-30": "-162.16870", "2013-03-31": "-33.72180", "2012-12-31": "-12.53970", "2012-09-30": "-14.35290", "2012-06-30": "-114.56040", "2012-03-31": "-12.70180", "2011-12-31": "-4.08650", "2011-09-30": "-10.07240", "2011-06-30": "-134.85390", "2011-03-31": "-17.42380", "2010-12-31": "13.96570", "2010-09-30": "14.07410", "2010-06-30": "46.20280", "2010-03-31": "9.30230", "2009-12-31": "15.48410", "2009-09-30": "8.43640", "2009-06-30": "29.23580", "2009-03-31": "14.07100", "2008-12-31": "11.48550", "2008-09-30": "14.28000", "2008-06-30": "40.62230", "2008-03-31": "23.75200", "2007-12-31": "31.82820", "2007-09-30": "75.31390", "2007-06-30": "506.15790", "2007-03-31": "-47.83110", "2006-12-31": "", "2006-09-30": "", "2006-03-31": ""}, "ROA - Return On Assets": {"2020-12-31": "1.15880", "2020-09-30": "1.38540", "2020-06-30": "4.69750", "2020-03-31": "3.39470", "2019-12-31": "0.23040", "2019-09-30": "1.32460", "2019-06-30": "4.72340", "2019-03-31": "4.78050", "2018-12-31": "1.48620", "2018-09-30": "2.26810", "2018-06-30": "6.25780", "2018-03-31": "3.13080", "2017-12-31": "1.91080", "2017-09-30": "1.54750", "2017-06-30": "5.94010", "2017-03-31": "2.34110", "2016-12-31": "1.01440", "2016-09-30": "1.14540", "2016-06-30": "5.92130", "2016-03-31": "2.52380", "2015-12-31": "1.70800", "2015-09-30": "1.45680", "2015-06-30": "7.00560", "2015-03-31": "2.36720", "2014-12-31": "1.65250", "2014-09-30": "1.56360", "2014-06-30": "6.39570", "2014-03-31": "2.38510", "2013-12-31": "1.42340", "2013-09-30": "2.32800", "2013-06-30": "6.66930", "2013-03-31": "2.25820", "2012-12-31": "0.85120", "2012-09-30": "0.99970", "2012-06-30": "4.19600", "2012-03-31": "0.89860", "2011-12-31": "0.35850", "2011-09-30": "0.86650", "2011-06-30": "6.05570", "2011-03-31": "1.75890", "2010-12-31": "0.69970", "2010-09-30": "0.87540", "2010-06-30": "6.47570", "2010-03-31": "1.07550", "2009-12-31": "1.91050", "2009-09-30": "0.92160", "2009-06-30": "4.19140", "2009-03-31": "1.68560", "2008-12-31": "1.24860", "2008-09-30": "0.96460", "2008-06-30": "3.31730", "2008-03-31": "0.91130", "2007-12-31": "0.99270", "2007-09-30": "1.39810", "2007-06-30": "3.68530", "2007-03-31": "1.80110", "2006-12-31": "", "2006-09-30": "", "2006-03-31": ""}, "ROI - Return On Investment": {"2020-12-31": "1.75690", "2020-09-30": "2.06280", "2020-06-30": "8.40130", "2020-03-31": "5.78680", "2019-12-31": "0.39230", "2019-09-30": "2.22510", "2019-06-30": "7.05570", "2019-03-31": "7.05740", "2018-12-31": "2.15390", "2018-09-30": "3.22580", "2018-06-30": "9.62890", "2018-03-31": "4.61330", "2017-12-31": "2.70390", "2017-09-30": "2.14140", "2017-06-30": "8.88460", "2017-03-31": "3.64220", "2016-12-31": "1.45630", "2016-09-30": "1.64210", "2016-06-30": "8.78530", "2016-03-31": "3.69900", "2015-12-31": "2.37030", "2015-09-30": "2.01980", "2015-06-30": "10.25850", "2015-03-31": "3.53400", "2014-12-31": "2.30260", "2014-09-30": "2.17360", "2014-06-30": "9.43600", "2014-03-31": "3.56990", "2013-12-31": "1.99770", "2013-09-30": "3.25990", "2013-06-30": "10.04100", "2013-03-31": "3.35010", "2012-12-31": "1.20810", "2012-09-30": "1.39280", "2012-06-30": "6.06590", "2012-03-31": "1.32590", "2011-12-31": "0.49340", "2011-09-30": "1.18710", "2011-06-30": "12.51090", "2011-03-31": "3.99270", "2010-12-31": "1.00670", "2010-09-30": "1.26810", "2010-06-30": "10.27230", "2010-03-31": "2.60770", "2009-12-31": "4.39870", "2009-09-30": "2.23190", "2009-06-30": "9.43150", "2009-03-31": "3.69080", "2008-12-31": "2.75630", "2008-09-30": "3.25650", "2008-06-30": "7.87470", "2008-03-31": "2.62550", "2007-12-31": "2.55170", "2007-09-30": "3.27900", "2007-06-30": "8.59160", "2007-03-31": "4.84110", "2006-12-31": "", "2006-09-30": "", "2006-03-31": ""}, "Book Value Per Share": {"2020-12-31": "12.38340", "2020-09-30": "12.23010", "2020-06-30": "11.69850", "2020-03-31": "10.50220", "2019-12-31": "9.80310", "2019-09-30": "9.97730", "2019-06-30": "9.86440", "2019-03-31": "10.92920", "2018-12-31": "9.70270", "2018-09-30": "10.56510", "2018-06-30": "9.40930", "2018-03-31": "9.90450", "2017-12-31": "9.21100", "2017-09-30": "8.90900", "2017-06-30": "8.61630", "2017-03-31": "8.04700", "2016-12-31": "8.34010", "2016-09-30": "8.82700", "2016-06-30": "8.83770", "2016-03-31": "7.68170", "2015-12-31": "7.94510", "2015-09-30": "7.81230", "2015-06-30": "7.84940", "2015-03-31": "7.54580", "2014-12-31": "8.15520", "2014-09-30": "8.09170", "2014-06-30": "8.04770", "2014-03-31": "7.49710", "2013-12-31": "7.19380", "2013-09-30": "7.03610", "2013-06-30": "6.85710", "2013-03-31": "6.40370", "2012-12-31": "6.43190", "2012-09-30": "6.46600", "2012-06-30": "6.81490", "2012-03-31": "6.45290", "2011-12-31": "6.33120", "2011-09-30": "6.41180", "2011-06-30": "6.44540", "2011-03-31": "5.66070", "2010-12-31": "5.83430", "2010-09-30": "5.80140", "2010-06-30": "6.24690", "2010-03-31": "6.35760", "2009-12-31": "6.29050", "2009-09-30": "6.35680", "2009-06-30": "6.52550", "2009-03-31": "5.65520", "2008-12-31": "5.44440", "2008-09-30": "5.43990", "2008-06-30": "5.31200", "2008-03-31": "4.57710", "2007-12-31": "4.35570", "2007-09-30": "4.05450", "2007-06-30": "3.81260", "2007-03-31": "3.06560", "2006-12-31": "", "2006-09-30": "", "2006-03-31": ""}, "Operating Cash Flow Per Share": {"2020-12-31": 1.0836, "2020-09-30": "-0.37650", "2020-06-30": 3.7829, "2020-03-31": 1.2318, "2019-12-31": 0.8359, "2019-09-30": "-0.73780", "2019-06-30": 3.3548, "2019-03-31": 1.1495, "2018-12-31": 1.4871, "2018-09-30": "-0.79780", "2018-06-30": 3.4878, "2018-03-31": 1.0943, "2017-12-31": 1.9575, "2017-09-30": "-0.77880", "2017-06-30": 2.9277, "2017-03-31": 1.3883, "2016-12-31": 0.6735, "2016-09-30": "-0.71880", "2016-06-30": 2.2758, "2016-03-31": 0.9745, "2015-12-31": 0.5513, "2015-09-30": "-0.20210", "2015-06-30": 2.2262, "2015-03-31": 0.6837, "2014-12-31": 0.4311, "2014-09-30": "0.13800", "2014-06-30": 1.6225, "2014-03-31": 0.7691, "2013-12-31": 0.7764, "2013-09-30": "-0.04390", "2013-06-30": 1.5819, "2013-03-31": -0.0073, "2012-12-31": 0.7084, "2012-09-30": "-0.12270", "2012-06-30": 1.47, "2012-03-31": 0.1166, "2011-12-31": 0.5087, "2011-09-30": "0.18390", "2011-06-30": 1.1845, "2011-03-31": 0.0941, "2010-12-31": 0.3983, "2010-09-30": "-0.18900", "2010-06-30": 1.2862, "2010-03-31": 0.451, "2009-12-31": 0.6386, "2009-09-30": "0.21300", "2009-06-30": 1.0313, "2009-03-31": 0.2702, "2008-12-31": 2.3882, "2008-09-30": "-1.73210", "2008-06-30": -1.0682, "2008-03-31": 4.3356, "2007-12-31": -1.9406, "2007-09-30": "0.85690", "2007-06-30": 0.61, "2007-03-31": -1.018, "2006-12-31": 1.2911, "2006-09-30": "0.27160", "2006-03-31": 2.3919}, "Free Cash Flow Per Share": {"2020-12-31": 0.8563, "2020-09-30": "-0.42760", "2020-06-30": 3.5675, "2020-03-31": 0.9705, "2019-12-31": 0.6424, "2019-09-30": "-0.91120", "2019-06-30": 3.1352, "2019-03-31": 1.0124, "2018-12-31": 1.3622, "2018-09-30": "-0.92730", "2018-06-30": 3.2595, "2018-03-31": 0.9459, "2017-12-31": 1.8216, "2017-09-30": "-1.07930", "2017-06-30": 2.5623, "2017-03-31": 1.0758, "2016-12-31": 0.5319, "2016-09-30": "-0.84050", "2016-06-30": 2.009, "2016-03-31": 0.8557, "2015-12-31": 0.4385, "2015-09-30": "-0.32460", "2015-06-30": 1.8772, "2015-03-31": 0.6122, "2014-12-31": 0.3678, "2014-09-30": "0.08960", "2014-06-30": 1.5606, "2014-03-31": 0.6973, "2013-12-31": 0.6707, "2013-09-30": "-0.12920", "2013-06-30": 1.5149, "2013-03-31": -0.1134, "2012-12-31": 0.6273, "2012-09-30": "-0.17310", "2012-06-30": 1.3825, "2012-03-31": 0.0459, "2011-12-31": 0.4342, "2011-09-30": "0.15150", "2011-06-30": 1.1176, "2011-03-31": 0.0392, "2010-12-31": 0.3412, "2010-09-30": "-0.23770", "2010-06-30": 1.1413, "2010-03-31": 0.3821, "2009-12-31": 0.5711, "2009-09-30": "0.18730", "2009-06-30": 0.937, "2009-03-31": 0.2263, "2008-12-31": 2.3555, "2008-09-30": "-1.75040", "2008-06-30": -1.1623, "2008-03-31": 4.254, "2007-12-31": -2.0235, "2007-09-30": "0.82190", "2007-06-30": 0.5217, "2007-03-31": -1.0936, "2006-12-31": 1.2514, "2006-09-30": "0.24640", "2006-03-31": 2.2219}}, "revenue": {"Broadridge Financial Solutions Annual Revenue (Millions of US $)": {"2020": "$4,529", "2019": "$4,362", "2018": "$4,330", "2017": "$4,143", "2016": "$2,897", "2015": "$2,694", "2014": "$2,558", "2013": "$2,431", "2012": "$2,304", "2011": "$2,167", "2010": "$2,209", "2009": "$2,073", "2008": "$2,131", "2007": "$2,138", "2006": "$1,933", "2005": "$1,717"}, "Broadridge Financial Solutions Quarterly Revenue (Millions of US $)": {"2020-12-31": "$1,055", "2020-09-30": "$1,017", "2020-06-30": "$1,362", "2020-03-31": "$1,250", "2019-12-31": "$969", "2019-09-30": "$949", "2019-06-30": "$1,211", "2019-03-31": "$1,225", "2018-12-31": "$953", "2018-09-30": "$973", "2018-06-30": "$1,320", "2018-03-31": "$1,072", "2017-12-31": "$1,013", "2017-09-30": "$925", "2017-06-30": "$1,346", "2017-03-31": "$1,009", "2016-12-31": "$893", "2016-09-30": "$895", "2016-06-30": "$975", "2016-03-31": "$689", "2015-12-31": "$639", "2015-09-30": "$595", "2015-06-30": "$930", "2015-03-31": "$634", "2014-12-31": "$575", "2014-09-30": "$556", "2014-06-30": "$886", "2014-03-31": "$606", "2013-12-31": "$521", "2013-09-30": "$545", "2013-06-30": "$865", "2013-03-31": "$577", "2012-12-31": "$493", "2012-09-30": "$496", "2012-06-30": "$800", "2012-03-31": "$547", "2011-12-31": "$480", "2011-09-30": "$476", "2011-06-30": "$776", "2011-03-31": "$527", "2010-12-31": "$442", "2010-09-30": "$421", "2010-06-30": "$751", "2010-03-31": "$491", "2009-12-31": "$530", "2009-09-30": "$438", "2009-06-30": "$699", "2009-03-31": "$464", "2008-12-31": "$438", "2008-09-30": "$472", "2008-06-30": "$716", "2008-03-31": "$499", "2007-12-31": "$465", "2007-09-30": "$451", "2007-06-30": "$774", "2007-03-31": "$493", "2006-12-31": "$431", "2006-09-30": "$440", "2006-03-31": "$451"}}, "gross-profit": {"Broadridge Financial Solutions Annual Gross Profit (Millions of US $)": {"2020": "$1,264", "2019": "$1,230", "2018": "$1,163", "2017": "$1,035", "2016": "$921", "2015": "$866", "2014": "$797", "2013": "$663", "2012": "$588", "2011": "$550", "2010": "$593", "2009": "$563", "2008": "$583", "2007": "$550", "2006": "$500", "2005": "$444"}, "Broadridge Financial Solutions Quarterly Gross Profit (Millions of US $)": {"2020-12-31": "$248", "2020-09-30": "$230", "2020-06-30": "$478", "2020-03-31": "$377", "2019-12-31": "$188", "2019-09-30": "$221", "2019-06-30": "$400", "2019-03-31": "$378", "2018-12-31": "$219", "2018-09-30": "$234", "2018-06-30": "$451", "2018-03-31": "$269", "2017-12-31": "$244", "2017-09-30": "$199", "2017-06-30": "$437", "2017-03-31": "$235", "2016-12-31": "$185", "2016-09-30": "$177", "2016-06-30": "$388", "2016-03-31": "$202", "2015-12-31": "$174", "2015-09-30": "$156", "2015-06-30": "$375", "2015-03-31": "$182", "2014-12-31": "$161", "2014-09-30": "$149", "2014-06-30": "$335", "2014-03-31": "$179", "2013-12-31": "$136", "2013-09-30": "$148", "2013-06-30": "$301", "2013-03-31": "$151", "2012-12-31": "$106", "2012-09-30": "$106", "2012-06-30": "$271", "2012-03-31": "$126", "2011-12-31": "$97", "2011-09-30": "$94", "2011-06-30": "$259", "2011-03-31": "$121", "2010-12-31": "$86", "2010-09-30": "$85", "2010-06-30": "$253", "2010-03-31": "$110", "2009-12-31": "$130", "2009-09-30": "$100", "2009-06-30": "$238", "2009-03-31": "$106", "2008-12-31": "$109", "2008-09-30": "$109", "2008-06-30": "$231", "2008-03-31": "$116", "2007-12-31": "$119", "2007-09-30": "$117", "2007-06-30": "$237", "2007-03-31": "$118", "2006-12-31": "$98", "2006-09-30": "$98", "2006-03-31": "$102"}}, "operating-income": {"Broadridge Financial Solutions Annual Operating Income (Millions of US $)": {"2020": "$625", "2019": "$653", "2018": "$598", "2017": "$534", "2016": "$500", "2015": "$467", "2014": "$418", "2013": "$323", "2012": "$201", "2011": "$270", "2010": "$342", "2009": "$346", "2008": "$320", "2007": "$321", "2006": "$303", "2005": "$274"}, "Broadridge Financial Solutions Quarterly Operating Income (Millions of US $)": {"2020-12-31": "$79", "2020-09-30": "$79", "2020-06-30": "$299", "2020-03-31": "$226", "2019-12-31": "$27", "2019-09-30": "$73", "2019-06-30": "$241", "2019-03-31": "$234", "2018-12-31": "$78", "2018-09-30": "$100", "2018-06-30": "$266", "2018-03-31": "$131", "2017-12-31": "$116", "2017-09-30": "$85", "2017-06-30": "$299", "2017-03-31": "$110", "2016-12-31": "$59", "2016-09-30": "$66", "2016-06-30": "$270", "2016-03-31": "$101", "2015-12-31": "$70", "2015-09-30": "$59", "2015-06-30": "$262", "2015-03-31": "$89", "2014-12-31": "$59", "2014-09-30": "$57", "2014-06-30": "$229", "2014-03-31": "$77", "2013-12-31": "$43", "2013-09-30": "$69", "2013-06-30": "$202", "2013-03-31": "$68", "2012-12-31": "$25", "2012-09-30": "$29", "2012-06-30": "$135", "2012-03-31": "$29", "2011-12-31": "$11", "2011-09-30": "$26", "2011-06-30": "$181", "2011-03-31": "$51", "2010-12-31": "$17", "2010-09-30": "$21", "2010-06-30": "$183", "2010-03-31": "$48", "2009-12-31": "$69", "2009-09-30": "$43", "2009-06-30": "$185", "2009-03-31": "$55", "2008-12-31": "$49", "2008-09-30": "$58", "2008-06-30": "$165", "2008-03-31": "$48", "2007-12-31": "$47", "2007-09-30": "$59", "2007-06-30": "$159", "2007-03-31": "$70", "2006-12-31": "$46", "2006-09-30": "$46", "2006-03-31": "$56"}}, "ebitda": {"Broadridge Financial Solutions Annual EBITDA (Millions of US $)": {"2020": "$924", "2019": "$913", "2018": "$810", "2017": "$716", "2016": "$621", "2015": "$571", "2014": "$516", "2013": "$417", "2012": "$293", "2011": "$342", "2010": "$399", "2009": "$400", "2008": "$368", "2007": "$383", "2006": "$377", "2005": "$343"}, "Broadridge Financial Solutions Quarterly EBITDA (Millions of US $)": {"2020-12-31": "$155", "2020-09-30": "$153", "2020-06-30": "$375", "2020-03-31": "$300", "2019-12-31": "$105", "2019-09-30": "$145", "2019-06-30": "$306", "2019-03-31": "$298", "2018-12-31": "$144", "2018-09-30": "$165", "2018-06-30": "$323", "2018-03-31": "$184", "2017-12-31": "$168", "2017-09-30": "$135", "2017-06-30": "$348", "2017-03-31": "$156", "2016-12-31": "$106", "2016-09-30": "$106", "2016-06-30": "$309", "2016-03-31": "$129", "2015-12-31": "$98", "2015-09-30": "$86", "2015-06-30": "$289", "2015-03-31": "$116", "2014-12-31": "$85", "2014-09-30": "$82", "2014-06-30": "$255", "2014-03-31": "$102", "2013-12-31": "$66", "2013-09-30": "$92", "2013-06-30": "$225", "2013-03-31": "$90", "2012-12-31": "$49", "2012-09-30": "$53", "2012-06-30": "$159", "2012-03-31": "$54", "2011-12-31": "$33", "2011-09-30": "$47", "2011-06-30": "$202", "2011-03-31": "$70", "2010-12-31": "$33", "2010-09-30": "$37", "2010-06-30": "$197", "2010-03-31": "$63", "2009-12-31": "$83", "2009-09-30": "$56", "2009-06-30": "$198", "2009-03-31": "$68", "2008-12-31": "$61", "2008-09-30": "$72", "2008-06-30": "$176", "2008-03-31": "$61", "2007-12-31": "$60", "2007-09-30": "$72", "2007-06-30": "$177", "2007-03-31": "$84", "2006-12-31": "$61", "2006-09-30": "$62", "2006-03-31": "$56"}}, "net-income": {"Broadridge Financial Solutions Annual Net Income (Millions of US $)": {"2020": "$463", "2019": "$482", "2018": "$428", "2017": "$327", "2016": "$308", "2015": "$287", "2014": "$263", "2013": "$212", "2012": "$124", "2011": "$170", "2010": "$190", "2009": "$223", "2008": "$192", "2007": "$197", "2006": "$167", "2005": "$165"}, "Broadridge Financial Solutions Quarterly Net Income (Millions of US $)": {"2020-12-31": "$56", "2020-09-30": "$66", "2020-06-30": "$230", "2020-03-31": "$167", "2019-12-31": "$10", "2019-09-30": "$56", "2019-06-30": "$183", "2019-03-31": "$172", "2018-12-31": "$50", "2018-09-30": "$77", "2018-06-30": "$207", "2018-03-31": "$109", "2017-12-31": "$62", "2017-09-30": "$50", "2017-06-30": "$187", "2017-03-31": "$76", "2016-12-31": "$30", "2016-09-30": "$34", "2016-06-30": "$170", "2016-03-31": "$64", "2015-12-31": "$40", "2015-09-30": "$34", "2015-06-30": "$166", "2015-03-31": "$54", "2014-12-31": "$35", "2014-09-30": "$33", "2014-06-30": "$140", "2014-03-31": "$51", "2013-12-31": "$28", "2013-09-30": "$44", "2013-06-30": "$135", "2013-03-31": "$43", "2012-12-31": "$16", "2012-09-30": "$18", "2012-06-30": "$83", "2012-03-31": "$17", "2011-12-31": "$7", "2011-09-30": "$17", "2011-06-30": "$116", "2011-03-31": "$30", "2010-12-31": "$10", "2010-09-30": "$13", "2010-06-30": "$105", "2010-03-31": "$25", "2009-12-31": "$34", "2009-09-30": "$26", "2009-06-30": "$117", "2009-03-31": "$41", "2008-12-31": "$30", "2008-09-30": "$36", "2008-06-30": "$98", "2008-03-31": "$30", "2007-12-31": "$29", "2007-09-30": "$36", "2007-06-30": "$99", "2007-03-31": "$42", "2006-12-31": "$28", "2006-09-30": "$29", "2006-03-31": "$34"}}, "eps-earnings-per-share-diluted": {"Broadridge Financial Solutions Annual EPS": {"2020": "$3.95", "2019": "$4.06", "2018": "$3.56", "2017": "$2.70", "2016": "$2.53", "2015": "$2.32", "2014": "$2.12", "2013": "$1.69", "2012": "$0.97", "2011": "$1.32", "2010": "$1.37", "2009": "$1.58", "2008": "$1.36", "2007": "$1.42", "2006": "$1.20", "2005": "$1.19"}, "Broadridge Financial Solutions Quarterly EPS": {"2020-12-31": "$0.48", "2020-09-30": "$0.56", "2020-06-30": "$1.95", "2020-03-31": "$1.43", "2019-12-31": "$0.09", "2019-09-30": "$0.48", "2019-06-30": "$1.55", "2019-03-31": "$1.45", "2018-12-31": "$0.42", "2018-09-30": "$0.64", "2018-06-30": "$1.72", "2018-03-31": "$0.90", "2017-12-31": "$0.52", "2017-09-30": "$0.42", "2017-06-30": "$1.54", "2017-03-31": "$0.63", "2016-12-31": "$0.25", "2016-09-30": "$0.28", "2016-06-30": "$1.40", "2016-03-31": "$0.52", "2015-12-31": "$0.33", "2015-09-30": "$0.28", "2015-06-30": "$1.35", "2015-03-31": "$0.43", "2014-12-31": "$0.28", "2014-09-30": "$0.26", "2014-06-30": "$1.13", "2014-03-31": "$0.41", "2013-12-31": "$0.22", "2013-09-30": "$0.36", "2013-06-30": "$1.07", "2013-03-31": "$0.35", "2012-12-31": "$0.13", "2012-09-30": "$0.14", "2012-06-30": "$0.66", "2012-03-31": "$0.13", "2011-12-31": "$0.05", "2011-09-30": "$0.13", "2011-06-30": "$0.91", "2011-03-31": "$0.23", "2010-12-31": "$0.08", "2010-09-30": "$0.10", "2010-06-30": "$0.76", "2010-03-31": "$0.18", "2009-12-31": "$0.24", "2009-09-30": "$0.19", "2009-06-30": "$0.83", "2009-03-31": "$0.29", "2008-12-31": "$0.21", "2008-09-30": "$0.25", "2008-06-30": "$0.68", "2008-03-31": "$0.21", "2007-12-31": "$0.21", "2007-09-30": "$0.26", "2007-06-30": "$0.71", "2007-03-31": "$0.30", "2006-12-31": "$0.20", "2006-09-30": "$0.21", "2006-03-31": "$0.24"}}, "shares-outstanding": {"Broadridge Financial Solutions Annual Shares Outstanding (Millions of Shares)": {"2020": "117", "2019": "119", "2018": "120", "2017": "121", "2016": "122", "2015": "124", "2014": "124", "2013": "125", "2012": "128", "2011": "128", "2010": "139", "2009": "142", "2008": "141", "2007": "139", "2006": "139", "2005": "139"}, "Broadridge Financial Solutions Quarterly Shares Outstanding (Millions of Shares)": {"2020-12-31": "118", "2020-09-30": "117", "2020-06-30": "117", "2020-03-31": "117", "2019-12-31": "117", "2019-09-30": "117", "2019-06-30": "119", "2019-03-31": "119", "2018-12-31": "119", "2018-09-30": "120", "2018-06-30": "120", "2018-03-31": "121", "2017-12-31": "120", "2017-09-30": "120", "2017-06-30": "121", "2017-03-31": "121", "2016-12-31": "122", "2016-09-30": "122", "2016-06-30": "122", "2016-03-31": "122", "2015-12-31": "122", "2015-09-30": "122", "2015-06-30": "124", "2015-03-31": "125", "2014-12-31": "124", "2014-09-30": "124", "2014-06-30": "124", "2014-03-31": "125", "2013-12-31": "124", "2013-09-30": "123", "2013-06-30": "125", "2013-03-31": "125", "2012-12-31": "126", "2012-09-30": "127", "2012-06-30": "128", "2012-03-31": "128", "2011-12-31": "127", "2011-09-30": "127", "2011-06-30": "128", "2011-03-31": "128", "2010-12-31": "129", "2010-09-30": "130", "2010-06-30": "139", "2010-03-31": "139", "2009-12-31": "140", "2009-09-30": "140", "2009-06-30": "142", "2009-03-31": "141", "2008-12-31": "141", "2008-09-30": "142", "2008-06-30": "141", "2008-03-31": "141", "2007-12-31": "141", "2007-09-30": "140", "2007-06-30": "139", "2007-03-31": "139", "2006-12-31": "139", "2006-09-30": "139", "2006-03-31": "139"}}, "total-assets": {"Broadridge Financial Solutions Annual Total Assets (Millions of US $)": {"2020": "$4,890", "2019": "$3,881", "2018": "$3,305", "2017": "$3,150", "2016": "$2,873", "2015": "$2,368", "2014": "$2,192", "2013": "$2,018", "2012": "$1,988", "2011": "$1,904", "2010": "$1,794", "2009": "$2,775", "2008": "$2,834", "2007": "$2,678", "2006": "$2,135", "2005": "$0"}, "Broadridge Financial Solutions Quarterly Total Assets (Millions of US $)": {"2020-12-31": "$4,858", "2020-09-30": "$4,750", "2020-06-30": "$4,890", "2020-03-31": "$4,914", "2019-12-31": "$4,385", "2019-09-30": "$4,220", "2019-06-30": "$3,881", "2019-03-31": "$3,602", "2018-12-31": "$3,358", "2018-09-30": "$3,382", "2018-06-30": "$3,305", "2018-03-31": "$3,485", "2017-12-31": "$3,250", "2017-09-30": "$3,225", "2017-06-30": "$3,150", "2017-03-31": "$3,242", "2016-12-31": "$2,967", "2016-09-30": "$2,942", "2016-06-30": "$2,873", "2016-03-31": "$2,524", "2015-12-31": "$2,354", "2015-09-30": "$2,300", "2015-06-30": "$2,368", "2015-03-31": "$2,281", "2014-12-31": "$2,100", "2014-09-30": "$2,079", "2014-06-30": "$2,192", "2014-03-31": "$2,130", "2013-12-31": "$1,939", "2013-09-30": "$1,907", "2013-06-30": "$2,018", "2013-03-31": "$1,922", "2012-12-31": "$1,856", "2012-09-30": "$1,831", "2012-06-30": "$1,988", "2012-03-31": "$2,014", "2011-12-31": "$1,897", "2011-09-30": "$1,927", "2011-06-30": "$1,904", "2011-03-31": "$1,853", "2010-12-31": "$1,515", "2010-09-30": "$1,519", "2010-06-30": "$1,794", "2010-03-31": "$2,864", "2009-12-31": "$2,696", "2009-09-30": "$2,886", "2009-06-30": "$2,775", "2009-03-31": "$2,444", "2008-12-31": "$2,403", "2008-09-30": "$3,691", "2008-06-30": "$2,834", "2008-03-31": "$3,237", "2007-12-31": "$2,911", "2007-09-30": "$2,575", "2007-06-30": "$2,678", "2007-03-31": "$2,326", "2006-12-31": "$0", "2006-09-30": "$0", "2006-03-31": "$0"}}, "cash-on-hand": {"Broadridge Financial Solutions Annual Cash on Hand (Millions of US $)": {"2020": "$477", "2019": "$273", "2018": "$264", "2017": "$271", "2016": "$728", "2015": "$324", "2014": "$348", "2013": "$266", "2012": "$321", "2011": "$242", "2010": "$413", "2009": "$173", "2008": "$232", "2007": "$155", "2006": "$90", "2005": "$"}, "Broadridge Financial Solutions Quarterly Cash on Hand (Millions of US $)": {"2020-12-31": "$366", "2020-09-30": "$357", "2020-06-30": "$477", "2020-03-31": "$402", "2019-12-31": "$234", "2019-09-30": "$358", "2019-06-30": "$273", "2019-03-31": "$292", "2018-12-31": "$250", "2018-09-30": "$205", "2018-06-30": "$264", "2018-03-31": "$352", "2017-12-31": "$367", "2017-09-30": "$289", "2017-06-30": "$271", "2017-03-31": "$270", "2016-12-31": "$236", "2016-09-30": "$227", "2016-06-30": "$728", "2016-03-31": "$354", "2015-12-31": "$305", "2015-09-30": "$286", "2015-06-30": "$324", "2015-03-31": "$310", "2014-12-31": "$314", "2014-09-30": "$331", "2014-06-30": "$348", "2014-03-31": "$244", "2013-12-31": "$240", "2013-09-30": "$183", "2013-06-30": "$266", "2013-03-31": "$182", "2012-12-31": "$259", "2012-09-30": "$212", "2012-06-30": "$321", "2012-03-31": "$219", "2011-12-31": "$238", "2011-09-30": "$253", "2011-06-30": "$242", "2011-03-31": "$151", "2010-12-31": "$188", "2010-09-30": "$181", "2010-06-30": "$413", "2010-03-31": "$178", "2009-12-31": "$147", "2009-09-30": "$423", "2009-06-30": "$173", "2009-03-31": "$460", "2008-12-31": "$383", "2008-09-30": "$493", "2008-06-30": "$232", "2008-03-31": "$272", "2007-12-31": "$107", "2007-09-30": "$113", "2007-06-30": "$155", "2007-03-31": "$186", "2006-12-31": "", "2006-09-30": "", "2006-03-31": ""}}, "long-term-debt": {"Broadridge Financial Solutions Annual Long Term Debt (Millions of US $)": {"2020": "$1,388", "2019": "$1,470", "2018": "$1,053", "2017": "$1,102", "2016": "$891", "2015": "$689", "2014": "$524", "2013": "$525", "2012": "$524", "2011": "$124", "2010": "$324", "2009": "$324", "2008": "$448", "2007": "$618", "2006": "$", "2005": "$"}, "Broadridge Financial Solutions Quarterly Long Term Debt (Millions of US $)": {"2020-12-31": "$1,771", "2020-09-30": "$1,776", "2020-06-30": "$1,388", "2020-03-31": "$1,680", "2019-12-31": "$1,449", "2019-09-30": "$1,369", "2019-06-30": "$1,470", "2019-03-31": "$1,174", "2018-12-31": "$1,194", "2018-09-30": "$1,144", "2018-06-30": "$1,053", "2018-03-31": "$1,203", "2017-12-31": "$1,223", "2017-09-30": "$1,292", "2017-06-30": "$1,102", "2017-03-31": "$1,142", "2016-12-31": "$1,081", "2016-09-30": "$1,001", "2016-06-30": "$891", "2016-03-31": "$820", "2015-12-31": "$755", "2015-09-30": "$734", "2015-06-30": "$689", "2015-03-31": "$629", "2014-12-31": "$524", "2014-09-30": "$524", "2014-06-30": "$524", "2014-03-31": "$524", "2013-12-31": "$524", "2013-09-30": "$524", "2013-06-30": "$525", "2013-03-31": "$525", "2012-12-31": "$524", "2012-09-30": "$524", "2012-06-30": "$524", "2012-03-31": "$564", "2011-12-31": "$594", "2011-09-30": "$614", "2011-06-30": "$124", "2011-03-31": "$124", "2010-12-31": "$324", "2010-09-30": "$324", "2010-06-30": "$324", "2010-03-31": "$324", "2009-12-31": "$324", "2009-09-30": "$324", "2009-06-30": "$324", "2009-03-31": "$324", "2008-12-31": "$324", "2008-09-30": "$324", "2008-06-30": "$448", "2008-03-31": "$483", "2007-12-31": "$523", "2007-09-30": "$533", "2007-06-30": "$618", "2007-03-31": "$440", "2006-12-31": "", "2006-09-30": "", "2006-03-31": ""}}, "total-liabilities": {"Broadridge Financial Solutions Annual Total Liabilities (Millions of US $)": {"2020": "$3,543", "2019": "$2,753", "2018": "$2,210", "2017": "$2,146", "2016": "$1,827", "2015": "$1,440", "2014": "$1,230", "2013": "$1,202", "2012": "$1,137", "2011": "$1,107", "2010": "$987", "2009": "$1,866", "2008": "$2,088", "2007": "$2,147", "2006": "$1,092", "2005": "$"}, "Broadridge Financial Solutions Quarterly Total Liabilities (Millions of US $)": {"2020-12-31": "$3,424", "2020-09-30": "$3,336", "2020-06-30": "$3,543", "2020-03-31": "$3,711", "2019-12-31": "$3,259", "2019-09-30": "$3,077", "2019-06-30": "$2,753", "2019-03-31": "$2,337", "2018-12-31": "$2,235", "2018-09-30": "$2,148", "2018-06-30": "$2,210", "2018-03-31": "$2,323", "2017-12-31": "$2,176", "2017-09-30": "$2,187", "2017-06-30": "$2,146", "2017-03-31": "$2,300", "2016-12-31": "$1,982", "2016-09-30": "$1,891", "2016-06-30": "$1,827", "2016-03-31": "$1,622", "2015-12-31": "$1,412", "2015-09-30": "$1,375", "2015-06-30": "$1,440", "2015-03-31": "$1,383", "2014-12-31": "$1,117", "2014-09-30": "$1,108", "2014-06-30": "$1,230", "2014-03-31": "$1,231", "2013-12-31": "$1,082", "2013-09-30": "$1,069", "2013-06-30": "$1,202", "2013-03-31": "$1,151", "2012-12-31": "$1,073", "2012-09-30": "$1,041", "2012-06-30": "$1,137", "2012-03-31": "$1,214", "2011-12-31": "$1,113", "2011-09-30": "$1,135", "2011-06-30": "$1,107", "2011-03-31": "$1,161", "2010-12-31": "$786", "2010-09-30": "$795", "2010-06-30": "$987", "2010-03-31": "$2,007", "2009-12-31": "$1,849", "2009-09-30": "$2,019", "2009-06-30": "$1,866", "2009-03-31": "$1,652", "2008-12-31": "$1,638", "2008-09-30": "$2,921", "2008-06-30": "$2,088", "2008-03-31": "$2,596", "2007-12-31": "$2,302", "2007-09-30": "$2,010", "2007-06-30": "$2,147", "2007-03-31": "$1,901", "2006-12-31": "", "2006-09-30": "", "2006-03-31": ""}}, "total-share-holder-equity": {"Broadridge Financial Solutions Annual Share Holder Equity (Millions of US $)": {"2020": "$1,347", "2019": "$1,128", "2018": "$1,094", "2017": "$1,004", "2016": "$1,046", "2015": "$928", "2014": "$962", "2013": "$816", "2012": "$851", "2011": "$797", "2010": "$807", "2009": "$909", "2008": "$746", "2007": "$531", "2006": "$1,043", "2005": "$"}, "Broadridge Financial Solutions Quarterly Share Holder Equity (Millions of US $)": {"2020-12-31": "$1,434", "2020-09-30": "$1,414", "2020-06-30": "$1,347", "2020-03-31": "$1,203", "2019-12-31": "$1,125", "2019-09-30": "$1,143", "2019-06-30": "$1,128", "2019-03-31": "$1,266", "2018-12-31": "$1,123", "2018-09-30": "$1,234", "2018-06-30": "$1,094", "2018-03-31": "$1,162", "2017-12-31": "$1,074", "2017-09-30": "$1,038", "2017-06-30": "$1,004", "2017-03-31": "$942", "2016-12-31": "$986", "2016-09-30": "$1,051", "2016-06-30": "$1,046", "2016-03-31": "$903", "2015-12-31": "$942", "2015-09-30": "$924", "2015-06-30": "$928", "2015-03-31": "$899", "2014-12-31": "$983", "2014-09-30": "$971", "2014-06-30": "$962", "2014-03-31": "$899", "2013-12-31": "$858", "2013-09-30": "$838", "2013-06-30": "$816", "2013-03-31": "$771", "2012-12-31": "$783", "2012-09-30": "$790", "2012-06-30": "$851", "2012-03-31": "$801", "2011-12-31": "$784", "2011-09-30": "$793", "2011-06-30": "$797", "2011-03-31": "$692", "2010-12-31": "$729", "2010-09-30": "$725", "2010-06-30": "$807", "2010-03-31": "$857", "2009-12-31": "$847", "2009-09-30": "$868", "2009-06-30": "$909", "2009-03-31": "$792", "2008-12-31": "$764", "2008-09-30": "$769", "2008-06-30": "$746", "2008-03-31": "$641", "2007-12-31": "$610", "2007-09-30": "$565", "2007-06-30": "$531", "2007-03-31": "$426", "2006-12-31": "", "2006-09-30": "", "2006-03-31": ""}}, "profit-margins": {"current": "11.07%"}, "gross margin": {"2020-12-31": "28.46%", "2020-09-30": "27.69%", "2020-06-30": "27.90%", "2020-03-31": "27.08%", "2019-12-31": "27.26%", "2019-09-30": "28.08%", "2019-06-30": "28.22%", "2019-03-31": "28.67%", "2018-12-31": "27.17%", "2018-09-30": "27.36%", "2018-06-30": "26.86%", "2018-03-31": "26.38%", "2017-12-31": "25.97%", "2017-09-30": "25.31%", "2017-06-30": "24.96%", "2017-03-31": "26.11%", "2016-12-31": "27.58%", "2016-09-30": "29.42%", "2016-06-30": "31.75%", "2016-03-31": "31.79%", "2015-12-31": "31.70%", "2015-09-30": "31.97%", "2015-06-30": "32.17%", "2015-03-31": "31.20%", "2014-12-31": "31.41%", "2014-09-30": "31.10%", "2014-06-30": "31.20%", "2014-03-31": "30.11%", "2013-12-31": "29.35%", "2013-09-30": "28.47%", "2013-06-30": "27.31%", "2013-03-31": "26.80%", "2012-12-31": "26.07%", "2012-09-30": "25.83%", "2012-06-30": "25.53%", "2012-03-31": "25.27%", "2011-12-31": "25.28%", "2011-09-30": "25.21%", "2011-06-30": "25.44%", "2011-03-31": "25.47%", "2010-12-31": "25.38%", "2010-09-30": "26.37%", "2010-06-30": "26.84%", "2010-03-31": "26.78%", "2009-12-31": "26.94%", "2009-09-30": "27.12%", "2009-06-30": "27.11%", "2009-03-31": "26.56%", "2008-12-31": "26.59%", "2008-09-30": "26.72%", "2008-06-30": "27.36%", "2008-03-31": "26.86%", "2007-12-31": "27.03%", "2007-09-30": "26.48%", "2007-06-30": "25.72%", "2007-03-31": "22.92%"}, "operating margin": {"2020-12-31": "14.58%", "2020-09-30": "13.72%", "2020-06-30": "13.80%", "2020-03-31": "12.95%", "2019-12-31": "13.21%", "2019-09-30": "14.43%", "2019-06-30": "14.97%", "2019-03-31": "15.16%", "2018-12-31": "13.32%", "2018-09-30": "14.00%", "2018-06-30": "13.81%", "2018-03-31": "14.49%", "2017-12-31": "14.21%", "2017-09-30": "13.25%", "2017-06-30": "12.89%", "2017-03-31": "13.39%", "2016-12-31": "14.37%", "2016-09-30": "15.85%", "2016-06-30": "17.25%", "2016-03-31": "17.25%", "2015-12-31": "17.16%", "2015-09-30": "17.15%", "2015-06-30": "17.33%", "2015-03-31": "16.37%", "2014-12-31": "16.09%", "2014-09-30": "15.80%", "2014-06-30": "16.34%", "2014-03-31": "15.41%", "2013-12-31": "15.23%", "2013-09-30": "14.68%", "2013-06-30": "13.33%", "2013-03-31": "10.86%", "2012-12-31": "9.33%", "2012-09-30": "8.78%", "2012-06-30": "8.73%", "2012-03-31": "10.84%", "2011-12-31": "11.91%", "2011-09-30": "12.38%", "2011-06-30": "12.47%", "2011-03-31": "12.71%", "2010-12-31": "12.79%", "2010-09-30": "14.64%", "2010-06-30": "15.53%", "2010-03-31": "15.99%", "2009-12-31": "16.52%", "2009-09-30": "16.28%", "2009-06-30": "16.74%", "2009-03-31": "15.65%", "2008-12-31": "15.06%", "2008-09-30": "14.78%", "2008-06-30": "14.97%", "2008-03-31": "14.25%", "2007-12-31": "15.30%", "2007-09-30": "15.50%", "2007-06-30": "14.97%", "2007-03-31": "12.01%"}, "ebitda margin": {"2020-12-31": "20.99%", "2020-09-30": "20.29%", "2020-06-30": "20.42%", "2020-03-31": "19.55%", "2019-12-31": "19.61%", "2019-09-30": "20.59%", "2019-06-30": "20.93%", "2019-03-31": "20.80%", "2018-12-31": "18.90%", "2018-09-30": "19.19%", "2018-06-30": "18.71%", "2018-03-31": "19.17%", "2017-12-31": "18.80%", "2017-09-30": "17.85%", "2017-06-30": "17.28%", "2017-03-31": "17.95%", "2016-12-31": "18.83%", "2016-09-30": "20.08%", "2016-06-30": "21.46%", "2016-03-31": "21.10%", "2015-12-31": "21.05%", "2015-09-30": "21.07%", "2015-06-30": "21.22%", "2015-03-31": "20.29%", "2014-12-31": "19.98%", "2014-09-30": "19.66%", "2014-06-30": "20.13%", "2014-03-31": "19.12%", "2013-12-31": "18.86%", "2013-09-30": "18.39%", "2013-06-30": "17.15%", "2013-03-31": "14.84%", "2012-12-31": "13.48%", "2012-09-30": "12.87%", "2012-06-30": "12.72%", "2012-03-31": "14.74%", "2011-12-31": "15.58%", "2011-09-30": "15.85%", "2011-06-30": "15.79%", "2011-03-31": "15.75%", "2010-12-31": "15.68%", "2010-09-30": "17.34%", "2010-06-30": "18.06%", "2010-03-31": "18.54%", "2009-12-31": "19.01%", "2009-09-30": "18.78%", "2009-06-30": "19.25%", "2009-03-31": "18.04%", "2008-12-31": "17.41%", "2008-09-30": "17.15%", "2008-06-30": "17.32%", "2008-03-31": "16.90%", "2007-12-31": "18.00%", "2007-09-30": "18.33%", "2007-06-30": "17.96%", "2007-03-31": "14.49%"}, "pre tax profit margin": {"2020-12-31": "13.86%", "2020-09-30": "12.85%", "2020-06-30": "12.83%", "2020-03-31": "11.78%", "2019-12-31": "12.15%", "2019-09-30": "13.42%", "2019-06-30": "13.92%", "2019-03-31": "14.20%", "2018-12-31": "12.41%", "2018-09-30": "13.16%", "2018-06-30": "12.96%", "2018-03-31": "13.50%", "2017-12-31": "13.25%", "2017-09-30": "12.25%", "2017-06-30": "11.80%", "2017-03-31": "12.38%", "2016-12-31": "13.15%", "2016-09-30": "14.67%", "2016-06-30": "16.18%", "2016-03-31": "16.16%", "2015-12-31": "16.08%", "2015-09-30": "16.13%", "2015-06-30": "16.29%", "2015-03-31": "14.75%", "2014-12-31": "14.72%", "2014-09-30": "14.67%", "2014-06-30": "15.48%", "2014-03-31": "15.41%", "2013-12-31": "15.23%", "2013-09-30": "14.68%", "2013-06-30": "13.33%", "2013-03-31": "10.86%", "2012-12-31": "9.33%", "2012-09-30": "8.78%", "2012-06-30": "8.73%", "2012-03-31": "10.84%", "2011-12-31": "11.91%", "2011-09-30": "12.38%", "2011-06-30": "12.47%", "2011-03-31": "12.71%", "2010-12-31": "12.79%", "2010-09-30": "14.64%", "2010-06-30": "15.53%", "2010-03-31": "15.99%", "2009-12-31": "16.52%", "2009-09-30": "16.28%", "2009-06-30": "16.74%", "2009-03-31": "15.65%", "2008-12-31": "15.06%", "2008-09-30": "14.78%", "2008-06-30": "14.97%", "2008-03-31": "14.30%", "2007-12-31": "15.35%", "2007-09-30": "15.54%", "2007-06-30": "15.01%", "2007-03-31": "12.01%"}, "net profit margin": {"2020-12-31": "11.08%", "2020-09-30": "10.29%", "2020-06-30": "10.22%", "2020-03-31": "9.50%", "2019-12-31": "9.67%", "2019-09-30": "10.63%", "2019-06-30": "11.05%", "2019-03-31": "11.32%", "2018-12-31": "10.26%", "2018-09-30": "10.39%", "2018-06-30": "9.88%", "2018-03-31": "9.37%", "2017-12-31": "8.74%", "2017-09-30": "8.22%", "2017-06-30": "7.89%", "2017-03-31": "8.22%", "2016-12-31": "8.63%", "2016-09-30": "9.63%", "2016-06-30": "10.63%", "2016-03-31": "10.66%", "2015-12-31": "10.51%", "2015-09-30": "10.57%", "2015-06-30": "10.69%", "2015-03-31": "9.88%", "2014-12-31": "9.87%", "2014-09-30": "9.81%", "2014-06-30": "10.28%", "2014-03-31": "10.17%", "2013-12-31": "9.97%", "2013-09-30": "9.60%", "2013-06-30": "8.72%", "2013-03-31": "6.76%", "2012-12-31": "5.74%", "2012-09-30": "5.38%", "2012-06-30": "5.38%", "2012-03-31": "6.89%", "2011-12-31": "7.53%", "2011-09-30": "7.79%", "2011-06-30": "7.80%", "2011-03-31": "7.38%", "2010-12-31": "7.27%", "2010-09-30": "8.07%", "2010-06-30": "8.60%", "2010-03-31": "9.36%", "2009-12-31": "10.23%", "2009-09-30": "10.50%", "2009-06-30": "10.81%", "2009-03-31": "9.81%", "2008-12-31": "9.13%", "2008-09-30": "8.97%", "2008-06-30": "9.06%", "2008-03-31": "8.86%", "2007-12-31": "9.44%", "2007-09-30": "9.54%", "2007-06-30": "9.26%", "2007-03-31": "7.33%"}, "pe ratio": {"current": "26.06", "2021-02-05": "36.40", "2020-12-31": "38.69", "2020-09-30": "32.46", "2020-06-30": "31.53", "2020-03-31": "26.38", "2019-12-31": "33.98", "2019-09-30": "31.19", "2019-06-30": "30.61", "2019-03-31": "23.77", "2018-12-31": "25.24", "2018-09-30": "33.52", "2018-06-30": "30.94", "2018-03-31": "30.68", "2017-12-31": "27.42", "2017-09-30": "26.66", "2017-06-30": "26.08", "2017-03-31": "24.91", "2016-12-31": "25.27", "2016-09-30": "24.90", "2016-06-30": "23.83", "2016-03-31": "22.01", "2015-12-31": "20.58", "2015-09-30": "21.53", "2015-06-30": "19.51", "2015-03-31": "23.59", "2014-12-31": "19.89", "2014-09-30": "18.35", "2014-06-30": "17.38", "2014-03-31": "15.71", "2013-12-31": "17.12", "2013-09-30": "14.32", "2013-06-30": "13.44", "2013-03-31": "16.80", "2012-12-31": "18.57", "2012-09-30": "20.34", "2012-06-30": "18.60", "2012-03-31": "16.19", "2011-12-31": "14.03", "2011-09-30": "12.17", "2011-06-30": "14.75", "2011-03-31": "15.70", "2010-12-31": "15.74", "2010-09-30": "14.27", "2010-06-30": "11.03", "2010-03-31": "11.69", "2009-12-31": "11.39", "2009-09-30": "10.29", "2009-06-30": "8.11", "2009-03-31": "9.95", "2008-12-31": "7.07", "2008-09-30": "8.63", "2008-06-30": "11.67", "2008-03-31": "9.59"}, "price sales": {"2021-02-05": "3.61", "2020-12-31": "3.84", "2020-09-30": "3.35", "2020-06-30": "3.24", "2020-03-31": "2.51", "2019-12-31": "3.29", "2019-09-30": "3.32", "2019-06-30": "3.39", "2019-03-31": "2.69", "2018-12-31": "2.58", "2018-09-30": "3.48", "2018-06-30": "3.06", "2018-03-31": "2.89", "2017-12-31": "2.42", "2017-09-30": "2.21", "2017-06-30": "2.08", "2017-03-31": "2.05", "2016-12-31": "2.18", "2016-09-30": "2.40", "2016-06-30": "2.53", "2016-03-31": "2.34", "2015-12-31": "2.17", "2015-09-30": "2.28", "2015-06-30": "2.09", "2015-03-31": "2.32", "2014-12-31": "1.96", "2014-09-30": "1.79", "2014-06-30": "1.79", "2014-03-31": "1.60", "2013-12-31": "1.72", "2013-09-30": "1.39", "2013-06-30": "1.19", "2013-03-31": "1.14", "2012-12-31": "1.06", "2012-09-30": "1.08", "2012-06-30": "0.99", "2012-03-31": "1.12", "2011-12-31": "1.05", "2011-09-30": "0.95", "2011-06-30": "1.16", "2011-03-31": "1.13", "2010-12-31": "1.13", "2010-09-30": "1.14", "2010-06-30": "0.95", "2010-03-31": "1.09", "2009-12-31": "1.17", "2009-09-30": "1.08", "2009-06-30": "0.88", "2009-03-31": "0.97", "2008-12-31": "0.64", "2008-09-30": "0.77", "2008-06-30": "1.06", "2008-03-31": "0.85"}, "price book": {"current": "11.64", "2021-02-05": "11.64", "2020-12-31": "12.37", "2020-09-30": "10.75", "2020-06-30": "10.70", "2020-03-31": "8.92", "2019-12-31": "12.37", "2019-09-30": "12.19", "2019-06-30": "12.60", "2019-03-31": "9.20", "2018-12-31": "9.57", "2018-09-30": "11.99", "2018-06-30": "11.71", "2018-03-31": "10.56", "2017-12-31": "9.35", "2017-09-30": "8.59", "2017-06-30": "8.26", "2017-03-31": "7.92", "2016-12-31": "7.42", "2016-09-30": "7.14", "2016-06-30": "6.82", "2016-03-31": "7.11", "2015-12-31": "6.19", "2015-09-30": "6.45", "2015-06-30": "5.77", "2015-03-31": "6.56", "2014-12-31": "5.07", "2014-09-30": "4.58", "2014-06-30": "4.58", "2014-03-31": "4.36", "2013-12-31": "4.81", "2013-09-30": "3.93", "2013-06-30": "3.35", "2013-03-31": "3.33", "2012-12-31": "3.03", "2012-09-30": "3.05", "2012-06-30": "2.62", "2012-03-31": "3.09", "2011-12-31": "2.95", "2011-09-30": "2.58", "2011-06-30": "3.04", "2011-03-31": "3.25", "2010-12-31": "3.02", "2010-09-30": "3.15", "2010-06-30": "2.42", "2010-03-31": "2.65", "2009-12-31": "2.81", "2009-09-30": "2.46", "2009-06-30": "1.96", "2009-03-31": "2.53", "2008-12-31": "1.77", "2008-09-30": "2.16", "2008-06-30": "3.01", "2008-03-31": "2.91", "2007-12-31": "3.89", "2007-09-30": "3.52", "2007-06-30": "3.76"}, "price fcf": {"2021-02-05": "", "2020-12-31": "$4.97", "2020-09-30": "$4.75", "2020-06-30": "$4.27", "2020-03-31": "$3.84", "2019-12-31": "$3.88", "2019-09-30": "$4.60", "2019-06-30": "$4.58", "2019-03-31": "$4.71", "2018-12-31": "$4.64", "2018-09-30": "$5.10", "2018-06-30": "$4.95", "2018-03-31": "$4.25", "2017-12-31": "$4.38", "2017-09-30": "$3.09", "2017-06-30": "$3.33", "2017-03-31": "$2.78", "2016-12-31": "$2.56", "2016-09-30": "$2.46", "2016-06-30": "$2.98", "2016-03-31": "$2.85", "2015-12-31": "$2.60", "2015-09-30": "$2.53", "2015-06-30": "$2.95", "2015-03-31": "$2.63", "2014-12-31": "$2.72", "2014-09-30": "$3.02", "2014-06-30": "$2.80", "2014-03-31": "$2.75", "2013-12-31": "$1.94", "2013-09-30": "$1.90", "2013-06-30": "$1.86", "2013-03-31": "$1.72", "2012-12-31": "$1.88", "2012-09-30": "$1.69", "2012-06-30": "$2.01", "2012-03-31": "$1.75", "2011-12-31": "$1.74", "2011-09-30": "$1.65", "2011-06-30": "$1.26", "2011-03-31": "$1.28", "2010-12-31": "$1.63", "2010-09-30": "$1.86", "2010-06-30": "$2.28", "2010-03-31": "$2.08", "2009-12-31": "$1.92", "2009-09-30": "$3.71", "2009-06-30": "$1.77", "2009-03-31": "$-0.33", "2008-12-31": "$3.70", "2008-09-30": "$-0.68", "2008-06-30": "$1.89", "2008-03-31": "$3.98"}, "net worth": {"value": "$16.69B"}, "current ratio": {"current": "1.37", "2020-12-31": "1.37", "2020-09-30": "1.51", "2020-06-30": "0.99", "2020-03-31": "1.08", "2019-12-31": "0.90", "2019-09-30": "1.05", "2019-06-30": "1.30", "2019-03-31": "1.70", "2018-12-31": "1.62", "2018-09-30": "1.69", "2018-06-30": "1.28", "2018-03-31": "1.57", "2017-12-31": "1.79", "2017-09-30": "1.70", "2017-06-30": "1.33", "2017-03-31": "1.26", "2016-12-31": "1.41", "2016-09-30": "1.38", "2016-06-30": "1.86", "2016-03-31": "1.73", "2015-12-31": "1.93", "2015-09-30": "1.93", "2015-06-30": "1.69", "2015-03-31": "1.76", "2014-12-31": "2.17", "2014-09-30": "2.13", "2014-06-30": "1.82", "2014-03-31": "1.65", "2013-12-31": "2.00", "2013-09-30": "1.94", "2013-06-30": "1.72", "2013-03-31": "1.58", "2012-12-31": "1.90", "2012-09-30": "1.98", "2012-06-30": "1.90", "2012-03-31": "1.71", "2011-12-31": "2.11", "2011-09-30": "2.33", "2011-06-30": "0.96", "2011-03-31": "0.83", "2010-12-31": "2.11", "2010-09-30": "2.19", "2010-06-30": "2.04", "2010-03-31": "1.35", "2009-12-31": "1.39", "2009-09-30": "1.35", "2009-06-30": "1.44", "2009-03-31": "1.42", "2008-12-31": "1.40", "2008-09-30": "1.19", "2008-06-30": "1.36", "2008-03-31": "1.25", "2007-12-31": "1.30", "2007-09-30": "1.34", "2007-06-30": "1.37", "2007-03-31": "1.18", "2006-12-31": "0.00", "2006-09-30": "0.00", "2006-03-31": "0.00"}, "quick ratio": {"2020-12-31": "0.00", "2020-09-30": "0.00", "2020-06-30": "0.00", "2020-03-31": "0.00", "2019-12-31": "0.00", "2019-09-30": "0.00", "2019-06-30": "0.00", "2019-03-31": "0.00", "2018-12-31": "0.00", "2018-09-30": "0.00", "2018-06-30": "0.00", "2018-03-31": "0.00", "2017-12-31": "0.00", "2017-09-30": "0.00", "2017-06-30": "0.00", "2017-03-31": "0.00", "2016-12-31": "0.00", "2016-09-30": "0.00", "2016-06-30": "0.00", "2016-03-31": "0.00", "2015-12-31": "0.00", "2015-09-30": "0.00", "2015-06-30": "0.00", "2015-03-31": "0.00", "2014-12-31": "0.00", "2014-09-30": "0.00", "2014-06-30": "0.00", "2014-03-31": "0.00", "2013-12-31": "0.00", "2013-09-30": "0.00", "2013-06-30": "0.00", "2013-03-31": "0.00", "2012-12-31": "0.00", "2012-09-30": "0.00", "2012-06-30": "0.00", "2012-03-31": "0.00", "2011-12-31": "0.00", "2011-09-30": "0.00", "2011-06-30": "0.00", "2011-03-31": "0.00", "2010-12-31": "0.00", "2010-09-30": "0.00", "2010-06-30": "0.00", "2010-03-31": "0.00", "2009-12-31": "0.00", "2009-09-30": "0.00", "2009-06-30": "0.00", "2009-03-31": "0.00", "2008-12-31": "0.00", "2008-09-30": "0.00", "2008-06-30": "0.00", "2008-03-31": "0.00", "2007-12-31": "0.00", "2007-09-30": "0.00", "2007-06-30": "0.00", "2007-03-31": "0.00", "2006-12-31": "0.00", "2006-09-30": "0.00", "2006-03-31": "0.00"}, "debt equity ratio": {"current": "1.23", "2020-12-31": "2.39", "2020-09-30": "2.36", "2020-06-30": "2.63", "2020-03-31": "3.09", "2019-12-31": "2.90", "2019-09-30": "2.69", "2019-06-30": "2.44", "2019-03-31": "1.85", "2018-12-31": "1.99", "2018-09-30": "1.74", "2018-06-30": "2.02", "2018-03-31": "2.00", "2017-12-31": "2.03", "2017-09-30": "2.11", "2017-06-30": "2.14", "2017-03-31": "2.44", "2016-12-31": "2.01", "2016-09-30": "1.80", "2016-06-30": "1.75", "2016-03-31": "1.80", "2015-12-31": "1.50", "2015-09-30": "1.49", "2015-06-30": "1.55", "2015-03-31": "1.54", "2014-12-31": "1.14", "2014-09-30": "1.14", "2014-06-30": "1.28", "2014-03-31": "1.37", "2013-12-31": "1.26", "2013-09-30": "1.28", "2013-06-30": "1.47", "2013-03-31": "1.49", "2012-12-31": "1.37", "2012-09-30": "1.32", "2012-06-30": "1.34", "2012-03-31": "1.52", "2011-12-31": "1.42", "2011-09-30": "1.43", "2011-06-30": "1.39", "2011-03-31": "1.68", "2010-12-31": "1.08", "2010-09-30": "1.10", "2010-06-30": "1.22", "2010-03-31": "2.34", "2009-12-31": "2.18", "2009-09-30": "2.33", "2009-06-30": "2.05", "2009-03-31": "2.09", "2008-12-31": "2.14", "2008-09-30": "3.80", "2008-06-30": "2.80", "2008-03-31": "4.05", "2007-12-31": "3.77", "2007-09-30": "3.56", "2007-06-30": "4.04", "2007-03-31": "4.47", "2006-12-31": "0.00", "2006-09-30": "0.00", "2006-03-31": "0.00"}, "return on equity": {"2020-12-31": "38.46%", "2020-09-30": "37.18%", "2020-06-30": "38.44%", "2020-03-31": "36.18%", "2019-12-31": "36.12%", "2019-09-30": "39.57%", "2019-06-30": "40.58%", "2019-03-31": "42.91%", "2018-12-31": "38.41%", "2018-09-30": "39.88%", "2018-06-30": "39.19%", "2018-03-31": "38.15%", "2017-12-31": "36.96%", "2017-09-30": "34.56%", "2017-06-30": "32.84%", "2017-03-31": "30.81%", "2016-12-31": "29.90%", "2016-09-30": "31.25%", "2016-06-30": "32.29%", "2016-03-31": "32.89%", "2015-12-31": "31.84%", "2015-09-30": "30.96%", "2015-06-30": "30.47%", "2015-03-31": "27.47%", "2014-12-31": "27.16%", "2014-09-30": "27.32%", "2014-06-30": "29.58%", "2014-03-31": "30.26%", "2013-12-31": "30.46%", "2013-09-30": "29.68%", "2013-06-30": "26.84%", "2013-03-31": "20.03%", "2012-12-31": "16.62%", "2012-09-30": "15.50%", "2012-06-30": "15.36%", "2012-03-31": "19.78%", "2011-12-31": "22.18%", "2011-09-30": "22.98%", "2011-06-30": "22.97%", "2011-03-31": "21.40%", "2010-12-31": "19.63%", "2010-09-30": "21.88%", "2010-06-30": "22.49%", "2010-03-31": "23.21%", "2009-12-31": "25.53%", "2009-09-30": "25.68%", "2009-06-30": "27.71%", "2009-03-31": "26.70%", "2008-12-31": "26.58%", "2008-09-30": "27.91%", "2008-06-30": "30.13%", "2008-03-31": "33.06%", "2007-12-31": "38.65%", "2007-09-30": "53.88%", "2007-06-30": "82.76%", "2007-03-31": "124.88%"}, "return on assets": {"2020-12-31": "10.69%", "2020-09-30": "9.99%", "2020-06-30": "10.06%", "2020-03-31": "9.56%", "2019-12-31": "10.47%", "2019-09-30": "12.24%", "2019-06-30": "13.56%", "2019-03-31": "14.83%", "2018-12-31": "13.10%", "2018-09-30": "13.56%", "2018-06-30": "12.91%", "2018-03-31": "12.45%", "2017-12-31": "11.66%", "2017-09-30": "10.90%", "2017-06-30": "10.63%", "2017-03-31": "10.31%", "2016-12-31": "10.54%", "2016-09-30": "11.52%", "2016-06-30": "12.26%", "2016-03-31": "12.74%", "2015-12-31": "12.64%", "2015-09-30": "12.77%", "2015-06-30": "13.05%", "2015-03-31": "12.11%", "2014-12-31": "12.19%", "2014-09-30": "12.09%", "2014-06-30": "12.88%", "2014-03-31": "12.91%", "2013-12-31": "12.84%", "2013-09-30": "12.36%", "2013-06-30": "11.12%", "2013-03-31": "8.42%", "2012-12-31": "6.97%", "2012-09-30": "6.47%", "2012-06-30": "6.34%", "2012-03-31": "8.11%", "2011-12-31": "8.97%", "2011-09-30": "9.61%", "2011-06-30": "9.95%", "2011-03-31": "9.46%", "2010-12-31": "7.96%", "2010-09-30": "7.98%", "2010-06-30": "7.42%", "2010-03-31": "7.20%", "2009-12-31": "8.07%", "2009-09-30": "8.15%", "2009-06-30": "7.92%", "2009-03-31": "7.21%", "2008-12-31": "6.38%", "2008-09-30": "6.09%", "2008-06-30": "6.68%", "2008-03-31": "6.81%", "2007-12-31": "7.86%", "2007-09-30": "10.82%", "2007-06-30": "15.83%", "2007-03-31": "22.87%"}, "return on investments": {"2020-12-31": "22.75%", "2020-09-30": "22.18%", "2020-06-30": "23.36%", "2020-03-31": "21.46%", "2019-12-31": "22.72%", "2019-09-30": "25.38%", "2019-06-30": "26.84%", "2019-03-31": "29.21%", "2018-12-31": "24.98%", "2018-09-30": "26.69%", "2018-06-30": "26.17%", "2018-03-31": "27.74%", "2017-12-31": "27.67%", "2017-09-30": "25.76%", "2017-06-30": "25.71%", "2017-03-31": "24.82%", "2016-12-31": "25.51%", "2016-09-30": "27.38%", "2016-06-30": "28.52%", "2016-03-31": "29.40%", "2015-12-31": "29.54%", "2015-09-30": "29.73%", "2015-06-30": "30.39%", "2015-03-31": "28.86%", "2014-12-31": "28.56%", "2014-09-30": "28.07%", "2014-06-30": "29.58%", "2014-03-31": "28.40%", "2013-12-31": "28.40%", "2013-09-30": "27.44%", "2013-06-30": "24.64%", "2013-03-31": "19.42%", "2012-12-31": "16.26%", "2012-09-30": "15.02%", "2012-06-30": "14.55%", "2012-03-31": "19.48%", "2011-12-31": "23.78%", "2011-09-30": "26.20%", "2011-06-30": "28.12%", "2011-03-31": "26.86%", "2010-12-31": "24.38%", "2010-09-30": "28.33%", "2010-06-30": "29.35%", "2010-03-31": "28.89%", "2009-12-31": "29.88%", "2009-09-30": "28.69%", "2009-06-30": "30.64%", "2009-03-31": "29.12%", "2008-12-31": "28.45%", "2008-09-30": "27.99%", "2008-06-30": "28.05%", "2008-03-31": "27.71%", "2007-12-31": "31.46%", "2007-09-30": "42.79%", "2007-06-30": "63.52%", "2007-03-31": "100.69%"}, "return on tangible equity": {"2020-12-31": "-56.29%", "2020-09-30": "-47.06%", "2020-06-30": "-45.50%", "2020-03-31": "-40.71%", "2019-12-31": "-49.65%", "2019-09-30": "-65.34%", "2019-06-30": "-79.70%", "2019-03-31": "-94.36%", "2018-12-31": "-77.48%", "2018-09-30": "-79.37%", "2018-06-30": "-71.13%", "2018-03-31": "-68.17%", "2017-12-31": "-59.12%", "2017-09-30": "-52.89%", "2017-06-30": "-51.05%", "2017-03-31": "-59.50%", "2016-12-31": "-72.99%", "2016-09-30": "-101.15%", "2016-06-30": "-140.80%", "2016-03-31": "-128.13%", "2015-12-31": "-142.72%", "2015-09-30": "-187.97%", "2015-06-30": "-297.67%", "2015-03-31": "-605.78%", "2014-12-31": "-745.32%", "2014-09-30": "-506.53%", "2014-06-30": "-362.76%", "2014-03-31": "-295.70%", "2013-12-31": "-259.74%", "2013-09-30": "-218.85%", "2013-06-30": "-181.97%", "2013-03-31": "-140.35%", "2012-12-31": "-114.29%", "2012-09-30": "-98.23%", "2012-06-30": "-90.68%", "2012-03-31": "-112.34%", "2011-12-31": "-112.58%", "2011-09-30": "-191.16%", "2011-06-30": "-669.31%", "2011-03-31": "267.80%", "2010-12-31": "81.17%", "2010-09-30": "70.03%", "2010-06-30": "61.74%", "2010-03-31": "58.68%", "2009-12-31": "65.12%", "2009-09-30": "67.56%", "2009-06-30": "74.60%", "2009-03-31": "79.30%", "2008-12-31": "89.71%", "2008-09-30": "111.08%", "2008-06-30": "156.28%", "2008-03-31": "275.18%", "2007-12-31": "1177.14%", "2007-09-30": "-3904.76%", "2007-06-30": "-1147.83%", "2007-03-31": "-604.55%"}, "dividend yield history": {"last payout": "$2.30", "last yield": "1.60%"}}