{"ticker": "AVGO", "price": {"title": "Broadcom Historical Annual Stock Price Data", "value": 466.01, "historical": {"2020": {"Average Stock Price": "322.0752", "Year Open": "322.3900", "Year High": "437.8500", "Year Low": "167.8700", "Year Close": "437.8500", "Annual % Change": "38.55%"}, "2019": {"Average Stock Price": "287.7980", "Year Open": "253.5100", "Year High": "327.8000", "Year Low": "230.9600", "Year Close": "316.0200", "Annual % Change": "24.28%"}, "2018": {"Average Stock Price": "239.2139", "Year Open": "267.0100", "Year High": "272.2700", "Year Low": "202.4600", "Year Close": "254.2800", "Annual % Change": "-1.02%"}, "2017": {"Average Stock Price": "236.3971", "Year Open": "178.3400", "Year High": "284.6200", "Year Low": "174.2800", "Year Close": "256.9000", "Annual % Change": "45.33%"}, "2016": {"Average Stock Price": "157.1903", "Year Open": "142.2800", "Year High": "182.3100", "Year Low": "116.3100", "Year Close": "176.7700", "Annual % Change": "21.78%"}, "2015": {"Average Stock Price": "125.5925", "Year Open": "100.0900", "Year High": "148.8300", "Year Low": "96.2500", "Year Close": "145.1500", "Annual % Change": "44.30%"}, "2014": {"Average Stock Price": "73.4865", "Year Open": "52.6500", "Year High": "103.9900", "Year Low": "52.4900", "Year Close": "100.5900", "Annual % Change": "90.23%"}, "2013": {"Average Stock Price": "38.5426", "Year Open": "32.5400", "Year High": "53.5600", "Year Low": "31.2600", "Year Close": "52.8790", "Annual % Change": "67.07%"}, "2012": {"Average Stock Price": "34.4770", "Year Open": "28.9450", "Year High": "38.9700", "Year Low": "28.3100", "Year Close": "31.6508", "Annual % Change": "9.67%"}, "2011": {"Average Stock Price": "32.4078", "Year Open": "27.8000", "Year High": "39.0800", "Year Low": "27.1900", "Year Close": "28.8600", "Annual % Change": "1.58%"}, "2010": {"Average Stock Price": "21.5153", "Year Open": "18.8600", "Year High": "28.8800", "Year Low": "16.8000", "Year Close": "28.4125", "Annual % Change": "55.34%"}, "2009": {"Average Stock Price": "16.5298", "Year Open": "16.1800", "Year High": "18.4700", "Year Low": "14.4900", "Year Close": "18.2900", "Annual % Change": "0.00%"}}}, "market cap": {"value": "$189.53B"}, "income statement": {"Revenue": {"2020-10-31": "23888.00000", "2019-10-31": "22597.00000", "2018-10-31": "20848.00000", "2017-10-31": "17636.00000", "2016-10-31": "13240.00000", "2015-10-31": "6824.00000", "2014-10-31": "4269.00000", "2013-10-31": "2520.00000", "2012-10-31": "2364.00000", "2011-10-31": "2336.00000", "2010-10-31": "2093.00000", "2009-10-31": "1484.00000", "2008-10-31": "1699.00000", "2007-10-31": "1527.00000"}, "Cost Of Goods Sold": {"2020-10-31": "10372.00000", "2019-10-31": "10114.00000", "2018-10-31": "10115.00000", "2017-10-31": "9127.00000", "2016-10-31": "7300.00000", "2015-10-31": "3271.00000", "2014-10-31": "2392.00000", "2013-10-31": "1322.00000", "2012-10-31": "1222.00000", "2011-10-31": "1189.00000", "2010-10-31": "1127.00000", "2009-10-31": "924.00000", "2008-10-31": "1044.00000", "2007-10-31": "1165.00000"}, "Gross Profit": {"2020-10-31": "13516.00000", "2019-10-31": "12483.00000", "2018-10-31": "10733.00000", "2017-10-31": "8509.00000", "2016-10-31": "5940.00000", "2015-10-31": "3553.00000", "2014-10-31": "1877.00000", "2013-10-31": "1198.00000", "2012-10-31": "1142.00000", "2011-10-31": "1147.00000", "2010-10-31": "966.00000", "2009-10-31": "560.00000", "2008-10-31": "655.00000", "2007-10-31": "362.00000"}, "Research And Development Expenses": {"2020-10-31": "4968.00000", "2019-10-31": "4696.00000", "2018-10-31": "3768.00000", "2017-10-31": "3302.00000", "2016-10-31": "2674.00000", "2015-10-31": "1049.00000", "2014-10-31": "695.00000", "2013-10-31": "398.00000", "2012-10-31": "335.00000", "2011-10-31": "317.00000", "2010-10-31": "280.00000", "2009-10-31": "245.00000", "2008-10-31": "265.00000", "2007-10-31": "205.00000"}, "SG&A Expenses": {"2020-10-31": "1935.00000", "2019-10-31": "1709.00000", "2018-10-31": "1056.00000", "2017-10-31": "789.00000", "2016-10-31": "806.00000", "2015-10-31": "486.00000", "2014-10-31": "407.00000", "2013-10-31": "222.00000", "2012-10-31": "199.00000", "2011-10-31": "220.00000", "2010-10-31": "196.00000", "2009-10-31": "169.00000", "2008-10-31": "196.00000", "2007-10-31": "193.00000"}, "Other Operating Income Or Expenses": {"2020-10-31": "", "2019-10-31": "", "2018-10-31": "-14.00000", "2017-10-31": "-122.00000", "2016-10-31": "", "2015-10-31": "", "2014-10-31": "", "2013-10-31": "", "2012-10-31": "", "2011-10-31": "", "2010-10-31": "", "2009-10-31": "-54.00000", "2008-10-31": "", "2007-10-31": "-18.00000"}, "Operating Expenses": {"2020-10-31": "19874.00000", "2019-10-31": "19153.00000", "2018-10-31": "15713.00000", "2017-10-31": "15265.00000", "2016-10-31": "13649.00000", "2015-10-31": "5192.00000", "2014-10-31": "3831.00000", "2013-10-31": "1968.00000", "2012-10-31": "1782.00000", "2011-10-31": "1752.00000", "2010-10-31": "1627.00000", "2009-10-31": "1436.00000", "2008-10-31": "1539.00000", "2007-10-31": "1632.00000"}, "Operating Income": {"2020-10-31": "4014.00000", "2019-10-31": "3444.00000", "2018-10-31": "5135.00000", "2017-10-31": "2371.00000", "2016-10-31": "-409.00000", "2015-10-31": "1632.00000", "2014-10-31": "438.00000", "2013-10-31": "552.00000", "2012-10-31": "582.00000", "2011-10-31": "584.00000", "2010-10-31": "466.00000", "2009-10-31": "48.00000", "2008-10-31": "160.00000", "2007-10-31": "-105.00000"}, "Total Non-Operating Income/Expense": {"2020-10-31": "-1571.00000", "2019-10-31": "-1218.00000", "2018-10-31": "-590.00000", "2017-10-31": "-546.00000", "2016-10-31": "-698.00000", "2015-10-31": "-165.00000", "2014-10-31": "-96.00000", "2013-10-31": "16.00000", "2012-10-31": "3.00000", "2011-10-31": "-23.00000", "2010-10-31": "-60.00000", "2009-10-31": "-84.00000", "2008-10-31": "-100.00000", "2007-10-31": "-107.00000"}, "Pre-Tax Income": {"2020-10-31": "2443.00000", "2019-10-31": "2226.00000", "2018-10-31": "4545.00000", "2017-10-31": "1825.00000", "2016-10-31": "-1107.00000", "2015-10-31": "1467.00000", "2014-10-31": "342.00000", "2013-10-31": "568.00000", "2012-10-31": "585.00000", "2011-10-31": "561.00000", "2010-10-31": "406.00000", "2009-10-31": "-36.00000", "2008-10-31": "60.00000", "2007-10-31": "-212.00000"}, "Income Taxes": {"2020-10-31": "-518.00000", "2019-10-31": "-510.00000", "2018-10-31": "-8084.00000", "2017-10-31": "35.00000", "2016-10-31": "642.00000", "2015-10-31": "76.00000", "2014-10-31": "33.00000", "2013-10-31": "16.00000", "2012-10-31": "22.00000", "2011-10-31": "9.00000", "2010-10-31": "-9.00000", "2009-10-31": "8.00000", "2008-10-31": "3.00000", "2007-10-31": "8.00000"}, "Income After Taxes": {"2020-10-31": "2961.00000", "2019-10-31": "2736.00000", "2018-10-31": "12629.00000", "2017-10-31": "1790.00000", "2016-10-31": "-1749.00000", "2015-10-31": "1391.00000", "2014-10-31": "309.00000", "2013-10-31": "552.00000", "2012-10-31": "563.00000", "2011-10-31": "552.00000", "2010-10-31": "415.00000", "2009-10-31": "-44.00000", "2008-10-31": "57.00000", "2007-10-31": "-220.00000"}, "Other Income": {"2020-10-31": "", "2019-10-31": "", "2018-10-31": "", "2017-10-31": "", "2016-10-31": "", "2015-10-31": "", "2014-10-31": "", "2013-10-31": "", "2012-10-31": "", "2011-10-31": "", "2010-10-31": "", "2009-10-31": "", "2008-10-31": "", "2007-10-31": ""}, "Income From Continuous Operations": {"2020-10-31": "2961.00000", "2019-10-31": "2736.00000", "2018-10-31": "12629.00000", "2017-10-31": "1790.00000", "2016-10-31": "-1749.00000", "2015-10-31": "1391.00000", "2014-10-31": "309.00000", "2013-10-31": "552.00000", "2012-10-31": "563.00000", "2011-10-31": "552.00000", "2010-10-31": "415.00000", "2009-10-31": "-44.00000", "2008-10-31": "57.00000", "2007-10-31": "-220.00000"}, "Income From Discontinued Operations": {"2020-10-31": "-1.00000", "2019-10-31": "-12.00000", "2018-10-31": "-19.00000", "2017-10-31": "-6.00000", "2016-10-31": "-112.00000", "2015-10-31": "-27.00000", "2014-10-31": "-46.00000", "2013-10-31": "0.00000", "2012-10-31": "0.00000", "2011-10-31": "", "2010-10-31": "", "2009-10-31": "", "2008-10-31": "26.00000", "2007-10-31": "61.00000"}, "Net Income": {"2020-10-31": "2663.00000", "2019-10-31": "2695.00000", "2018-10-31": "12259.00000", "2017-10-31": "1692.00000", "2016-10-31": "-1739.00000", "2015-10-31": "1364.00000", "2014-10-31": "263.00000", "2013-10-31": "552.00000", "2012-10-31": "563.00000", "2011-10-31": "552.00000", "2010-10-31": "415.00000", "2009-10-31": "-44.00000", "2008-10-31": "83.00000", "2007-10-31": "-159.00000"}, "EBITDA": {"2020-10-31": "10919.00000", "2019-10-31": "9252.00000", "2018-10-31": "9216.00000", "2017-10-31": "7108.00000", "2016-10-31": "2669.00000", "2015-10-31": "2616.00000", "2014-10-31": "1077.00000", "2013-10-31": "740.00000", "2012-10-31": "737.00000", "2011-10-31": "742.00000", "2010-10-31": "627.00000", "2009-10-31": "212.00000", "2008-10-31": "323.00000", "2007-10-31": "75.00000"}, "EBIT": {"2020-10-31": "4014.00000", "2019-10-31": "3444.00000", "2018-10-31": "5135.00000", "2017-10-31": "2371.00000", "2016-10-31": "-409.00000", "2015-10-31": "1632.00000", "2014-10-31": "438.00000", "2013-10-31": "552.00000", "2012-10-31": "582.00000", "2011-10-31": "584.00000", "2010-10-31": "466.00000", "2009-10-31": "48.00000", "2008-10-31": "160.00000", "2007-10-31": "-105.00000"}, "Basic Shares Outstanding": {"2020-10-31": "402.00000", "2019-10-31": "398.00000", "2018-10-31": "418.00000", "2017-10-31": "405.00000", "2016-10-31": "366.00000", "2015-10-31": "264.00000", "2014-10-31": "251.00000", "2013-10-31": "247.00000", "2012-10-31": "245.00000", "2011-10-31": "245.00000", "2010-10-31": "238.00000", "2009-10-31": "219.00000", "2008-10-31": "214.00000", "2007-10-31": "214.00000"}, "Shares Outstanding": {"2020-10-31": "421.00000", "2019-10-31": "419.00000", "2018-10-31": "431.00000", "2017-10-31": "421.00000", "2016-10-31": "383.00000", "2015-10-31": "281.00000", "2014-10-31": "267.00000", "2013-10-31": "252.00000", "2012-10-31": "250.00000", "2011-10-31": "252.00000", "2010-10-31": "246.00000", "2009-10-31": "219.00000", "2008-10-31": "219.00000", "2007-10-31": "214.00000"}, "Basic EPS": {"2020-10-31": "6.62000", "2019-10-31": "6.77000", "2018-10-31": "29.33000", "2017-10-31": "4.18000", "2016-10-31": "-4.75000", "2015-10-31": "5.17000", "2014-10-31": "1.05000", "2013-10-31": "2.23000", "2012-10-31": "2.30000", "2011-10-31": "2.25000", "2010-10-31": "1.74000", "2009-10-31": "-0.20000", "2008-10-31": "0.39000", "2007-10-31": "-0.74000"}, "EPS - Earnings Per Share": {"2020-10-31": "6.33000", "2019-10-31": "6.43000", "2018-10-31": "28.44000", "2017-10-31": "4.02000", "2016-10-31": "-4.86000", "2015-10-31": "4.85000", "2014-10-31": "0.99000", "2013-10-31": "2.19000", "2012-10-31": "2.25000", "2011-10-31": "2.19000", "2010-10-31": "1.69000", "2009-10-31": "-0.20000", "2008-10-31": "0.38000", "2007-10-31": "-0.74000"}}, "income statement, quarterly": {"Revenue": {"2020-10-31": "6467.00000", "2020-07-31": "5821.00000", "2020-04-30": "5742.00000", "2020-01-31": "5858.00000", "2019-10-31": "5776.00000", "2019-07-31": "5515.00000", "2019-04-30": "5517.00000", "2019-01-31": "5789.00000", "2018-10-31": "5444.00000", "2018-07-31": "5063.00000", "2018-04-30": "5014.00000", "2018-01-31": "5327.00000", "2017-10-31": "4844.00000", "2017-07-31": "4463.00000", "2017-04-30": "4190.00000", "2017-01-31": "4139.00000", "2016-10-31": "4136.00000", "2016-07-31": "3792.00000", "2016-04-30": "3541.00000", "2016-01-31": "1771.00000", "2015-10-31": "1840.00000", "2015-07-31": "1735.00000", "2015-04-30": "1614.00000", "2015-01-31": "1635.00000", "2014-10-31": "1590.00000", "2014-07-31": "1269.00000", "2014-04-30": "701.00000", "2014-01-31": "709.00000", "2013-10-31": "738.00000", "2013-07-31": "644.00000", "2013-04-30": "562.00000", "2013-01-31": "576.00000", "2012-10-31": "618.00000", "2012-07-31": "606.00000", "2012-04-30": "577.00000", "2012-01-31": "563.00000", "2011-10-31": "623.00000", "2011-07-31": "603.00000", "2011-04-30": "560.00000", "2011-01-31": "550.00000", "2010-10-31": "572.00000", "2010-07-31": "550.00000", "2010-04-30": "515.00000", "2010-01-31": "456.00000", "2009-10-31": "428.00000", "2009-07-31": "363.00000", "2009-04-30": "325.00000", "2009-01-31": "368.00000", "2008-10-31": "", "2008-07-31": "439.00000"}, "Cost Of Goods Sold": {"2020-10-31": "2720.00000", "2020-07-31": "2505.00000", "2020-04-30": "2553.00000", "2020-01-31": "2594.00000", "2019-10-31": "2624.00000", "2019-07-31": "2481.00000", "2019-04-30": "2428.00000", "2019-01-31": "2581.00000", "2018-10-31": "2509.00000", "2018-07-31": "2444.00000", "2018-04-30": "2463.00000", "2018-01-31": "2699.00000", "2017-10-31": "2461.00000", "2017-07-31": "2314.00000", "2017-04-30": "2214.00000", "2017-01-31": "2138.00000", "2016-10-31": "1965.00000", "2016-07-31": "2010.00000", "2016-04-30": "2495.00000", "2016-01-31": "830.00000", "2015-10-31": "843.00000", "2015-07-31": "851.00000", "2015-04-30": "768.00000", "2015-01-31": "809.00000", "2014-10-31": "802.00000", "2014-07-31": "876.00000", "2014-04-30": "344.00000", "2014-01-31": "370.00000", "2013-10-31": "392.00000", "2013-07-31": "340.00000", "2013-04-30": "290.00000", "2013-01-31": "300.00000", "2012-10-31": "319.00000", "2012-07-31": "311.00000", "2012-04-30": "299.00000", "2012-01-31": "293.00000", "2011-10-31": "319.00000", "2011-07-31": "306.00000", "2011-04-30": "285.00000", "2011-01-31": "279.00000", "2010-10-31": "296.00000", "2010-07-31": "287.00000", "2010-04-30": "282.00000", "2010-01-31": "262.00000", "2009-10-31": "250.00000", "2009-07-31": "222.00000", "2009-04-30": "227.00000", "2009-01-31": "225.00000", "2008-10-31": "", "2008-07-31": "268.00000"}, "Gross Profit": {"2020-10-31": "3747.00000", "2020-07-31": "3316.00000", "2020-04-30": "3189.00000", "2020-01-31": "3264.00000", "2019-10-31": "3152.00000", "2019-07-31": "3034.00000", "2019-04-30": "3089.00000", "2019-01-31": "3208.00000", "2018-10-31": "2935.00000", "2018-07-31": "2619.00000", "2018-04-30": "2551.00000", "2018-01-31": "2628.00000", "2017-10-31": "2383.00000", "2017-07-31": "2149.00000", "2017-04-30": "1976.00000", "2017-01-31": "2001.00000", "2016-10-31": "2171.00000", "2016-07-31": "1782.00000", "2016-04-30": "1046.00000", "2016-01-31": "941.00000", "2015-10-31": "997.00000", "2015-07-31": "884.00000", "2015-04-30": "846.00000", "2015-01-31": "826.00000", "2014-10-31": "788.00000", "2014-07-31": "393.00000", "2014-04-30": "357.00000", "2014-01-31": "339.00000", "2013-10-31": "346.00000", "2013-07-31": "304.00000", "2013-04-30": "272.00000", "2013-01-31": "276.00000", "2012-10-31": "299.00000", "2012-07-31": "295.00000", "2012-04-30": "278.00000", "2012-01-31": "270.00000", "2011-10-31": "304.00000", "2011-07-31": "297.00000", "2011-04-30": "275.00000", "2011-01-31": "271.00000", "2010-10-31": "276.00000", "2010-07-31": "263.00000", "2010-04-30": "233.00000", "2010-01-31": "194.00000", "2009-10-31": "178.00000", "2009-07-31": "141.00000", "2009-04-30": "98.00000", "2009-01-31": "143.00000", "2008-10-31": "", "2008-07-31": "171.00000"}, "Research And Development Expenses": {"2020-10-31": "1182.00000", "2020-07-31": "1228.00000", "2020-04-30": "1269.00000", "2020-01-31": "1289.00000", "2019-10-31": "1177.00000", "2019-07-31": "1235.00000", "2019-04-30": "1151.00000", "2019-01-31": "1133.00000", "2018-10-31": "948.00000", "2018-07-31": "959.00000", "2018-04-30": "936.00000", "2018-01-31": "925.00000", "2017-10-31": "838.00000", "2017-07-31": "827.00000", "2017-04-30": "829.00000", "2017-01-31": "808.00000", "2016-10-31": "806.00000", "2016-07-31": "814.00000", "2016-04-30": "787.00000", "2016-01-31": "267.00000", "2015-10-31": "287.00000", "2015-07-31": "276.00000", "2015-04-30": "251.00000", "2015-01-31": "235.00000", "2014-10-31": "234.00000", "2014-07-31": "240.00000", "2014-04-30": "114.00000", "2014-01-31": "107.00000", "2013-10-31": "109.00000", "2013-07-31": "101.00000", "2013-04-30": "95.00000", "2013-01-31": "93.00000", "2012-10-31": "80.00000", "2012-07-31": "89.00000", "2012-04-30": "84.00000", "2012-01-31": "82.00000", "2011-10-31": "83.00000", "2011-07-31": "85.00000", "2011-04-30": "76.00000", "2011-01-31": "73.00000", "2010-10-31": "75.00000", "2010-07-31": "71.00000", "2010-04-30": "70.00000", "2010-01-31": "64.00000", "2009-10-31": "65.00000", "2009-07-31": "59.00000", "2009-04-30": "59.00000", "2009-01-31": "62.00000", "2008-10-31": "", "2008-07-31": "68.00000"}, "SG&A Expenses": {"2020-10-31": "405.00000", "2020-07-31": "428.00000", "2020-04-30": "501.00000", "2020-01-31": "601.00000", "2019-10-31": "409.00000", "2019-07-31": "410.00000", "2019-04-30": "419.00000", "2019-01-31": "471.00000", "2018-10-31": "237.00000", "2018-07-31": "234.00000", "2018-04-30": "294.00000", "2018-01-31": "291.00000", "2017-10-31": "184.00000", "2017-07-31": "200.00000", "2017-04-30": "204.00000", "2017-01-31": "201.00000", "2016-10-31": "224.00000", "2016-07-31": "230.00000", "2016-04-30": "238.00000", "2016-01-31": "114.00000", "2015-10-31": "118.00000", "2015-07-31": "143.00000", "2015-04-30": "108.00000", "2015-01-31": "117.00000", "2014-10-31": "129.00000", "2014-07-31": "137.00000", "2014-04-30": "67.00000", "2014-01-31": "74.00000", "2013-10-31": "60.00000", "2013-07-31": "57.00000", "2013-04-30": "52.00000", "2013-01-31": "53.00000", "2012-10-31": "49.00000", "2012-07-31": "49.00000", "2012-04-30": "51.00000", "2012-01-31": "50.00000", "2011-10-31": "55.00000", "2011-07-31": "60.00000", "2011-04-30": "55.00000", "2011-01-31": "50.00000", "2010-10-31": "51.00000", "2010-07-31": "51.00000", "2010-04-30": "48.00000", "2010-01-31": "46.00000", "2009-10-31": "47.00000", "2009-07-31": "40.00000", "2009-04-30": "42.00000", "2009-01-31": "40.00000", "2008-10-31": "", "2008-07-31": "50.00000"}, "Other Operating Income Or Expenses": {"2020-10-31": "", "2020-07-31": "", "2020-04-30": "", "2020-01-31": "", "2019-10-31": "", "2019-07-31": "", "2019-04-30": "", "2019-01-31": "", "2018-10-31": "", "2018-07-31": "", "2018-04-30": "", "2018-01-31": "", "2017-10-31": "", "2017-07-31": "", "2017-04-30": "", "2017-01-31": "", "2016-10-31": "", "2016-07-31": "", "2016-04-30": "", "2016-01-31": "", "2015-10-31": "", "2015-07-31": "", "2015-04-30": "", "2015-01-31": "", "2014-10-31": "", "2014-07-31": "", "2014-04-30": "", "2014-01-31": "", "2013-10-31": "", "2013-07-31": "", "2013-04-30": "", "2013-01-31": "", "2012-10-31": "", "2012-07-31": "", "2012-04-30": "", "2012-01-31": "", "2011-10-31": "", "2011-07-31": "", "2011-04-30": "", "2011-01-31": "", "2010-10-31": "", "2010-07-31": "", "2010-04-30": "", "2010-01-31": "", "2009-10-31": "", "2009-07-31": "", "2009-04-30": "", "2009-01-31": "", "2008-10-31": "", "2008-07-31": ""}, "Operating Expenses": {"2020-10-31": "4941.00000", "2020-07-31": "4813.00000", "2020-04-30": "4976.00000", "2020-01-31": "5144.00000", "2019-10-31": "4722.00000", "2019-07-31": "4650.00000", "2019-04-30": "4547.00000", "2019-01-31": "5234.00000", "2018-10-31": "3792.00000", "2018-07-31": "3724.00000", "2018-04-30": "3813.00000", "2018-01-31": "4384.00000", "2017-10-31": "4101.00000", "2017-07-31": "3815.00000", "2017-04-30": "3716.00000", "2017-01-31": "3633.00000", "2016-10-31": "3755.00000", "2016-07-31": "4056.00000", "2016-04-30": "4542.00000", "2016-01-31": "1296.00000", "2015-10-31": "1326.00000", "2015-07-31": "1436.00000", "2015-04-30": "1196.00000", "2015-01-31": "1234.00000", "2014-10-31": "1289.00000", "2014-07-31": "1431.00000", "2014-04-30": "541.00000", "2014-01-31": "570.00000", "2013-10-31": "568.00000", "2013-07-31": "504.00000", "2013-04-30": "444.00000", "2013-01-31": "452.00000", "2012-10-31": "454.00000", "2012-07-31": "457.00000", "2012-04-30": "440.00000", "2012-01-31": "431.00000", "2011-10-31": "464.00000", "2011-07-31": "458.00000", "2011-04-30": "422.00000", "2011-01-31": "408.00000", "2010-10-31": "427.00000", "2010-07-31": "415.00000", "2010-04-30": "407.00000", "2010-01-31": "378.00000", "2009-10-31": "423.00000", "2009-07-31": "339.00000", "2009-04-30": "336.00000", "2009-01-31": "338.00000", "2008-10-31": "", "2008-07-31": "395.00000"}, "Operating Income": {"2020-10-31": "1526.00000", "2020-07-31": "1008.00000", "2020-04-30": "766.00000", "2020-01-31": "714.00000", "2019-10-31": "1054.00000", "2019-07-31": "865.00000", "2019-04-30": "970.00000", "2019-01-31": "555.00000", "2018-10-31": "1652.00000", "2018-07-31": "1339.00000", "2018-04-30": "1201.00000", "2018-01-31": "943.00000", "2017-10-31": "743.00000", "2017-07-31": "648.00000", "2017-04-30": "474.00000", "2017-01-31": "506.00000", "2016-10-31": "381.00000", "2016-07-31": "-264.00000", "2016-04-30": "-1001.00000", "2016-01-31": "475.00000", "2015-10-31": "514.00000", "2015-07-31": "299.00000", "2015-04-30": "418.00000", "2015-01-31": "401.00000", "2014-10-31": "301.00000", "2014-07-31": "-162.00000", "2014-04-30": "160.00000", "2014-01-31": "139.00000", "2013-10-31": "170.00000", "2013-07-31": "140.00000", "2013-04-30": "118.00000", "2013-01-31": "124.00000", "2012-10-31": "164.00000", "2012-07-31": "149.00000", "2012-04-30": "137.00000", "2012-01-31": "132.00000", "2011-10-31": "159.00000", "2011-07-31": "145.00000", "2011-04-30": "138.00000", "2011-01-31": "142.00000", "2010-10-31": "145.00000", "2010-07-31": "135.00000", "2010-04-30": "108.00000", "2010-01-31": "78.00000", "2009-10-31": "5.00000", "2009-07-31": "24.00000", "2009-04-30": "-11.00000", "2009-01-31": "30.00000", "2008-10-31": "", "2008-07-31": "44.00000"}, "Total Non-Operating Income/Expense": {"2020-10-31": "-389.00000", "2020-07-31": "-415.00000", "2020-04-30": "-357.00000", "2020-01-31": "-410.00000", "2019-10-31": "-307.00000", "2019-07-31": "-321.00000", "2019-04-30": "-313.00000", "2019-01-31": "-277.00000", "2018-10-31": "-230.00000", "2018-07-31": "-110.00000", "2018-04-30": "-102.00000", "2018-01-31": "-148.00000", "2017-10-31": "-98.00000", "2017-07-31": "-100.00000", "2017-04-30": "-109.00000", "2017-01-31": "-239.00000", "2016-10-31": "-146.00000", "2016-07-31": "-156.00000", "2016-04-30": "-315.00000", "2016-01-31": "-81.00000", "2015-10-31": "-29.00000", "2015-07-31": "-32.00000", "2015-04-30": "-54.00000", "2015-01-31": "-50.00000", "2014-10-31": "-38.00000", "2014-07-31": "-57.00000", "2014-04-30": "-1.00000", "2014-01-31": "", "2013-10-31": "10.00000", "2013-07-31": "4.00000", "2013-04-30": "", "2013-01-31": "2.00000", "2012-10-31": "1.00000", "2012-07-31": "1.00000", "2012-04-30": "3.00000", "2012-01-31": "-2.00000", "2011-10-31": "", "2011-07-31": "", "2011-04-30": "-1.00000", "2011-01-31": "-22.00000", "2010-10-31": "-7.00000", "2010-07-31": "-8.00000", "2010-04-30": "-9.00000", "2010-01-31": "-36.00000", "2009-10-31": "-27.00000", "2009-07-31": "-16.00000", "2009-04-30": "-22.00000", "2009-01-31": "-19.00000", "2008-10-31": "", "2008-07-31": "-20.00000"}, "Pre-Tax Income": {"2020-10-31": "1137.00000", "2020-07-31": "593.00000", "2020-04-30": "409.00000", "2020-01-31": "304.00000", "2019-10-31": "747.00000", "2019-07-31": "544.00000", "2019-04-30": "657.00000", "2019-01-31": "278.00000", "2018-10-31": "1422.00000", "2018-07-31": "1229.00000", "2018-04-30": "1099.00000", "2018-01-31": "795.00000", "2017-10-31": "645.00000", "2017-07-31": "548.00000", "2017-04-30": "365.00000", "2017-01-31": "267.00000", "2016-10-31": "235.00000", "2016-07-31": "-420.00000", "2016-04-30": "-1316.00000", "2016-01-31": "394.00000", "2015-10-31": "485.00000", "2015-07-31": "267.00000", "2015-04-30": "364.00000", "2015-01-31": "351.00000", "2014-10-31": "263.00000", "2014-07-31": "-219.00000", "2014-04-30": "159.00000", "2014-01-31": "139.00000", "2013-10-31": "180.00000", "2013-07-31": "144.00000", "2013-04-30": "118.00000", "2013-01-31": "126.00000", "2012-10-31": "165.00000", "2012-07-31": "150.00000", "2012-04-30": "140.00000", "2012-01-31": "130.00000", "2011-10-31": "159.00000", "2011-07-31": "145.00000", "2011-04-30": "137.00000", "2011-01-31": "120.00000", "2010-10-31": "138.00000", "2010-07-31": "127.00000", "2010-04-30": "99.00000", "2010-01-31": "42.00000", "2009-10-31": "-22.00000", "2009-07-31": "8.00000", "2009-04-30": "-33.00000", "2009-01-31": "11.00000", "2008-10-31": "", "2008-07-31": "24.00000"}, "Income Taxes": {"2020-10-31": "-187.00000", "2020-07-31": "-96.00000", "2020-04-30": "-159.00000", "2020-01-31": "-76.00000", "2019-10-31": "-100.00000", "2019-07-31": "-171.00000", "2019-04-30": "-36.00000", "2019-01-31": "-203.00000", "2018-10-31": "307.00000", "2018-07-31": "32.00000", "2018-04-30": "-2637.00000", "2018-01-31": "-5786.00000", "2017-10-31": "89.00000", "2017-07-31": "39.00000", "2017-04-30": "-103.00000", "2017-01-31": "10.00000", "2016-10-31": "841.00000", "2016-07-31": "-117.00000", "2016-04-30": "-99.00000", "2016-01-31": "17.00000", "2015-10-31": "15.00000", "2015-07-31": "23.00000", "2015-04-30": "25.00000", "2015-01-31": "13.00000", "2014-10-31": "126.00000", "2014-07-31": "-99.00000", "2014-04-30": "1.00000", "2014-01-31": "5.00000", "2013-10-31": "8.00000", "2013-07-31": "2.00000", "2013-04-30": "5.00000", "2013-01-31": "1.00000", "2012-10-31": "6.00000", "2012-07-31": "5.00000", "2012-04-30": "6.00000", "2012-01-31": "5.00000", "2011-10-31": "5.00000", "2011-07-31": "1.00000", "2011-04-30": "2.00000", "2011-01-31": "1.00000", "2010-10-31": "-26.00000", "2010-07-31": "4.00000", "2010-04-30": "9.00000", "2010-01-31": "4.00000", "2009-10-31": "-1.00000", "2009-07-31": "6.00000", "2009-04-30": "-2.00000", "2009-01-31": "5.00000", "2008-10-31": "", "2008-07-31": "5.00000"}, "Income After Taxes": {"2020-10-31": "1324.00000", "2020-07-31": "689.00000", "2020-04-30": "568.00000", "2020-01-31": "380.00000", "2019-10-31": "847.00000", "2019-07-31": "715.00000", "2019-04-30": "693.00000", "2019-01-31": "481.00000", "2018-10-31": "1115.00000", "2018-07-31": "1197.00000", "2018-04-30": "3736.00000", "2018-01-31": "6581.00000", "2017-10-31": "556.00000", "2017-07-31": "509.00000", "2017-04-30": "468.00000", "2017-01-31": "257.00000", "2016-10-31": "-606.00000", "2016-07-31": "-303.00000", "2016-04-30": "-1217.00000", "2016-01-31": "377.00000", "2015-10-31": "470.00000", "2015-07-31": "244.00000", "2015-04-30": "339.00000", "2015-01-31": "338.00000", "2014-10-31": "137.00000", "2014-07-31": "-120.00000", "2014-04-30": "158.00000", "2014-01-31": "134.00000", "2013-10-31": "172.00000", "2013-07-31": "142.00000", "2013-04-30": "113.00000", "2013-01-31": "125.00000", "2012-10-31": "159.00000", "2012-07-31": "145.00000", "2012-04-30": "134.00000", "2012-01-31": "125.00000", "2011-10-31": "154.00000", "2011-07-31": "144.00000", "2011-04-30": "135.00000", "2011-01-31": "119.00000", "2010-10-31": "164.00000", "2010-07-31": "123.00000", "2010-04-30": "90.00000", "2010-01-31": "38.00000", "2009-10-31": "-21.00000", "2009-07-31": "2.00000", "2009-04-30": "-31.00000", "2009-01-31": "6.00000", "2008-10-31": "", "2008-07-31": "19.00000"}, "Other Income": {"2020-10-31": "", "2020-07-31": "", "2020-04-30": "", "2020-01-31": "", "2019-10-31": "", "2019-07-31": "", "2019-04-30": "", "2019-01-31": "", "2018-10-31": "", "2018-07-31": "", "2018-04-30": "", "2018-01-31": "", "2017-10-31": "", "2017-07-31": "", "2017-04-30": "", "2017-01-31": "", "2016-10-31": "", "2016-07-31": "", "2016-04-30": "", "2016-01-31": "", "2015-10-31": "", "2015-07-31": "", "2015-04-30": "", "2015-01-31": "", "2014-10-31": "", "2014-07-31": "", "2014-04-30": "", "2014-01-31": "", "2013-10-31": "", "2013-07-31": "", "2013-04-30": "", "2013-01-31": "", "2012-10-31": "", "2012-07-31": "", "2012-04-30": "", "2012-01-31": "", "2011-10-31": "", "2011-07-31": "", "2011-04-30": "", "2011-01-31": "", "2010-10-31": "", "2010-07-31": "", "2010-04-30": "", "2010-01-31": "", "2009-10-31": "", "2009-07-31": "", "2009-04-30": "", "2009-01-31": "", "2008-10-31": "", "2008-07-31": ""}, "Income From Continuous Operations": {"2020-10-31": "1324.00000", "2020-07-31": "689.00000", "2020-04-30": "568.00000", "2020-01-31": "380.00000", "2019-10-31": "847.00000", "2019-07-31": "715.00000", "2019-04-30": "693.00000", "2019-01-31": "481.00000", "2018-10-31": "1115.00000", "2018-07-31": "1197.00000", "2018-04-30": "3736.00000", "2018-01-31": "6581.00000", "2017-10-31": "556.00000", "2017-07-31": "509.00000", "2017-04-30": "468.00000", "2017-01-31": "257.00000", "2016-10-31": "-606.00000", "2016-07-31": "-303.00000", "2016-04-30": "-1217.00000", "2016-01-31": "377.00000", "2015-10-31": "470.00000", "2015-07-31": "244.00000", "2015-04-30": "339.00000", "2015-01-31": "338.00000", "2014-10-31": "137.00000", "2014-07-31": "-120.00000", "2014-04-30": "158.00000", "2014-01-31": "134.00000", "2013-10-31": "172.00000", "2013-07-31": "142.00000", "2013-04-30": "113.00000", "2013-01-31": "125.00000", "2012-10-31": "159.00000", "2012-07-31": "145.00000", "2012-04-30": "134.00000", "2012-01-31": "125.00000", "2011-10-31": "154.00000", "2011-07-31": "144.00000", "2011-04-30": "135.00000", "2011-01-31": "119.00000", "2010-10-31": "164.00000", "2010-07-31": "123.00000", "2010-04-30": "90.00000", "2010-01-31": "38.00000", "2009-10-31": "-21.00000", "2009-07-31": "2.00000", "2009-04-30": "-31.00000", "2009-01-31": "6.00000", "2008-10-31": "", "2008-07-31": "19.00000"}, "Income From Discontinued Operations": {"2020-10-31": "", "2020-07-31": "-1.00000", "2020-04-30": "-5.00000", "2020-01-31": "5.00000", "2019-10-31": "", "2019-07-31": "", "2019-04-30": "-2.00000", "2019-01-31": "-10.00000", "2018-10-31": "", "2018-07-31": "-1.00000", "2018-04-30": "-3.00000", "2018-01-31": "-15.00000", "2017-10-31": "5.00000", "2017-07-31": "-2.00000", "2017-04-30": "-4.00000", "2017-01-31": "-5.00000", "2016-10-31": "-62.00000", "2016-07-31": "-12.00000", "2016-04-30": "-38.00000", "2016-01-31": "", "2015-10-31": "-41.00000", "2015-07-31": "-4.00000", "2015-04-30": "5.00000", "2015-01-31": "13.00000", "2014-10-31": "-2.00000", "2014-07-31": "-44.00000", "2014-04-30": "", "2014-01-31": "0.00000", "2013-10-31": "", "2013-07-31": "0.00000", "2013-04-30": "", "2013-01-31": "", "2012-10-31": "", "2012-07-31": "", "2012-04-30": "", "2012-01-31": "", "2011-10-31": "", "2011-07-31": "", "2011-04-30": "", "2011-01-31": "", "2010-10-31": "", "2010-07-31": "", "2010-04-30": "", "2010-01-31": "", "2009-10-31": "", "2009-07-31": "", "2009-04-30": "", "2009-01-31": "", "2008-10-31": "", "2008-07-31": "25.00000"}, "Net Income": {"2020-10-31": "1250.00000", "2020-07-31": "614.00000", "2020-04-30": "488.00000", "2020-01-31": "311.00000", "2019-10-31": "818.00000", "2019-07-31": "715.00000", "2019-04-30": "691.00000", "2019-01-31": "471.00000", "2018-10-31": "1115.00000", "2018-07-31": "1196.00000", "2018-04-30": "3718.00000", "2018-01-31": "6230.00000", "2017-10-31": "532.00000", "2017-07-31": "481.00000", "2017-04-30": "440.00000", "2017-01-31": "239.00000", "2016-10-31": "-632.00000", "2016-07-31": "-298.00000", "2016-04-30": "-1186.00000", "2016-01-31": "377.00000", "2015-10-31": "429.00000", "2015-07-31": "240.00000", "2015-04-30": "344.00000", "2015-01-31": "351.00000", "2014-10-31": "135.00000", "2014-07-31": "-164.00000", "2014-04-30": "158.00000", "2014-01-31": "134.00000", "2013-10-31": "172.00000", "2013-07-31": "142.00000", "2013-04-30": "113.00000", "2013-01-31": "125.00000", "2012-10-31": "159.00000", "2012-07-31": "145.00000", "2012-04-30": "134.00000", "2012-01-31": "125.00000", "2011-10-31": "154.00000", "2011-07-31": "144.00000", "2011-04-30": "135.00000", "2011-01-31": "119.00000", "2010-10-31": "164.00000", "2010-07-31": "123.00000", "2010-04-30": "90.00000", "2010-01-31": "38.00000", "2009-10-31": "-21.00000", "2009-07-31": "2.00000", "2009-04-30": "-31.00000", "2009-01-31": "6.00000", "2008-10-31": "", "2008-07-31": "44.00000"}, "EBITDA": {"2020-10-31": "3254.00000", "2020-07-31": "2727.00000", "2020-04-30": "2496.00000", "2020-01-31": "2442.00000", "2019-10-31": "2506.00000", "2019-07-31": "2315.00000", "2019-04-30": "2417.00000", "2019-01-31": "2014.00000", "2018-10-31": "2620.00000", "2018-07-31": "2304.00000", "2018-04-30": "2165.00000", "2018-01-31": "2127.00000", "2017-10-31": "1943.00000", "2017-07-31": "1864.00000", "2017-04-30": "1673.00000", "2017-01-31": "1628.00000", "2016-10-31": "1090.00000", "2016-07-31": "804.00000", "2016-04-30": "52.00000", "2016-01-31": "723.00000", "2015-10-31": "768.00000", "2015-07-31": "559.00000", "2015-04-30": "655.00000", "2015-01-31": "634.00000", "2014-10-31": "558.00000", "2014-07-31": "102.00000", "2014-04-30": "221.00000", "2014-01-31": "196.00000", "2013-10-31": "229.00000", "2013-07-31": "186.00000", "2013-04-30": "160.00000", "2013-01-31": "165.00000", "2012-10-31": "204.00000", "2012-07-31": "189.00000", "2012-04-30": "175.00000", "2012-01-31": "169.00000", "2011-10-31": "198.00000", "2011-07-31": "185.00000", "2011-04-30": "176.00000", "2011-01-31": "183.00000", "2010-10-31": "186.00000", "2010-07-31": "175.00000", "2010-04-30": "148.00000", "2010-01-31": "118.00000", "2009-10-31": "46.00000", "2009-07-31": "65.00000", "2009-04-30": "29.00000", "2009-01-31": "72.00000", "2008-10-31": "", "2008-07-31": "44.00000"}, "EBIT": {"2020-10-31": "1526.00000", "2020-07-31": "1008.00000", "2020-04-30": "766.00000", "2020-01-31": "714.00000", "2019-10-31": "1054.00000", "2019-07-31": "865.00000", "2019-04-30": "970.00000", "2019-01-31": "555.00000", "2018-10-31": "1652.00000", "2018-07-31": "1339.00000", "2018-04-30": "1201.00000", "2018-01-31": "943.00000", "2017-10-31": "743.00000", "2017-07-31": "648.00000", "2017-04-30": "474.00000", "2017-01-31": "506.00000", "2016-10-31": "381.00000", "2016-07-31": "-264.00000", "2016-04-30": "-1001.00000", "2016-01-31": "475.00000", "2015-10-31": "514.00000", "2015-07-31": "299.00000", "2015-04-30": "418.00000", "2015-01-31": "401.00000", "2014-10-31": "301.00000", "2014-07-31": "-162.00000", "2014-04-30": "160.00000", "2014-01-31": "139.00000", "2013-10-31": "170.00000", "2013-07-31": "140.00000", "2013-04-30": "118.00000", "2013-01-31": "124.00000", "2012-10-31": "164.00000", "2012-07-31": "149.00000", "2012-04-30": "137.00000", "2012-01-31": "132.00000", "2011-10-31": "159.00000", "2011-07-31": "145.00000", "2011-04-30": "138.00000", "2011-01-31": "142.00000", "2010-10-31": "145.00000", "2010-07-31": "135.00000", "2010-04-30": "108.00000", "2010-01-31": "78.00000", "2009-10-31": "5.00000", "2009-07-31": "24.00000", "2009-04-30": "-11.00000", "2009-01-31": "30.00000", "2008-10-31": "", "2008-07-31": "44.00000"}, "Basic Shares Outstanding": {"2020-10-31": "402.00000", "2020-07-31": "403.00000", "2020-04-30": "401.00000", "2020-01-31": "398.00000", "2019-10-31": "398.00000", "2019-07-31": "398.00000", "2019-04-30": "397.00000", "2019-01-31": "401.00000", "2018-10-31": "418.00000", "2018-07-31": "430.00000", "2018-04-30": "421.00000", "2018-01-31": "410.00000", "2017-10-31": "405.00000", "2017-07-31": "407.00000", "2017-04-30": "403.00000", "2017-01-31": "399.00000", "2016-10-31": "366.00000", "2016-07-31": "396.00000", "2016-04-30": "392.00000", "2016-01-31": "277.00000", "2015-10-31": "264.00000", "2015-07-31": "265.00000", "2015-04-30": "258.00000", "2015-01-31": "255.00000", "2014-10-31": "251.00000", "2014-07-31": "252.00000", "2014-04-30": "251.00000", "2014-01-31": "249.00000", "2013-10-31": "247.00000", "2013-07-31": "248.00000", "2013-04-30": "246.00000", "2013-01-31": "246.00000", "2012-10-31": "245.00000", "2012-07-31": "245.00000", "2012-04-30": "244.00000", "2012-01-31": "245.00000", "2011-10-31": "245.00000", "2011-07-31": "246.00000", "2011-04-30": "245.00000", "2011-01-31": "242.00000", "2010-10-31": "238.00000", "2010-07-31": "239.00000", "2010-04-30": "238.00000", "2010-01-31": "236.00000", "2009-10-31": "219.00000", "2009-07-31": "213.00000", "2009-04-30": "214.00000", "2009-01-31": "214.00000", "2008-10-31": "", "2008-07-31": "214.00000"}, "Shares Outstanding": {"2020-10-31": "421.00000", "2020-07-31": "422.00000", "2020-04-30": "417.00000", "2020-01-31": "420.00000", "2019-10-31": "419.00000", "2019-07-31": "418.00000", "2019-04-30": "422.00000", "2019-01-31": "419.00000", "2018-10-31": "431.00000", "2018-07-31": "441.00000", "2018-04-30": "448.00000", "2018-01-31": "426.00000", "2017-10-31": "421.00000", "2017-07-31": "445.00000", "2017-04-30": "442.00000", "2017-01-31": "439.00000", "2016-10-31": "383.00000", "2016-07-31": "419.00000", "2016-04-30": "415.00000", "2016-01-31": "289.00000", "2015-10-31": "281.00000", "2015-07-31": "287.00000", "2015-04-30": "284.00000", "2015-01-31": "278.00000", "2014-10-31": "267.00000", "2014-07-31": "252.00000", "2014-04-30": "258.00000", "2014-01-31": "255.00000", "2013-10-31": "252.00000", "2013-07-31": "252.00000", "2013-04-30": "251.00000", "2013-01-31": "251.00000", "2012-10-31": "250.00000", "2012-07-31": "250.00000", "2012-04-30": "250.00000", "2012-01-31": "250.00000", "2011-10-31": "252.00000", "2011-07-31": "253.00000", "2011-04-30": "252.00000", "2011-01-31": "250.00000", "2010-10-31": "246.00000", "2010-07-31": "247.00000", "2010-04-30": "246.00000", "2010-01-31": "244.00000", "2009-10-31": "219.00000", "2009-07-31": "218.00000", "2009-04-30": "214.00000", "2009-01-31": "219.00000", "2008-10-31": "", "2008-07-31": "219.00000"}, "Basic EPS": {"2020-10-31": "3.10000", "2020-07-31": "1.52000", "2020-04-30": "1.22000", "2020-01-31": "0.78000", "2019-10-31": "2.06000", "2019-07-31": "1.80000", "2019-04-30": "1.74000", "2019-01-31": "1.17000", "2018-10-31": "2.52000", "2018-07-31": "2.78000", "2018-04-30": "8.83000", "2018-01-31": "15.20000", "2017-10-31": "1.31000", "2017-07-31": "1.18000", "2017-04-30": "1.09000", "2017-01-31": "0.60000", "2016-10-31": "-2.34000", "2016-07-31": "-0.75000", "2016-04-30": "-3.02000", "2016-01-31": "1.36000", "2015-10-31": "1.55000", "2015-07-31": "0.91000", "2015-04-30": "1.33000", "2015-01-31": "1.38000", "2014-10-31": "0.53000", "2014-07-31": "-0.65000", "2014-04-30": "0.63000", "2014-01-31": "0.54000", "2013-10-31": "0.69000", "2013-07-31": "0.57000", "2013-04-30": "0.46000", "2013-01-31": "0.51000", "2012-10-31": "0.65000", "2012-07-31": "0.59000", "2012-04-30": "0.55000", "2012-01-31": "0.51000", "2011-10-31": "0.62000", "2011-07-31": "0.59000", "2011-04-30": "0.55000", "2011-01-31": "0.49000", "2010-10-31": "0.69000", "2010-07-31": "0.51000", "2010-04-30": "0.38000", "2010-01-31": "0.16000", "2009-10-31": "-0.10000", "2009-07-31": "0.01000", "2009-04-30": "-0.14000", "2009-01-31": "0.03000", "2008-10-31": "", "2008-07-31": "0.21000"}, "EPS - Earnings Per Share": {"2020-10-31": "2.97000", "2020-07-31": "1.45000", "2020-04-30": "1.17000", "2020-01-31": "0.74000", "2019-10-31": "1.96000", "2019-07-31": "1.71000", "2019-04-30": "1.64000", "2019-01-31": "1.12000", "2018-10-31": "2.78000", "2018-07-31": "2.71000", "2018-04-30": "8.33000", "2018-01-31": "14.62000", "2017-10-31": "1.26000", "2017-07-31": "1.14000", "2017-04-30": "1.05000", "2017-01-31": "0.57000", "2016-10-31": "-2.39000", "2016-07-31": "-0.75000", "2016-04-30": "-3.02000", "2016-01-31": "1.30000", "2015-10-31": "1.54000", "2015-07-31": "0.84000", "2015-04-30": "1.21000", "2015-01-31": "1.26000", "2014-10-31": "0.50000", "2014-07-31": "-0.65000", "2014-04-30": "0.61000", "2014-01-31": "0.53000", "2013-10-31": "0.68000", "2013-07-31": "0.56000", "2013-04-30": "0.45000", "2013-01-31": "0.50000", "2012-10-31": "0.63000", "2012-07-31": "0.58000", "2012-04-30": "0.54000", "2012-01-31": "0.50000", "2011-10-31": "0.60000", "2011-07-31": "0.57000", "2011-04-30": "0.54000", "2011-01-31": "0.48000", "2010-10-31": "0.66000", "2010-07-31": "0.50000", "2010-04-30": "0.37000", "2010-01-31": "0.16000", "2009-10-31": "-0.10000", "2009-07-31": "0.01000", "2009-04-30": "-0.14000", "2009-01-31": "0.03000", "2008-10-31": "0.00000", "2008-07-31": "0.20000"}}, "balance sheet": {"Cash On Hand": {"2020-10-31": "7618.00000", "2019-10-31": "5055.00000", "2018-10-31": "4292.00000", "2017-10-31": "11204.00000", "2016-10-31": "3097.00000", "2015-10-31": "1822.00000", "2014-10-31": "1604.00000", "2013-10-31": "985.00000", "2012-10-31": "1084.00000", "2011-10-31": "829.00000", "2010-10-31": "561.00000", "2009-10-31": "472.00000", "2008-10-31": "213.00000", "2007-10-31": ""}, "Receivables": {"2020-10-31": "2297.00000", "2019-10-31": "3259.00000", "2018-10-31": "3325.00000", "2017-10-31": "2448.00000", "2016-10-31": "2181.00000", "2015-10-31": "1019.00000", "2014-10-31": "782.00000", "2013-10-31": "418.00000", "2012-10-31": "341.00000", "2011-10-31": "328.00000", "2010-10-31": "285.00000", "2009-10-31": "186.00000", "2008-10-31": "184.00000", "2007-10-31": ""}, "Inventory": {"2020-10-31": "1003.00000", "2019-10-31": "874.00000", "2018-10-31": "1124.00000", "2017-10-31": "1447.00000", "2016-10-31": "1400.00000", "2015-10-31": "524.00000", "2014-10-31": "519.00000", "2013-10-31": "285.00000", "2012-10-31": "194.00000", "2011-10-31": "194.00000", "2010-10-31": "189.00000", "2009-10-31": "162.00000", "2008-10-31": "188.00000", "2007-10-31": ""}, "Pre-Paid Expenses": {"2020-10-31": "", "2019-10-31": "", "2018-10-31": "", "2017-10-31": "", "2016-10-31": "", "2015-10-31": "", "2014-10-31": "", "2013-10-31": "", "2012-10-31": "", "2011-10-31": "", "2010-10-31": "", "2009-10-31": "", "2008-10-31": "", "2007-10-31": ""}, "Other Current Assets": {"2020-10-31": "977.00000", "2019-10-31": "729.00000", "2018-10-31": "366.00000", "2017-10-31": "724.00000", "2016-10-31": "447.00000", "2015-10-31": "394.00000", "2014-10-31": "930.00000", "2013-10-31": "130.00000", "2012-10-31": "72.00000", "2011-10-31": "42.00000", "2010-10-31": "52.00000", "2009-10-31": "44.00000", "2008-10-31": "34.00000", "2007-10-31": ""}, "Total Current Assets": {"2020-10-31": "11895.00000", "2019-10-31": "9917.00000", "2018-10-31": "9107.00000", "2017-10-31": "15823.00000", "2016-10-31": "7125.00000", "2015-10-31": "3759.00000", "2014-10-31": "3835.00000", "2013-10-31": "1818.00000", "2012-10-31": "1691.00000", "2011-10-31": "1393.00000", "2010-10-31": "1087.00000", "2009-10-31": "864.00000", "2008-10-31": "619.00000", "2007-10-31": ""}, "Property, Plant, And Equipment": {"2020-10-31": "2509.00000", "2019-10-31": "2565.00000", "2018-10-31": "2635.00000", "2017-10-31": "2599.00000", "2016-10-31": "2509.00000", "2015-10-31": "1460.00000", "2014-10-31": "1158.00000", "2013-10-31": "661.00000", "2012-10-31": "503.00000", "2011-10-31": "316.00000", "2010-10-31": "281.00000", "2009-10-31": "264.00000", "2008-10-31": "299.00000", "2007-10-31": ""}, "Long-Term Investments": {"2020-10-31": "", "2019-10-31": "", "2018-10-31": "", "2017-10-31": "", "2016-10-31": "", "2015-10-31": "", "2014-10-31": "", "2013-10-31": "", "2012-10-31": "", "2011-10-31": "", "2010-10-31": "", "2009-10-31": "", "2008-10-31": "", "2007-10-31": ""}, "Goodwill And Intangible Assets": {"2020-10-31": "60229.00000", "2019-10-31": "54268.00000", "2018-10-31": "37675.00000", "2017-10-31": "35538.00000", "2016-10-31": "39800.00000", "2015-10-31": "4951.00000", "2014-10-31": "5213.00000", "2013-10-31": "883.00000", "2012-10-31": "602.00000", "2011-10-31": "676.00000", "2010-10-31": "745.00000", "2009-10-31": "818.00000", "2008-10-31": "890.00000", "2007-10-31": ""}, "Other Long-Term Assets": {"2020-10-31": "1300.00000", "2019-10-31": "743.00000", "2018-10-31": "707.00000", "2017-10-31": "458.00000", "2016-10-31": "532.00000", "2015-10-31": "345.00000", "2014-10-31": "285.00000", "2013-10-31": "53.00000", "2012-10-31": "66.00000", "2011-10-31": "61.00000", "2010-10-31": "44.00000", "2009-10-31": "24.00000", "2008-10-31": "63.00000", "2007-10-31": ""}, "Total Long-Term Assets": {"2020-10-31": "64038.00000", "2019-10-31": "57576.00000", "2018-10-31": "41017.00000", "2017-10-31": "38595.00000", "2016-10-31": "42841.00000", "2015-10-31": "6756.00000", "2014-10-31": "6656.00000", "2013-10-31": "1597.00000", "2012-10-31": "1171.00000", "2011-10-31": "1053.00000", "2010-10-31": "1070.00000", "2009-10-31": "1106.00000", "2008-10-31": "1252.00000", "2007-10-31": ""}, "Total Assets": {"2020-10-31": "75933.00000", "2019-10-31": "67493.00000", "2018-10-31": "50124.00000", "2017-10-31": "54418.00000", "2016-10-31": "49966.00000", "2015-10-31": "10515.00000", "2014-10-31": "10491.00000", "2013-10-31": "3415.00000", "2012-10-31": "2862.00000", "2011-10-31": "2446.00000", "2010-10-31": "2157.00000", "2009-10-31": "1970.00000", "2008-10-31": "1871.00000", "2007-10-31": "0.00000"}, "Total Current Liabilities": {"2020-10-31": "6371.00000", "2019-10-31": "6899.00000", "2018-10-31": "2338.00000", "2017-10-31": "2529.00000", "2016-10-31": "3078.00000", "2015-10-31": "1119.00000", "2014-10-31": "1016.00000", "2013-10-31": "414.00000", "2012-10-31": "346.00000", "2011-10-31": "350.00000", "2010-10-31": "565.00000", "2009-10-31": "633.00000", "2008-10-31": "328.00000", "2007-10-31": ""}, "Long Term Debt": {"2020-10-31": "40235.00000", "2019-10-31": "30011.00000", "2018-10-31": "17493.00000", "2017-10-31": "17431.00000", "2016-10-31": "13188.00000", "2015-10-31": "3826.00000", "2014-10-31": "5463.00000", "2013-10-31": "", "2012-10-31": "2.00000", "2011-10-31": "4.00000", "2010-10-31": "4.00000", "2009-10-31": "233.00000", "2008-10-31": "708.00000", "2007-10-31": ""}, "Other Non-Current Liabilities": {"2020-10-31": "5426.00000", "2019-10-31": "5613.00000", "2018-10-31": "3636.00000", "2017-10-31": "11272.00000", "2016-10-31": "11293.00000", "2015-10-31": "381.00000", "2014-10-31": "263.00000", "2013-10-31": "53.00000", "2012-10-31": "95.00000", "2011-10-31": "86.00000", "2010-10-31": "83.00000", "2009-10-31": "64.00000", "2008-10-31": "55.00000", "2007-10-31": ""}, "Total Long Term Liabilities": {"2020-10-31": "45688.00000", "2019-10-31": "35653.00000", "2018-10-31": "21129.00000", "2017-10-31": "28703.00000", "2016-10-31": "25012.00000", "2015-10-31": "4682.00000", "2014-10-31": "6232.00000", "2013-10-31": "115.00000", "2012-10-31": "97.00000", "2011-10-31": "90.00000", "2010-10-31": "87.00000", "2009-10-31": "297.00000", "2008-10-31": "763.00000", "2007-10-31": ""}, "Total Liabilities": {"2020-10-31": "52059.00000", "2019-10-31": "42552.00000", "2018-10-31": "23467.00000", "2017-10-31": "31232.00000", "2016-10-31": "28090.00000", "2015-10-31": "5801.00000", "2014-10-31": "7248.00000", "2013-10-31": "529.00000", "2012-10-31": "443.00000", "2011-10-31": "440.00000", "2010-10-31": "652.00000", "2009-10-31": "930.00000", "2008-10-31": "1091.00000", "2007-10-31": ""}, "Common Stock Net": {"2020-10-31": "", "2019-10-31": "", "2018-10-31": "", "2017-10-31": "20505.00000", "2016-10-31": "19241.00000", "2015-10-31": "2547.00000", "2014-10-31": "2009.00000", "2013-10-31": "1587.00000", "2012-10-31": "1479.00000", "2011-10-31": "1479.00000", "2010-10-31": "1450.00000", "2009-10-31": "1393.00000", "2008-10-31": "1084.00000", "2007-10-31": ""}, "Retained Earnings (Accumulated Deficit)": {"2020-10-31": "", "2019-10-31": "", "2018-10-31": "3487.00000", "2017-10-31": "-129.00000", "2016-10-31": "-215.00000", "2015-10-31": "2240.00000", "2014-10-31": "1284.00000", "2013-10-31": "1305.00000", "2012-10-31": "951.00000", "2011-10-31": "525.00000", "2010-10-31": "59.00000", "2009-10-31": "-356.00000", "2008-10-31": "-312.00000", "2007-10-31": ""}, "Comprehensive Income": {"2020-10-31": "-108.00000", "2019-10-31": "-140.00000", "2018-10-31": "-115.00000", "2017-10-31": "-91.00000", "2016-10-31": "-134.00000", "2015-10-31": "-73.00000", "2014-10-31": "-50.00000", "2013-10-31": "-6.00000", "2012-10-31": "-11.00000", "2011-10-31": "2.00000", "2010-10-31": "-4.00000", "2009-10-31": "3.00000", "2008-10-31": "8.00000", "2007-10-31": ""}, "Other Share Holders Equity": {"2020-10-31": "", "2019-10-31": "", "2018-10-31": "", "2017-10-31": "", "2016-10-31": "", "2015-10-31": "", "2014-10-31": "", "2013-10-31": "", "2012-10-31": "", "2011-10-31": "", "2010-10-31": "", "2009-10-31": "", "2008-10-31": "", "2007-10-31": ""}, "Share Holder Equity": {"2020-10-31": "23874.00000", "2019-10-31": "24941.00000", "2018-10-31": "26657.00000", "2017-10-31": "23186.00000", "2016-10-31": "21876.00000", "2015-10-31": "4714.00000", "2014-10-31": "3243.00000", "2013-10-31": "2886.00000", "2012-10-31": "2419.00000", "2011-10-31": "2006.00000", "2010-10-31": "1505.00000", "2009-10-31": "1040.00000", "2008-10-31": "780.00000", "2007-10-31": ""}, "Total Liabilities And Share Holders Equity": {"2020-10-31": "75933.00000", "2019-10-31": "67493.00000", "2018-10-31": "50124.00000", "2017-10-31": "54418.00000", "2016-10-31": "49966.00000", "2015-10-31": "10515.00000", "2014-10-31": "10491.00000", "2013-10-31": "3415.00000", "2012-10-31": "2862.00000", "2011-10-31": "2446.00000", "2010-10-31": "2157.00000", "2009-10-31": "1970.00000", "2008-10-31": "1871.00000", "2007-10-31": ""}}, "balance sheet, quarterly": {"Cash On Hand": {"2020-10-31": "7618.00000", "2020-07-31": "8857.00000", "2020-04-30": "9207.00000", "2020-01-31": "6444.00000", "2019-10-31": "5055.00000", "2019-07-31": "5462.00000", "2019-04-30": "5328.00000", "2019-01-31": "5093.00000", "2018-10-31": "4292.00000", "2018-07-31": "4136.00000", "2018-04-30": "8187.00000", "2018-01-31": "7076.00000", "2017-10-31": "11204.00000", "2017-07-31": "5449.00000", "2017-04-30": "4454.00000", "2017-01-31": "3536.00000", "2016-10-31": "3097.00000", "2016-07-31": "1961.00000", "2016-04-30": "2041.00000", "2016-01-31": "2169.00000", "2015-10-31": "1822.00000", "2015-07-31": "1354.00000", "2015-04-30": "2508.00000", "2015-01-31": "2569.00000", "2014-10-31": "1604.00000", "2014-07-31": "1277.00000", "2014-04-30": "1278.00000", "2014-01-31": "1112.00000", "2013-10-31": "985.00000", "2013-07-31": "863.00000", "2013-04-30": "1219.00000", "2013-01-31": "1151.00000", "2012-10-31": "1084.00000", "2012-07-31": "973.00000", "2012-04-30": "954.00000", "2012-01-31": "819.00000", "2011-10-31": "829.00000", "2011-07-31": "704.00000", "2011-04-30": "596.00000", "2011-01-31": "363.00000", "2010-10-31": "561.00000", "2010-07-31": "367.00000", "2010-04-30": "256.00000", "2010-01-31": "144.00000", "2009-10-31": "472.00000", "2009-07-31": "254.00000", "2009-04-30": "", "2009-01-31": "", "2008-10-31": "", "2008-07-31": ""}, "Receivables": {"2020-10-31": "2297.00000", "2020-07-31": "2684.00000", "2020-04-30": "3211.00000", "2020-01-31": "3651.00000", "2019-10-31": "3259.00000", "2019-07-31": "3539.00000", "2019-04-30": "3484.00000", "2019-01-31": "3677.00000", "2018-10-31": "3325.00000", "2018-07-31": "3010.00000", "2018-04-30": "2749.00000", "2018-01-31": "2459.00000", "2017-10-31": "2448.00000", "2017-07-31": "2417.00000", "2017-04-30": "2073.00000", "2017-01-31": "1947.00000", "2016-10-31": "2181.00000", "2016-07-31": "2181.00000", "2016-04-30": "1857.00000", "2016-01-31": "1060.00000", "2015-10-31": "1019.00000", "2015-07-31": "809.00000", "2015-04-30": "758.00000", "2015-01-31": "718.00000", "2014-10-31": "782.00000", "2014-07-31": "590.00000", "2014-04-30": "319.00000", "2014-01-31": "323.00000", "2013-10-31": "418.00000", "2013-07-31": "365.00000", "2013-04-30": "271.00000", "2013-01-31": "266.00000", "2012-10-31": "341.00000", "2012-07-31": "330.00000", "2012-04-30": "274.00000", "2012-01-31": "308.00000", "2011-10-31": "328.00000", "2011-07-31": "285.00000", "2011-04-30": "289.00000", "2011-01-31": "291.00000", "2010-10-31": "285.00000", "2010-07-31": "279.00000", "2010-04-30": "249.00000", "2010-01-31": "203.00000", "2009-10-31": "186.00000", "2009-07-31": "178.00000", "2009-04-30": "", "2009-01-31": "", "2008-10-31": "", "2008-07-31": ""}, "Inventory": {"2020-10-31": "1003.00000", "2020-07-31": "1081.00000", "2020-04-30": "953.00000", "2020-01-31": "944.00000", "2019-10-31": "874.00000", "2019-07-31": "1091.00000", "2019-04-30": "1034.00000", "2019-01-31": "1074.00000", "2018-10-31": "1124.00000", "2018-07-31": "1216.00000", "2018-04-30": "1235.00000", "2018-01-31": "1291.00000", "2017-10-31": "1447.00000", "2017-07-31": "1431.00000", "2017-04-30": "1311.00000", "2017-01-31": "1336.00000", "2016-10-31": "1400.00000", "2016-07-31": "1306.00000", "2016-04-30": "1467.00000", "2016-01-31": "490.00000", "2015-10-31": "524.00000", "2015-07-31": "507.00000", "2015-04-30": "490.00000", "2015-01-31": "500.00000", "2014-10-31": "519.00000", "2014-07-31": "482.00000", "2014-04-30": "301.00000", "2014-01-31": "286.00000", "2013-10-31": "285.00000", "2013-07-31": "284.00000", "2013-04-30": "229.00000", "2013-01-31": "208.00000", "2012-10-31": "194.00000", "2012-07-31": "216.00000", "2012-04-30": "218.00000", "2012-01-31": "193.00000", "2011-10-31": "194.00000", "2011-07-31": "200.00000", "2011-04-30": "194.00000", "2011-01-31": "203.00000", "2010-10-31": "189.00000", "2010-07-31": "185.00000", "2010-04-30": "178.00000", "2010-01-31": "166.00000", "2009-10-31": "162.00000", "2009-07-31": "153.00000", "2009-04-30": "", "2009-01-31": "", "2008-10-31": "", "2008-07-31": ""}, "Pre-Paid Expenses": {"2020-10-31": "", "2020-07-31": "", "2020-04-30": "", "2020-01-31": "", "2019-10-31": "", "2019-07-31": "", "2019-04-30": "", "2019-01-31": "", "2018-10-31": "", "2018-07-31": "", "2018-04-30": "", "2018-01-31": "", "2017-10-31": "", "2017-07-31": "", "2017-04-30": "", "2017-01-31": "", "2016-10-31": "", "2016-07-31": "", "2016-04-30": "", "2016-01-31": "", "2015-10-31": "", "2015-07-31": "", "2015-04-30": "", "2015-01-31": "", "2014-10-31": "", "2014-07-31": "", "2014-04-30": "", "2014-01-31": "", "2013-10-31": "", "2013-07-31": "", "2013-04-30": "", "2013-01-31": "", "2012-10-31": "", "2012-07-31": "", "2012-04-30": "", "2012-01-31": "", "2011-10-31": "", "2011-07-31": "", "2011-04-30": "", "2011-01-31": "", "2010-10-31": "", "2010-07-31": "", "2010-04-30": "", "2010-01-31": "", "2009-10-31": "", "2009-07-31": "", "2009-04-30": "", "2009-01-31": "", "2008-10-31": "", "2008-07-31": ""}, "Other Current Assets": {"2020-10-31": "977.00000", "2020-07-31": "1059.00000", "2020-04-30": "851.00000", "2020-01-31": "1070.00000", "2019-10-31": "729.00000", "2019-07-31": "806.00000", "2019-04-30": "831.00000", "2019-01-31": "760.00000", "2018-10-31": "366.00000", "2018-07-31": "333.00000", "2018-04-30": "303.00000", "2018-01-31": "394.00000", "2017-10-31": "724.00000", "2017-07-31": "646.00000", "2017-04-30": "630.00000", "2017-01-31": "531.00000", "2016-10-31": "447.00000", "2016-07-31": "600.00000", "2016-04-30": "1322.00000", "2016-01-31": "252.00000", "2015-10-31": "394.00000", "2015-07-31": "499.00000", "2015-04-30": "320.00000", "2015-01-31": "311.00000", "2014-10-31": "930.00000", "2014-07-31": "1491.00000", "2014-04-30": "136.00000", "2014-01-31": "138.00000", "2013-10-31": "130.00000", "2013-07-31": "129.00000", "2013-04-30": "99.00000", "2013-01-31": "88.00000", "2012-10-31": "72.00000", "2012-07-31": "62.00000", "2012-04-30": "62.00000", "2012-01-31": "52.00000", "2011-10-31": "42.00000", "2011-07-31": "40.00000", "2011-04-30": "49.00000", "2011-01-31": "53.00000", "2010-10-31": "52.00000", "2010-07-31": "42.00000", "2010-04-30": "44.00000", "2010-01-31": "44.00000", "2009-10-31": "44.00000", "2009-07-31": "31.00000", "2009-04-30": "", "2009-01-31": "", "2008-10-31": "", "2008-07-31": ""}, "Total Current Assets": {"2020-10-31": "11895.00000", "2020-07-31": "13681.00000", "2020-04-30": "14222.00000", "2020-01-31": "12109.00000", "2019-10-31": "9917.00000", "2019-07-31": "10898.00000", "2019-04-30": "10677.00000", "2019-01-31": "10604.00000", "2018-10-31": "9107.00000", "2018-07-31": "8695.00000", "2018-04-30": "12474.00000", "2018-01-31": "11220.00000", "2017-10-31": "15823.00000", "2017-07-31": "9943.00000", "2017-04-30": "8468.00000", "2017-01-31": "7350.00000", "2016-10-31": "7125.00000", "2016-07-31": "6048.00000", "2016-04-30": "6687.00000", "2016-01-31": "3971.00000", "2015-10-31": "3759.00000", "2015-07-31": "3169.00000", "2015-04-30": "4076.00000", "2015-01-31": "4098.00000", "2014-10-31": "3835.00000", "2014-07-31": "3840.00000", "2014-04-30": "2034.00000", "2014-01-31": "1859.00000", "2013-10-31": "1818.00000", "2013-07-31": "1641.00000", "2013-04-30": "1818.00000", "2013-01-31": "1713.00000", "2012-10-31": "1691.00000", "2012-07-31": "1581.00000", "2012-04-30": "1508.00000", "2012-01-31": "1372.00000", "2011-10-31": "1393.00000", "2011-07-31": "1229.00000", "2011-04-30": "1128.00000", "2011-01-31": "910.00000", "2010-10-31": "1087.00000", "2010-07-31": "873.00000", "2010-04-30": "727.00000", "2010-01-31": "557.00000", "2009-10-31": "864.00000", "2009-07-31": "616.00000", "2009-04-30": "", "2009-01-31": "", "2008-10-31": "", "2008-07-31": ""}, "Property, Plant, And Equipment": {"2020-10-31": "2509.00000", "2020-07-31": "2567.00000", "2020-04-30": "2618.00000", "2020-01-31": "2616.00000", "2019-10-31": "2565.00000", "2019-07-31": "2611.00000", "2019-04-30": "2654.00000", "2019-01-31": "2684.00000", "2018-10-31": "2635.00000", "2018-07-31": "2695.00000", "2018-04-30": "2720.00000", "2018-01-31": "2747.00000", "2017-10-31": "2599.00000", "2017-07-31": "2909.00000", "2017-04-30": "2762.00000", "2017-01-31": "2646.00000", "2016-10-31": "2509.00000", "2016-07-31": "2573.00000", "2016-04-30": "2486.00000", "2016-01-31": "1505.00000", "2015-10-31": "1460.00000", "2015-07-31": "1392.00000", "2015-04-30": "1344.00000", "2015-01-31": "1269.00000", "2014-10-31": "1158.00000", "2014-07-31": "1016.00000", "2014-04-30": "731.00000", "2014-01-31": "684.00000", "2013-10-31": "661.00000", "2013-07-31": "620.00000", "2013-04-30": "561.00000", "2013-01-31": "529.00000", "2012-10-31": "503.00000", "2012-07-31": "453.00000", "2012-04-30": "402.00000", "2012-01-31": "354.00000", "2011-10-31": "316.00000", "2011-07-31": "296.00000", "2011-04-30": "285.00000", "2011-01-31": "281.00000", "2010-10-31": "281.00000", "2010-07-31": "266.00000", "2010-04-30": "261.00000", "2010-01-31": "254.00000", "2009-10-31": "264.00000", "2009-07-31": "273.00000", "2009-04-30": "", "2009-01-31": "", "2008-10-31": "", "2008-07-31": ""}, "Long-Term Investments": {"2020-10-31": "", "2020-07-31": "", "2020-04-30": "", "2020-01-31": "", "2019-10-31": "", "2019-07-31": "", "2019-04-30": "", "2019-01-31": "", "2018-10-31": "", "2018-07-31": "", "2018-04-30": "", "2018-01-31": "", "2017-10-31": "", "2017-07-31": "", "2017-04-30": "", "2017-01-31": "", "2016-10-31": "", "2016-07-31": "", "2016-04-30": "", "2016-01-31": "", "2015-10-31": "", "2015-07-31": "", "2015-04-30": "", "2015-01-31": "", "2014-10-31": "", "2014-07-31": "", "2014-04-30": "", "2014-01-31": "", "2013-10-31": "", "2013-07-31": "", "2013-04-30": "", "2013-01-31": "", "2012-10-31": "", "2012-07-31": "", "2012-04-30": "", "2012-01-31": "", "2011-10-31": "", "2011-07-31": "", "2011-04-30": "", "2011-01-31": "", "2010-10-31": "", "2010-07-31": "", "2010-04-30": "", "2010-01-31": "", "2009-10-31": "", "2009-07-31": "", "2009-04-30": "", "2009-01-31": "", "2008-10-31": "", "2008-07-31": ""}, "Goodwill And Intangible Assets": {"2020-10-31": "60229.00000", "2020-07-31": "61804.00000", "2020-04-30": "63366.00000", "2020-01-31": "64937.00000", "2019-10-31": "54268.00000", "2019-07-31": "55565.00000", "2019-04-30": "56850.00000", "2019-01-31": "58140.00000", "2018-10-31": "37675.00000", "2018-07-31": "38518.00000", "2018-04-30": "39254.00000", "2018-01-31": "40070.00000", "2017-10-31": "35538.00000", "2017-07-31": "36633.00000", "2017-04-30": "37722.00000", "2017-01-31": "38767.00000", "2016-10-31": "39800.00000", "2016-07-31": "40603.00000", "2016-04-30": "41720.00000", "2016-01-31": "4774.00000", "2015-10-31": "4951.00000", "2015-07-31": "5198.00000", "2015-04-30": "4876.00000", "2015-01-31": "5041.00000", "2014-10-31": "5213.00000", "2014-07-31": "5078.00000", "2014-04-30": "833.00000", "2014-01-31": "859.00000", "2013-10-31": "883.00000", "2013-07-31": "907.00000", "2013-04-30": "594.00000", "2013-01-31": "583.00000", "2012-10-31": "602.00000", "2012-07-31": "621.00000", "2012-04-30": "638.00000", "2012-01-31": "657.00000", "2011-10-31": "676.00000", "2011-07-31": "696.00000", "2011-04-30": "715.00000", "2011-01-31": "732.00000", "2010-10-31": "745.00000", "2010-07-31": "765.00000", "2010-04-30": "778.00000", "2010-01-31": "798.00000", "2009-10-31": "818.00000", "2009-07-31": "836.00000", "2009-04-30": "0.00000", "2009-01-31": "0.00000", "2008-10-31": "", "2008-07-31": ""}, "Other Long-Term Assets": {"2020-10-31": "1300.00000", "2020-07-31": "1246.00000", "2020-04-30": "1342.00000", "2020-01-31": "1344.00000", "2019-10-31": "743.00000", "2019-07-31": "693.00000", "2019-04-30": "735.00000", "2019-01-31": "682.00000", "2018-10-31": "707.00000", "2018-07-31": "464.00000", "2018-04-30": "488.00000", "2018-01-31": "507.00000", "2017-10-31": "458.00000", "2017-07-31": "457.00000", "2017-04-30": "897.00000", "2017-01-31": "854.00000", "2016-10-31": "532.00000", "2016-07-31": "528.00000", "2016-04-30": "514.00000", "2016-01-31": "527.00000", "2015-10-31": "345.00000", "2015-07-31": "229.00000", "2015-04-30": "236.00000", "2015-01-31": "289.00000", "2014-10-31": "285.00000", "2014-07-31": "328.00000", "2014-04-30": "73.00000", "2014-01-31": "70.00000", "2013-10-31": "53.00000", "2013-07-31": "36.00000", "2013-04-30": "66.00000", "2013-01-31": "67.00000", "2012-10-31": "66.00000", "2012-07-31": "60.00000", "2012-04-30": "63.00000", "2012-01-31": "61.00000", "2011-10-31": "61.00000", "2011-07-31": "52.00000", "2011-04-30": "49.00000", "2011-01-31": "48.00000", "2010-10-31": "44.00000", "2010-07-31": "16.00000", "2010-04-30": "16.00000", "2010-01-31": "23.00000", "2009-10-31": "24.00000", "2009-07-31": "50.00000", "2009-04-30": "", "2009-01-31": "", "2008-10-31": "", "2008-07-31": ""}, "Total Long-Term Assets": {"2020-10-31": "64038.00000", "2020-07-31": "65617.00000", "2020-04-30": "67326.00000", "2020-01-31": "68897.00000", "2019-10-31": "57576.00000", "2019-07-31": "58869.00000", "2019-04-30": "60239.00000", "2019-01-31": "61506.00000", "2018-10-31": "41017.00000", "2018-07-31": "41677.00000", "2018-04-30": "42462.00000", "2018-01-31": "43324.00000", "2017-10-31": "38595.00000", "2017-07-31": "39999.00000", "2017-04-30": "41381.00000", "2017-01-31": "42267.00000", "2016-10-31": "42841.00000", "2016-07-31": "43704.00000", "2016-04-30": "44720.00000", "2016-01-31": "6806.00000", "2015-10-31": "6756.00000", "2015-07-31": "6819.00000", "2015-04-30": "6456.00000", "2015-01-31": "6599.00000", "2014-10-31": "6656.00000", "2014-07-31": "6422.00000", "2014-04-30": "1637.00000", "2014-01-31": "1613.00000", "2013-10-31": "1597.00000", "2013-07-31": "1563.00000", "2013-04-30": "1221.00000", "2013-01-31": "1179.00000", "2012-10-31": "1171.00000", "2012-07-31": "1134.00000", "2012-04-30": "1103.00000", "2012-01-31": "1072.00000", "2011-10-31": "1053.00000", "2011-07-31": "1044.00000", "2011-04-30": "1049.00000", "2011-01-31": "1061.00000", "2010-10-31": "1070.00000", "2010-07-31": "1047.00000", "2010-04-30": "1055.00000", "2010-01-31": "1075.00000", "2009-10-31": "1106.00000", "2009-07-31": "1159.00000", "2009-04-30": "", "2009-01-31": "", "2008-10-31": "", "2008-07-31": ""}, "Total Assets": {"2020-10-31": "75933.00000", "2020-07-31": "79298.00000", "2020-04-30": "81548.00000", "2020-01-31": "81006.00000", "2019-10-31": "67493.00000", "2019-07-31": "69767.00000", "2019-04-30": "70916.00000", "2019-01-31": "72110.00000", "2018-10-31": "50124.00000", "2018-07-31": "50372.00000", "2018-04-30": "54936.00000", "2018-01-31": "54544.00000", "2017-10-31": "54418.00000", "2017-07-31": "49942.00000", "2017-04-30": "49849.00000", "2017-01-31": "49617.00000", "2016-10-31": "49966.00000", "2016-07-31": "49752.00000", "2016-04-30": "51407.00000", "2016-01-31": "10777.00000", "2015-10-31": "10515.00000", "2015-07-31": "9988.00000", "2015-04-30": "10532.00000", "2015-01-31": "10697.00000", "2014-10-31": "10491.00000", "2014-07-31": "10262.00000", "2014-04-30": "3671.00000", "2014-01-31": "3472.00000", "2013-10-31": "3415.00000", "2013-07-31": "3204.00000", "2013-04-30": "3039.00000", "2013-01-31": "2892.00000", "2012-10-31": "2862.00000", "2012-07-31": "2715.00000", "2012-04-30": "2611.00000", "2012-01-31": "2444.00000", "2011-10-31": "2446.00000", "2011-07-31": "2273.00000", "2011-04-30": "2177.00000", "2011-01-31": "1971.00000", "2010-10-31": "2157.00000", "2010-07-31": "1920.00000", "2010-04-30": "1782.00000", "2010-01-31": "1632.00000", "2009-10-31": "1970.00000", "2009-07-31": "1775.00000", "2009-04-30": "0.00000", "2009-01-31": "0.00000", "2008-10-31": "0.00000", "2008-07-31": "0.00000"}, "Total Current Liabilities": {"2020-10-31": "6371.00000", "2020-07-31": "6702.00000", "2020-04-30": "6601.00000", "2020-01-31": "7739.00000", "2019-10-31": "6899.00000", "2019-07-31": "8282.00000", "2019-04-30": "8503.00000", "2019-01-31": "8349.00000", "2018-10-31": "2338.00000", "2018-07-31": "2187.00000", "2018-04-30": "2124.00000", "2018-01-31": "1970.00000", "2017-10-31": "2529.00000", "2017-07-31": "2218.00000", "2017-04-30": "2052.00000", "2017-01-31": "2122.00000", "2016-10-31": "3078.00000", "2016-07-31": "2728.00000", "2016-04-30": "2651.00000", "2016-01-31": "862.00000", "2015-10-31": "1119.00000", "2015-07-31": "952.00000", "2015-04-30": "906.00000", "2015-01-31": "845.00000", "2014-10-31": "1016.00000", "2014-07-31": "940.00000", "2014-04-30": "416.00000", "2014-01-31": "364.00000", "2013-10-31": "414.00000", "2013-07-31": "380.00000", "2013-04-30": "330.00000", "2013-01-31": "277.00000", "2012-10-31": "346.00000", "2012-07-31": "342.00000", "2012-04-30": "356.00000", "2012-01-31": "314.00000", "2011-10-31": "350.00000", "2011-07-31": "311.00000", "2011-04-30": "296.00000", "2011-01-31": "237.00000", "2010-10-31": "565.00000", "2010-07-31": "285.00000", "2010-04-30": "281.00000", "2010-01-31": "248.00000", "2009-10-31": "633.00000", "2009-07-31": "251.00000", "2009-04-30": "", "2009-01-31": "", "2008-10-31": "", "2008-07-31": ""}, "Long Term Debt": {"2020-10-31": "40235.00000", "2020-07-31": "43201.00000", "2020-04-30": "45044.00000", "2020-01-31": "42407.00000", "2019-10-31": "30011.00000", "2019-07-31": "34028.00000", "2019-04-30": "34011.00000", "2019-01-31": "34104.00000", "2018-10-31": "17493.00000", "2018-07-31": "17487.00000", "2018-04-30": "17481.00000", "2018-01-31": "17475.00000", "2017-10-31": "17431.00000", "2017-07-31": "13572.00000", "2017-04-30": "13567.00000", "2017-01-31": "13562.00000", "2016-10-31": "13188.00000", "2016-07-31": "13381.00000", "2016-04-30": "14664.00000", "2016-01-31": "3892.00000", "2015-10-31": "3826.00000", "2015-07-31": "3915.00000", "2015-04-30": "4852.00000", "2015-01-31": "5454.00000", "2014-10-31": "5463.00000", "2014-07-31": "5472.00000", "2014-04-30": "", "2014-01-31": "1.00000", "2013-10-31": "", "2013-07-31": "1.00000", "2013-04-30": "2.00000", "2013-01-31": "2.00000", "2012-10-31": "2.00000", "2012-07-31": "2.00000", "2012-04-30": "3.00000", "2012-01-31": "3.00000", "2011-10-31": "4.00000", "2011-07-31": "4.00000", "2011-04-30": "4.00000", "2011-01-31": "5.00000", "2010-10-31": "4.00000", "2010-07-31": "234.00000", "2010-04-30": "234.00000", "2010-01-31": "232.00000", "2009-10-31": "233.00000", "2009-07-31": "703.00000", "2009-04-30": "", "2009-01-31": "", "2008-10-31": "", "2008-07-31": ""}, "Other Non-Current Liabilities": {"2020-10-31": "5426.00000", "2020-07-31": "5810.00000", "2020-04-30": "5933.00000", "2020-01-31": "6464.00000", "2019-10-31": "5613.00000", "2019-07-31": "5954.00000", "2019-04-30": "6230.00000", "2019-01-31": "6433.00000", "2018-10-31": "3636.00000", "2018-07-31": "3246.00000", "2018-04-30": "3264.00000", "2018-01-31": "6018.00000", "2017-10-31": "11272.00000", "2017-07-31": "10945.00000", "2017-04-30": "11379.00000", "2017-01-31": "11405.00000", "2016-10-31": "11293.00000", "2016-07-31": "10671.00000", "2016-04-30": "10855.00000", "2016-01-31": "433.00000", "2015-10-31": "381.00000", "2015-07-31": "373.00000", "2015-04-30": "232.00000", "2015-01-31": "274.00000", "2014-10-31": "263.00000", "2014-07-31": "271.00000", "2014-04-30": "101.00000", "2014-01-31": "115.00000", "2013-10-31": "53.00000", "2013-07-31": "97.00000", "2013-04-30": "96.00000", "2013-01-31": "95.00000", "2012-10-31": "95.00000", "2012-07-31": "82.00000", "2012-04-30": "85.00000", "2012-01-31": "87.00000", "2011-10-31": "86.00000", "2011-07-31": "88.00000", "2011-04-30": "86.00000", "2011-01-31": "85.00000", "2010-10-31": "83.00000", "2010-07-31": "68.00000", "2010-04-30": "67.00000", "2010-01-31": "65.00000", "2009-10-31": "64.00000", "2009-07-31": "63.00000", "2009-04-30": "", "2009-01-31": "", "2008-10-31": "", "2008-07-31": ""}, "Total Long Term Liabilities": {"2020-10-31": "45688.00000", "2020-07-31": "49039.00000", "2020-04-30": "51005.00000", "2020-01-31": "48899.00000", "2019-10-31": "35653.00000", "2019-07-31": "39982.00000", "2019-04-30": "40241.00000", "2019-01-31": "40537.00000", "2018-10-31": "21129.00000", "2018-07-31": "20733.00000", "2018-04-30": "20745.00000", "2018-01-31": "23493.00000", "2017-10-31": "28703.00000", "2017-07-31": "25020.00000", "2017-04-30": "25454.00000", "2017-01-31": "25485.00000", "2016-10-31": "25012.00000", "2016-07-31": "24520.00000", "2016-04-30": "25994.00000", "2016-01-31": "4794.00000", "2015-10-31": "4682.00000", "2015-07-31": "4755.00000", "2015-04-30": "5565.00000", "2015-01-31": "6224.00000", "2014-10-31": "6232.00000", "2014-07-31": "6224.00000", "2014-04-30": "101.00000", "2014-01-31": "116.00000", "2013-10-31": "115.00000", "2013-07-31": "98.00000", "2013-04-30": "98.00000", "2013-01-31": "97.00000", "2012-10-31": "97.00000", "2012-07-31": "84.00000", "2012-04-30": "88.00000", "2012-01-31": "90.00000", "2011-10-31": "90.00000", "2011-07-31": "92.00000", "2011-04-30": "90.00000", "2011-01-31": "90.00000", "2010-10-31": "87.00000", "2010-07-31": "302.00000", "2010-04-30": "301.00000", "2010-01-31": "297.00000", "2009-10-31": "297.00000", "2009-07-31": "766.00000", "2009-04-30": "", "2009-01-31": "", "2008-10-31": "", "2008-07-31": ""}, "Total Liabilities": {"2020-10-31": "52059.00000", "2020-07-31": "55741.00000", "2020-04-30": "57606.00000", "2020-01-31": "56638.00000", "2019-10-31": "42552.00000", "2019-07-31": "48264.00000", "2019-04-30": "48744.00000", "2019-01-31": "48886.00000", "2018-10-31": "23467.00000", "2018-07-31": "22920.00000", "2018-04-30": "22869.00000", "2018-01-31": "25463.00000", "2017-10-31": "31232.00000", "2017-07-31": "27238.00000", "2017-04-30": "27506.00000", "2017-01-31": "27607.00000", "2016-10-31": "28090.00000", "2016-07-31": "27248.00000", "2016-04-30": "28645.00000", "2016-01-31": "5656.00000", "2015-10-31": "5801.00000", "2015-07-31": "5707.00000", "2015-04-30": "6471.00000", "2015-01-31": "7069.00000", "2014-10-31": "7248.00000", "2014-07-31": "7164.00000", "2014-04-30": "517.00000", "2014-01-31": "480.00000", "2013-10-31": "529.00000", "2013-07-31": "478.00000", "2013-04-30": "428.00000", "2013-01-31": "374.00000", "2012-10-31": "443.00000", "2012-07-31": "426.00000", "2012-04-30": "444.00000", "2012-01-31": "404.00000", "2011-10-31": "440.00000", "2011-07-31": "403.00000", "2011-04-30": "386.00000", "2011-01-31": "327.00000", "2010-10-31": "652.00000", "2010-07-31": "587.00000", "2010-04-30": "582.00000", "2010-01-31": "545.00000", "2009-10-31": "930.00000", "2009-07-31": "1017.00000", "2009-04-30": "0.00000", "2009-01-31": "0.00000", "2008-10-31": "", "2008-07-31": ""}, "Common Stock Net": {"2020-10-31": "", "2020-07-31": "", "2020-04-30": "", "2020-01-31": "", "2019-10-31": "", "2019-07-31": "21619.00000", "2019-04-30": "22288.00000", "2019-01-31": "23081.00000", "2018-10-31": "", "2018-07-31": "23291.00000", "2018-04-30": "24305.00000", "2018-01-31": "20851.00000", "2017-10-31": "20505.00000", "2017-07-31": "20180.00000", "2017-04-30": "19869.00000", "2017-01-31": "19504.00000", "2016-10-31": "19241.00000", "2016-07-31": "18926.00000", "2016-04-30": "18659.00000", "2016-01-31": "2699.00000", "2015-10-31": "2547.00000", "2015-07-31": "2403.00000", "2015-04-30": "2319.00000", "2015-01-31": "2131.00000", "2014-10-31": "2009.00000", "2014-07-31": "1875.00000", "2014-04-30": "1694.00000", "2014-01-31": "1622.00000", "2013-10-31": "1587.00000", "2013-07-31": "1538.00000", "2013-04-30": "1518.00000", "2013-01-31": "1493.00000", "2012-10-31": "1479.00000", "2012-07-31": "1456.00000", "2012-04-30": "1442.00000", "2012-01-31": "1416.00000", "2011-10-31": "1479.00000", "2011-07-31": "1472.00000", "2011-04-30": "1518.00000", "2011-01-31": "1487.00000", "2010-10-31": "1450.00000", "2010-07-31": "1435.00000", "2010-04-30": "1425.00000", "2010-01-31": "1402.00000", "2009-10-31": "1393.00000", "2009-07-31": "1084.00000", "2009-04-30": "0.00000", "2009-01-31": "0.00000", "2008-10-31": "", "2008-07-31": ""}, "Retained Earnings (Accumulated Deficit)": {"2020-10-31": "", "2020-07-31": "", "2020-04-30": "", "2020-01-31": "", "2019-10-31": "", "2019-07-31": "", "2019-04-30": "", "2019-01-31": "259.00000", "2018-10-31": "3487.00000", "2018-07-31": "4267.00000", "2018-04-30": "7868.00000", "2018-01-31": "5132.00000", "2017-10-31": "-129.00000", "2017-07-31": "-245.00000", "2017-04-30": "-311.00000", "2017-01-31": "-337.00000", "2016-10-31": "-215.00000", "2016-07-31": "619.00000", "2016-04-30": "1116.00000", "2016-01-31": "2495.00000", "2015-10-31": "2240.00000", "2015-07-31": "1927.00000", "2015-04-30": "1791.00000", "2015-01-31": "1546.00000", "2014-10-31": "1284.00000", "2014-07-31": "1230.00000", "2014-04-30": "1467.00000", "2014-01-31": "1377.00000", "2013-10-31": "1305.00000", "2013-07-31": "1190.00000", "2013-04-30": "1100.00000", "2013-01-31": "1034.00000", "2012-10-31": "951.00000", "2012-07-31": "831.00000", "2012-04-30": "723.00000", "2012-01-31": "621.00000", "2011-10-31": "525.00000", "2011-07-31": "398.00000", "2011-04-30": "276.00000", "2011-01-31": "161.00000", "2010-10-31": "59.00000", "2010-07-31": "-105.00000", "2010-04-30": "-228.00000", "2010-01-31": "-318.00000", "2009-10-31": "-356.00000", "2009-07-31": "-335.00000", "2009-04-30": "", "2009-01-31": "", "2008-10-31": "", "2008-07-31": ""}, "Comprehensive Income": {"2020-10-31": "-108.00000", "2020-07-31": "-131.00000", "2020-04-30": "-131.00000", "2020-01-31": "-132.00000", "2019-10-31": "-140.00000", "2019-07-31": "-116.00000", "2019-04-30": "-116.00000", "2019-01-31": "-116.00000", "2018-10-31": "-115.00000", "2018-07-31": "-106.00000", "2018-04-30": "-106.00000", "2018-01-31": "-82.00000", "2017-10-31": "-91.00000", "2017-07-31": "-133.00000", "2017-04-30": "-133.00000", "2017-01-31": "-134.00000", "2016-10-31": "-134.00000", "2016-07-31": "-72.00000", "2016-04-30": "-73.00000", "2016-01-31": "-73.00000", "2015-10-31": "-73.00000", "2015-07-31": "-49.00000", "2015-04-30": "-49.00000", "2015-01-31": "-49.00000", "2014-10-31": "-50.00000", "2014-07-31": "-7.00000", "2014-04-30": "-7.00000", "2014-01-31": "-7.00000", "2013-10-31": "-6.00000", "2013-07-31": "-2.00000", "2013-04-30": "-7.00000", "2013-01-31": "-9.00000", "2012-10-31": "-11.00000", "2012-07-31": "2.00000", "2012-04-30": "2.00000", "2012-01-31": "3.00000", "2011-10-31": "2.00000", "2011-07-31": "", "2011-04-30": "-3.00000", "2011-01-31": "-4.00000", "2010-10-31": "-4.00000", "2010-07-31": "3.00000", "2010-04-30": "3.00000", "2010-01-31": "3.00000", "2009-10-31": "3.00000", "2009-07-31": "9.00000", "2009-04-30": "", "2009-01-31": "", "2008-10-31": "", "2008-07-31": ""}, "Other Share Holders Equity": {"2020-10-31": "", "2020-07-31": "", "2020-04-30": "", "2020-01-31": "", "2019-10-31": "", "2019-07-31": "", "2019-04-30": "", "2019-01-31": "", "2018-10-31": "", "2018-07-31": "", "2018-04-30": "", "2018-01-31": "", "2017-10-31": "", "2017-07-31": "", "2017-04-30": "", "2017-01-31": "", "2016-10-31": "", "2016-07-31": "", "2016-04-30": "", "2016-01-31": "", "2015-10-31": "", "2015-07-31": "", "2015-04-30": "", "2015-01-31": "", "2014-10-31": "", "2014-07-31": "", "2014-04-30": "", "2014-01-31": "", "2013-10-31": "", "2013-07-31": "", "2013-04-30": "", "2013-01-31": "", "2012-10-31": "", "2012-07-31": "", "2012-04-30": "", "2012-01-31": "", "2011-10-31": "", "2011-07-31": "", "2011-04-30": "", "2011-01-31": "", "2010-10-31": "", "2010-07-31": "", "2010-04-30": "", "2010-01-31": "", "2009-10-31": "", "2009-07-31": "", "2009-04-30": "0.00000", "2009-01-31": "0.00000", "2008-10-31": "", "2008-07-31": ""}, "Share Holder Equity": {"2020-10-31": "23874.00000", "2020-07-31": "23557.00000", "2020-04-30": "23942.00000", "2020-01-31": "24368.00000", "2019-10-31": "24941.00000", "2019-07-31": "21503.00000", "2019-04-30": "22172.00000", "2019-01-31": "23224.00000", "2018-10-31": "26657.00000", "2018-07-31": "27452.00000", "2018-04-30": "32067.00000", "2018-01-31": "29081.00000", "2017-10-31": "23186.00000", "2017-07-31": "22704.00000", "2017-04-30": "22343.00000", "2017-01-31": "22010.00000", "2016-10-31": "21876.00000", "2016-07-31": "22504.00000", "2016-04-30": "22762.00000", "2016-01-31": "5121.00000", "2015-10-31": "4714.00000", "2015-07-31": "4281.00000", "2015-04-30": "4061.00000", "2015-01-31": "3628.00000", "2014-10-31": "3243.00000", "2014-07-31": "3098.00000", "2014-04-30": "3154.00000", "2014-01-31": "2992.00000", "2013-10-31": "2886.00000", "2013-07-31": "2726.00000", "2013-04-30": "2611.00000", "2013-01-31": "2518.00000", "2012-10-31": "2419.00000", "2012-07-31": "2289.00000", "2012-04-30": "2167.00000", "2012-01-31": "2040.00000", "2011-10-31": "2006.00000", "2011-07-31": "1870.00000", "2011-04-30": "1791.00000", "2011-01-31": "1644.00000", "2010-10-31": "1505.00000", "2010-07-31": "1333.00000", "2010-04-30": "1200.00000", "2010-01-31": "1087.00000", "2009-10-31": "1040.00000", "2009-07-31": "758.00000", "2009-04-30": "0.00000", "2009-01-31": "0.00000", "2008-10-31": "", "2008-07-31": ""}, "Total Liabilities And Share Holders Equity": {"2020-10-31": "75933.00000", "2020-07-31": "79298.00000", "2020-04-30": "81548.00000", "2020-01-31": "81006.00000", "2019-10-31": "67493.00000", "2019-07-31": "69767.00000", "2019-04-30": "70916.00000", "2019-01-31": "72110.00000", "2018-10-31": "50124.00000", "2018-07-31": "50372.00000", "2018-04-30": "54936.00000", "2018-01-31": "54544.00000", "2017-10-31": "54418.00000", "2017-07-31": "49942.00000", "2017-04-30": "49849.00000", "2017-01-31": "49617.00000", "2016-10-31": "49966.00000", "2016-07-31": "49752.00000", "2016-04-30": "51407.00000", "2016-01-31": "10777.00000", "2015-10-31": "10515.00000", "2015-07-31": "9988.00000", "2015-04-30": "10532.00000", "2015-01-31": "10697.00000", "2014-10-31": "10491.00000", "2014-07-31": "10262.00000", "2014-04-30": "3671.00000", "2014-01-31": "3472.00000", "2013-10-31": "3415.00000", "2013-07-31": "3204.00000", "2013-04-30": "3039.00000", "2013-01-31": "2892.00000", "2012-10-31": "2862.00000", "2012-07-31": "2715.00000", "2012-04-30": "2611.00000", "2012-01-31": "2444.00000", "2011-10-31": "2446.00000", "2011-07-31": "2273.00000", "2011-04-30": "2177.00000", "2011-01-31": "1971.00000", "2010-10-31": "2157.00000", "2010-07-31": "1920.00000", "2010-04-30": "1782.00000", "2010-01-31": "1632.00000", "2009-10-31": "1970.00000", "2009-07-31": "1775.00000", "2009-04-30": "0.00000", "2009-01-31": "0.00000", "2008-10-31": "", "2008-07-31": ""}}, "cash flow statement": {"Net Income/Loss": {"2020-10-31": "2960.00000", "2019-10-31": "2724.00000", "2018-10-31": "12610.00000", "2017-10-31": "1784.00000", "2016-10-31": "-1861.00000", "2015-10-31": "1364.00000", "2014-10-31": "263.00000", "2013-10-31": "552.00000", "2012-10-31": "563.00000", "2011-10-31": "552.00000", "2010-10-31": "415.00000", "2009-10-31": "-44.00000", "2008-10-31": "83.00000", "2007-10-31": "-159.00000"}, "Total Depreciation And Amortization - Cash Flow": {"2020-10-31": "6905.00000", "2019-10-31": "5808.00000", "2018-10-31": "4081.00000", "2017-10-31": "4737.00000", "2016-10-31": "3078.00000", "2015-10-31": "984.00000", "2014-10-31": "639.00000", "2013-10-31": "188.00000", "2012-10-31": "155.00000", "2011-10-31": "158.00000", "2010-10-31": "161.00000", "2009-10-31": "164.00000", "2008-10-31": "163.00000", "2007-10-31": "180.00000"}, "Other Non-Cash Items": {"2020-10-31": "1103.00000", "2019-10-31": "1349.00000", "2018-10-31": "-6855.00000", "2017-10-31": "1016.00000", "2016-10-31": "1711.00000", "2015-10-31": "6.00000", "2014-10-31": "22.00000", "2013-10-31": "51.00000", "2012-10-31": "63.00000", "2011-10-31": "51.00000", "2010-10-31": "33.00000", "2009-10-31": "25.00000", "2008-10-31": "-4.00000", "2007-10-31": "128.00000"}, "Total Non-Cash Items": {"2020-10-31": "8008.00000", "2019-10-31": "7157.00000", "2018-10-31": "-2774.00000", "2017-10-31": "5753.00000", "2016-10-31": "4789.00000", "2015-10-31": "990.00000", "2014-10-31": "661.00000", "2013-10-31": "239.00000", "2012-10-31": "218.00000", "2011-10-31": "209.00000", "2010-10-31": "194.00000", "2009-10-31": "189.00000", "2008-10-31": "159.00000", "2007-10-31": "308.00000"}, "Change In Accounts Receivable": {"2020-10-31": "981.00000", "2019-10-31": "486.00000", "2018-10-31": "-652.00000", "2017-10-31": "-267.00000", "2016-10-31": "-491.00000", "2015-10-31": "-187.00000", "2014-10-31": "-70.00000", "2013-10-31": "-26.00000", "2012-10-31": "-13.00000", "2011-10-31": "-42.00000", "2010-10-31": "-96.00000", "2009-10-31": "", "2008-10-31": "38.00000", "2007-10-31": "-31.00000"}, "Change In Inventories": {"2020-10-31": "-31.00000", "2019-10-31": "250.00000", "2018-10-31": "417.00000", "2017-10-31": "-39.00000", "2016-10-31": "996.00000", "2015-10-31": "62.00000", "2014-10-31": "193.00000", "2013-10-31": "-55.00000", "2012-10-31": "", "2011-10-31": "-5.00000", "2010-10-31": "-26.00000", "2009-10-31": "27.00000", "2008-10-31": "-45.00000", "2007-10-31": "28.00000"}, "Change In Accounts Payable": {"2020-10-31": "-3.00000", "2019-10-31": "-42.00000", "2018-10-31": "-325.00000", "2017-10-31": "-97.00000", "2016-10-31": "33.00000", "2015-10-31": "29.00000", "2014-10-31": "13.00000", "2013-10-31": "22.00000", "2012-10-31": "-2.00000", "2011-10-31": "25.00000", "2010-10-31": "23.00000", "2009-10-31": "-16.00000", "2008-10-31": "-29.00000", "2007-10-31": "29.00000"}, "Change In Assets/Liabilities": {"2020-10-31": "-71.00000", "2019-10-31": "-584.00000", "2018-10-31": "-402.00000", "2017-10-31": "-692.00000", "2016-10-31": "-218.00000", "2015-10-31": "52.00000", "2014-10-31": "95.00000", "2013-10-31": "-42.00000", "2012-10-31": "-45.00000", "2011-10-31": "-20.00000", "2010-10-31": "-27.00000", "2009-10-31": "2.00000", "2008-10-31": "-16.00000", "2007-10-31": "-17.00000"}, "Total Change In Assets/Liabilities": {"2020-10-31": "1093.00000", "2019-10-31": "-184.00000", "2018-10-31": "-956.00000", "2017-10-31": "-986.00000", "2016-10-31": "483.00000", "2015-10-31": "-36.00000", "2014-10-31": "251.00000", "2013-10-31": "-69.00000", "2012-10-31": "-88.00000", "2011-10-31": "-35.00000", "2010-10-31": "-99.00000", "2009-10-31": "-6.00000", "2008-10-31": "-34.00000", "2007-10-31": "-3.00000"}, "Cash Flow From Operating Activities": {"2020-10-31": "12061.00000", "2019-10-31": "9697.00000", "2018-10-31": "8880.00000", "2017-10-31": "6551.00000", "2016-10-31": "3411.00000", "2015-10-31": "2318.00000", "2014-10-31": "1175.00000", "2013-10-31": "722.00000", "2012-10-31": "693.00000", "2011-10-31": "726.00000", "2010-10-31": "510.00000", "2009-10-31": "139.00000", "2008-10-31": "208.00000", "2007-10-31": "146.00000"}, "Net Change In Property, Plant, And Equipment": {"2020-10-31": "-451.00000", "2019-10-31": "-344.00000", "2018-10-31": "-396.00000", "2017-10-31": "-628.00000", "2016-10-31": "-718.00000", "2015-10-31": "-483.00000", "2014-10-31": "-409.00000", "2013-10-31": "-236.00000", "2012-10-31": "-241.00000", "2011-10-31": "-112.00000", "2010-10-31": "-77.00000", "2009-10-31": "-57.00000", "2008-10-31": "-60.00000", "2007-10-31": "-37.00000"}, "Net Change In Intangible Assets": {"2020-10-31": "", "2019-10-31": "", "2018-10-31": "", "2017-10-31": "", "2016-10-31": "", "2015-10-31": "", "2014-10-31": "", "2013-10-31": "", "2012-10-31": "", "2011-10-31": "-1.00000", "2010-10-31": "", "2009-10-31": "-1.00000", "2008-10-31": "-6.00000", "2007-10-31": ""}, "Net Acquisitions/Divestitures": {"2020-10-31": "-10654.00000", "2019-10-31": "-15076.00000", "2018-10-31": "-4027.00000", "2017-10-31": "-30.00000", "2016-10-31": "-9157.00000", "2015-10-31": "256.00000", "2014-10-31": "-5511.00000", "2013-10-31": "-414.00000", "2012-10-31": "-4.00000", "2011-10-31": "-8.00000", "2010-10-31": "-9.00000", "2009-10-31": "-5.00000", "2008-10-31": "-28.00000", "2007-10-31": "42.00000"}, "Net Change In Short-term Investments": {"2020-10-31": "", "2019-10-31": "", "2018-10-31": "", "2017-10-31": "", "2016-10-31": "", "2015-10-31": "", "2014-10-31": "", "2013-10-31": "", "2012-10-31": "", "2011-10-31": "", "2010-10-31": "", "2009-10-31": "", "2008-10-31": "", "2007-10-31": ""}, "Net Change In Long-Term Investments": {"2020-10-31": "", "2019-10-31": "-5.00000", "2018-10-31": "-249.00000", "2017-10-31": "-7.00000", "2016-10-31": "46.00000", "2015-10-31": "-14.00000", "2014-10-31": "35.00000", "2013-10-31": "-2.00000", "2012-10-31": "", "2011-10-31": "", "2010-10-31": "", "2009-10-31": "", "2008-10-31": "", "2007-10-31": ""}, "Net Change In Investments - Total": {"2020-10-31": "", "2019-10-31": "-5.00000", "2018-10-31": "-249.00000", "2017-10-31": "-7.00000", "2016-10-31": "46.00000", "2015-10-31": "-14.00000", "2014-10-31": "35.00000", "2013-10-31": "-2.00000", "2012-10-31": "", "2011-10-31": "", "2010-10-31": "", "2009-10-31": "", "2008-10-31": "", "2007-10-31": ""}, "Investing Activities - Other": {"2020-10-31": "-4.00000", "2019-10-31": "3.00000", "2018-10-31": "-2.00000", "2017-10-31": "-9.00000", "2016-10-31": "-11.00000", "2015-10-31": "", "2014-10-31": "", "2013-10-31": "", "2012-10-31": "1.00000", "2011-10-31": "-1.00000", "2010-10-31": "", "2009-10-31": "", "2008-10-31": "", "2007-10-31": ""}, "Cash Flow From Investing Activities": {"2020-10-31": "-11109.00000", "2019-10-31": "-15422.00000", "2018-10-31": "-4674.00000", "2017-10-31": "-674.00000", "2016-10-31": "-9840.00000", "2015-10-31": "-241.00000", "2014-10-31": "-5885.00000", "2013-10-31": "-652.00000", "2012-10-31": "-244.00000", "2011-10-31": "-122.00000", "2010-10-31": "-86.00000", "2009-10-31": "-63.00000", "2008-10-31": "-94.00000", "2007-10-31": "5.00000"}, "Net Long-Term Debt": {"2020-10-31": "7703.00000", "2019-10-31": "13234.00000", "2018-10-31": "-973.00000", "2017-10-31": "3758.00000", "2016-10-31": "8193.00000", "2015-10-31": "-1817.00000", "2014-10-31": "5588.00000", "2013-10-31": "", "2012-10-31": "-2.00000", "2011-10-31": "-233.00000", "2010-10-31": "-366.00000", "2009-10-31": "-115.00000", "2008-10-31": "-202.00000", "2007-10-31": "-108.00000"}, "Net Current Debt": {"2020-10-31": "", "2019-10-31": "", "2018-10-31": "", "2017-10-31": "", "2016-10-31": "", "2015-10-31": "", "2014-10-31": "", "2013-10-31": "", "2012-10-31": "", "2011-10-31": "", "2010-10-31": "", "2009-10-31": "", "2008-10-31": "", "2007-10-31": ""}, "Debt Issuance/Retirement Net - Total": {"2020-10-31": "7703.00000", "2019-10-31": "13234.00000", "2018-10-31": "-973.00000", "2017-10-31": "3758.00000", "2016-10-31": "8193.00000", "2015-10-31": "-1817.00000", "2014-10-31": "5588.00000", "2013-10-31": "", "2012-10-31": "-2.00000", "2011-10-31": "-233.00000", "2010-10-31": "-366.00000", "2009-10-31": "-115.00000", "2008-10-31": "-202.00000", "2007-10-31": "-108.00000"}, "Net Common Equity Issued/Repurchased": {"2020-10-31": "-489.00000", "2019-10-31": "-6154.00000", "2018-10-31": "-7102.00000", "2017-10-31": "257.00000", "2016-10-31": "295.00000", "2015-10-31": "241.00000", "2014-10-31": "112.00000", "2013-10-31": "6.00000", "2012-10-31": "-66.00000", "2011-10-31": "-23.00000", "2010-10-31": "28.00000", "2009-10-31": "298.00000", "2008-10-31": "-7.00000", "2007-10-31": "-2.00000"}, "Net Total Equity Issued/Repurchased": {"2020-10-31": "-489.00000", "2019-10-31": "-2475.00000", "2018-10-31": "-7102.00000", "2017-10-31": "257.00000", "2016-10-31": "295.00000", "2015-10-31": "241.00000", "2014-10-31": "112.00000", "2013-10-31": "6.00000", "2012-10-31": "-66.00000", "2011-10-31": "-23.00000", "2010-10-31": "28.00000", "2009-10-31": "298.00000", "2008-10-31": "-7.00000", "2007-10-31": "-2.00000"}, "Total Common And Preferred Stock Dividends Paid": {"2020-10-31": "-5534.00000", "2019-10-31": "-4235.00000", "2018-10-31": "-2998.00000", "2017-10-31": "-1745.00000", "2016-10-31": "-750.00000", "2015-10-31": "-408.00000", "2014-10-31": "-284.00000", "2013-10-31": "-198.00000", "2012-10-31": "-137.00000", "2011-10-31": "-86.00000", "2010-10-31": "", "2009-10-31": "", "2008-10-31": "", "2007-10-31": ""}, "Financial Activities - Other": {"2020-10-31": "-69.00000", "2019-10-31": "-36.00000", "2018-10-31": "-45.00000", "2017-10-31": "-40.00000", "2016-10-31": "-34.00000", "2015-10-31": "125.00000", "2014-10-31": "-87.00000", "2013-10-31": "23.00000", "2012-10-31": "11.00000", "2011-10-31": "6.00000", "2010-10-31": "3.00000", "2009-10-31": "", "2008-10-31": "-1.00000", "2007-10-31": "-4.00000"}, "Cash Flow From Financial Activities": {"2020-10-31": "1611.00000", "2019-10-31": "6488.00000", "2018-10-31": "-11118.00000", "2017-10-31": "2230.00000", "2016-10-31": "7704.00000", "2015-10-31": "-1859.00000", "2014-10-31": "5329.00000", "2013-10-31": "-169.00000", "2012-10-31": "-194.00000", "2011-10-31": "-336.00000", "2010-10-31": "-335.00000", "2009-10-31": "183.00000", "2008-10-31": "-210.00000", "2007-10-31": "-114.00000"}, "Net Cash Flow": {"2020-10-31": "2563.00000", "2019-10-31": "763.00000", "2018-10-31": "-6912.00000", "2017-10-31": "8107.00000", "2016-10-31": "1275.00000", "2015-10-31": "218.00000", "2014-10-31": "619.00000", "2013-10-31": "-99.00000", "2012-10-31": "255.00000", "2011-10-31": "268.00000", "2010-10-31": "89.00000", "2009-10-31": "259.00000", "2008-10-31": "-96.00000", "2007-10-31": "37.00000"}, "Stock-Based Compensation": {"2020-10-31": "1976.00000", "2019-10-31": "2185.00000", "2018-10-31": "1227.00000", "2017-10-31": "921.00000", "2016-10-31": "679.00000", "2015-10-31": "232.00000", "2014-10-31": "163.00000", "2013-10-31": "77.00000", "2012-10-31": "53.00000", "2011-10-31": "38.00000", "2010-10-31": "25.00000", "2009-10-31": "12.00000", "2008-10-31": "15.00000", "2007-10-31": "12.00000"}, "Common Stock Dividends Paid": {"2020-10-31": "-5534.00000", "2019-10-31": "-4235.00000", "2018-10-31": "-2998.00000", "2017-10-31": "-1745.00000", "2016-10-31": "-750.00000", "2015-10-31": "-408.00000", "2014-10-31": "-284.00000", "2013-10-31": "-198.00000", "2012-10-31": "-137.00000", "2011-10-31": "-86.00000", "2010-10-31": "0.00000", "2009-10-31": "", "2008-10-31": "", "2007-10-31": ""}}, "cash flow statement, quarterly": {"Net Income/Loss": {"2020-10-31": 1324, "2020-07-31": 688, "2020-04-30": 563, "2020-01-31": "385.00000", "2019-10-31": 847, "2019-07-31": 715, "2019-04-30": 691, "2019-01-31": "471.00000", "2018-10-31": 1115, "2018-07-31": 1196, "2018-04-30": 3733, "2018-01-31": "6566.00000", "2017-10-31": 561, "2017-07-31": 507, "2017-04-30": 464, "2017-01-31": "252.00000", "2016-10-31": -668, "2016-07-31": -315, "2016-04-30": -1255, "2016-01-31": "377.00000", "2015-10-31": 429, "2015-07-31": 240, "2015-04-30": 344, "2015-01-31": "351.00000", "2014-10-31": 135, "2014-07-31": -164, "2014-04-30": 158, "2014-01-31": "134.00000", "2013-10-31": 172, "2013-07-31": 142, "2013-04-30": 113, "2013-01-31": "125.00000", "2012-10-31": 159, "2012-07-31": 145, "2012-04-30": 134, "2012-01-31": "125.00000", "2011-10-31": 154, "2011-07-31": 144, "2011-04-30": 135, "2011-01-31": "119.00000", "2010-10-31": 164, "2010-07-31": 123, "2010-04-30": 90, "2010-01-31": "38.00000", "2009-10-31": -21, "2009-07-31": 2, "2009-04-30": -31, "2009-01-31": "6.00000", "2008-10-31": 18, "2008-07-31": 65}, "Total Depreciation And Amortization - Cash Flow": {"2020-10-31": 1728, "2020-07-31": 1719, "2020-04-30": 1730, "2020-01-31": "1728.00000", "2019-10-31": 1452, "2019-07-31": 1450, "2019-04-30": 1447, "2019-01-31": "1459.00000", "2018-10-31": 968, "2018-07-31": 965, "2018-04-30": 964, "2018-01-31": "1184.00000", "2017-10-31": 1200, "2017-07-31": 1216, "2017-04-30": 1199, "2017-01-31": "1122.00000", "2016-10-31": 709, "2016-07-31": 1068, "2016-04-30": 1053, "2016-01-31": "248.00000", "2015-10-31": 254, "2015-07-31": 260, "2015-04-30": 237, "2015-01-31": "233.00000", "2014-10-31": 257, "2014-07-31": 264, "2014-04-30": 61, "2014-01-31": "57.00000", "2013-10-31": 59, "2013-07-31": 46, "2013-04-30": 42, "2013-01-31": "41.00000", "2012-10-31": 40, "2012-07-31": 40, "2012-04-30": 38, "2012-01-31": "37.00000", "2011-10-31": 39, "2011-07-31": 40, "2011-04-30": 38, "2011-01-31": "41.00000", "2010-10-31": 41, "2010-07-31": 40, "2010-04-30": 40, "2010-01-31": "40.00000", "2009-10-31": 41, "2009-07-31": 41, "2009-04-30": 40, "2009-01-31": "42.00000", "2008-10-31": 43, "2008-07-31": 120}, "Other Non-Cash Items": {"2020-10-31": 34, "2020-07-31": 67, "2020-04-30": 464, "2020-01-31": "538.00000", "2019-10-31": 334, "2019-07-31": 414, "2019-04-30": 431, "2019-01-31": "170.00000", "2018-10-31": 694, "2018-07-31": 351, "2018-04-30": -2381, "2018-01-31": "-5519.00000", "2017-10-31": 235, "2017-07-31": 290, "2017-04-30": 156, "2017-01-31": "335.00000", "2016-10-31": 1349, "2016-07-31": 237, "2016-04-30": 73, "2016-01-31": "52.00000", "2015-10-31": -107, "2015-07-31": 69, "2015-04-30": 24, "2015-01-31": "20.00000", "2014-10-31": -74, "2014-07-31": 46, "2014-04-30": 28, "2014-01-31": "22.00000", "2013-10-31": -6, "2013-07-31": 22, "2013-04-30": 19, "2013-01-31": "16.00000", "2012-10-31": 15, "2012-07-31": 20, "2012-04-30": 15, "2012-01-31": "13.00000", "2011-10-31": 11, "2011-07-31": 11, "2011-04-30": 11, "2011-01-31": "18.00000", "2010-10-31": 7, "2010-07-31": 7, "2010-04-30": 5, "2010-01-31": "14.00000", "2009-10-31": 15, "2009-07-31": 4, "2009-04-30": 7, "2009-01-31": "-1.00000", "2008-10-31": -12, "2008-07-31": -15}, "Total Non-Cash Items": {"2020-10-31": 1762, "2020-07-31": 1786, "2020-04-30": 2194, "2020-01-31": "2266.00000", "2019-10-31": 1786, "2019-07-31": 1864, "2019-04-30": 1878, "2019-01-31": "1629.00000", "2018-10-31": 1662, "2018-07-31": 1316, "2018-04-30": -1417, "2018-01-31": "-4335.00000", "2017-10-31": 1435, "2017-07-31": 1506, "2017-04-30": 1355, "2017-01-31": "1457.00000", "2016-10-31": 2058, "2016-07-31": 1305, "2016-04-30": 1126, "2016-01-31": "300.00000", "2015-10-31": 147, "2015-07-31": 329, "2015-04-30": 261, "2015-01-31": "253.00000", "2014-10-31": 183, "2014-07-31": 310, "2014-04-30": 89, "2014-01-31": "79.00000", "2013-10-31": 53, "2013-07-31": 68, "2013-04-30": 61, "2013-01-31": "57.00000", "2012-10-31": 55, "2012-07-31": 60, "2012-04-30": 53, "2012-01-31": "50.00000", "2011-10-31": 50, "2011-07-31": 51, "2011-04-30": 49, "2011-01-31": "59.00000", "2010-10-31": 48, "2010-07-31": 47, "2010-04-30": 45, "2010-01-31": "54.00000", "2009-10-31": 56, "2009-07-31": 45, "2009-04-30": 47, "2009-01-31": "41.00000", "2008-10-31": 31, "2008-07-31": 105}, "Change In Accounts Receivable": {"2020-10-31": 391, "2020-07-31": 542, "2020-04-30": 440, "2020-01-31": "-392.00000", "2019-10-31": 285, "2019-07-31": -60, "2019-04-30": 193, "2019-01-31": "68.00000", "2018-10-31": -312, "2018-07-31": -262, "2018-04-30": -277, "2018-01-31": "199.00000", "2017-10-31": -31, "2017-07-31": -344, "2017-04-30": -126, "2017-01-31": "234.00000", "2016-10-31": 0, "2016-07-31": -322, "2016-04-30": -128, "2016-01-31": "-41.00000", "2015-10-31": -209, "2015-07-31": -2, "2015-04-30": -40, "2015-01-31": "64.00000", "2014-10-31": -180, "2014-07-31": 11, "2014-04-30": 4, "2014-01-31": "95.00000", "2013-10-31": -53, "2013-07-31": -43, "2013-04-30": -5, "2013-01-31": "75.00000", "2012-10-31": -11, "2012-07-31": -56, "2012-04-30": 34, "2012-01-31": "20.00000", "2011-10-31": -43, "2011-07-31": 4, "2011-04-30": 2, "2011-01-31": "-5.00000", "2010-10-31": -6, "2010-07-31": -27, "2010-04-30": -46, "2010-01-31": "-17.00000", "2009-10-31": -8, "2009-07-31": 7, "2009-04-30": 1, "2009-01-31": "", "2008-10-31": -9, "2008-07-31": 9}, "Change In Inventories": {"2020-10-31": 67, "2020-07-31": -128, "2020-04-30": -10, "2020-01-31": "40.00000", "2019-10-31": 217, "2019-07-31": -57, "2019-04-30": 40, "2019-01-31": "50.00000", "2018-10-31": 92, "2018-07-31": 19, "2018-04-30": 56, "2018-01-31": "250.00000", "2017-10-31": -16, "2017-07-31": -119, "2017-04-30": 31, "2017-01-31": "65.00000", "2016-10-31": -92, "2016-07-31": 168, "2016-04-30": 886, "2016-01-31": "34.00000", "2015-10-31": -1, "2015-07-31": 20, "2015-04-30": 10, "2015-01-31": "33.00000", "2014-10-31": -6, "2014-07-31": 215, "2014-04-30": -15, "2014-01-31": "-1.00000", "2013-10-31": -1, "2013-07-31": -20, "2013-04-30": -20, "2013-01-31": "-14.00000", "2012-10-31": 22, "2012-07-31": 2, "2012-04-30": -25, "2012-01-31": "1.00000", "2011-10-31": 6, "2011-07-31": -6, "2011-04-30": 9, "2011-01-31": "-14.00000", "2010-10-31": -4, "2010-07-31": -6, "2010-04-30": -12, "2010-01-31": "-4.00000", "2009-10-31": -9, "2009-07-31": -2, "2009-04-30": 28, "2009-01-31": "10.00000", "2008-10-31": 52, "2008-07-31": -52}, "Change In Accounts Payable": {"2020-10-31": -230, "2020-07-31": -123, "2020-04-30": 233, "2020-01-31": "117.00000", "2019-10-31": -147, "2019-07-31": 244, "2019-04-30": 30, "2019-01-31": "-169.00000", "2018-10-31": 28, "2018-07-31": -41, "2018-04-30": 91, "2018-01-31": "-403.00000", "2017-10-31": -63, "2017-07-31": 217, "2017-04-30": -114, "2017-01-31": "-137.00000", "2016-10-31": 94, "2016-07-31": 156, "2016-04-30": -149, "2016-01-31": "-68.00000", "2015-10-31": 81, "2015-07-31": -29, "2015-04-30": 55, "2015-01-31": "-78.00000", "2014-10-31": 52, "2014-07-31": -23, "2014-04-30": 8, "2014-01-31": "-24.00000", "2013-10-31": 9, "2013-07-31": 11, "2013-04-30": 36, "2013-01-31": "-34.00000", "2012-10-31": 12, "2012-07-31": -27, "2012-04-30": 21, "2012-01-31": "-8.00000", "2011-10-31": 23, "2011-07-31": -13, "2011-04-30": 45, "2011-01-31": "-30.00000", "2010-10-31": 19, "2010-07-31": -3, "2010-04-30": 2, "2010-01-31": "5.00000", "2009-10-31": 9, "2009-07-31": -21, "2009-04-30": 1, "2009-01-31": "-5.00000", "2008-10-31": 29, "2008-07-31": -29}, "Change In Assets/Liabilities": {"2020-10-31": -108, "2020-07-31": 182, "2020-04-30": -268, "2020-01-31": "123.00000", "2019-10-31": -575, "2019-07-31": -391, "2019-04-30": -159, "2019-01-31": "541.00000", "2018-10-31": -43, "2018-07-31": -186, "2018-04-30": 43, "2018-01-31": "-216.00000", "2017-10-31": -7, "2017-07-31": -193, "2017-04-30": -155, "2017-01-31": "-337.00000", "2016-10-31": -133, "2016-07-31": -150, "2016-04-30": 44, "2016-01-31": "21.00000", "2015-10-31": 115, "2015-07-31": 5, "2015-04-30": -16, "2015-01-31": "-52.00000", "2014-10-31": 195, "2014-07-31": -65, "2014-04-30": -20, "2014-01-31": "-15.00000", "2013-10-31": 14, "2013-07-31": -37, "2013-04-30": -8, "2013-01-31": "-11.00000", "2012-10-31": -14, "2012-07-31": -8, "2012-04-30": -12, "2012-01-31": "-11.00000", "2011-10-31": 4, "2011-07-31": 5, "2011-04-30": 2, "2011-01-31": "-31.00000", "2010-10-31": -17, "2010-07-31": -7, "2010-04-30": 23, "2010-01-31": "-26.00000", "2009-10-31": 11, "2009-07-31": -7, "2009-04-30": 23, "2009-01-31": "-25.00000", "2008-10-31": 18, "2008-07-31": -18}, "Total Change In Assets/Liabilities": {"2020-10-31": 262, "2020-07-31": 704, "2020-04-30": 456, "2020-01-31": "-329.00000", "2019-10-31": -154, "2019-07-31": -160, "2019-04-30": 98, "2019-01-31": "32.00000", "2018-10-31": -142, "2018-07-31": -265, "2018-04-30": -3, "2018-01-31": "-546.00000", "2017-10-31": -37, "2017-07-31": -357, "2017-04-30": -236, "2017-01-31": "-356.00000", "2016-10-31": -38, "2016-07-31": -27, "2016-04-30": 751, "2016-01-31": "-203.00000", "2015-10-31": 6, "2015-07-31": 23, "2015-04-30": 58, "2015-01-31": "-123.00000", "2014-10-31": 63, "2014-07-31": 168, "2014-04-30": 4, "2014-01-31": "16.00000", "2013-10-31": -13, "2013-07-31": -73, "2013-04-30": 14, "2013-01-31": "3.00000", "2012-10-31": 1, "2012-07-31": -77, "2012-04-30": 24, "2012-01-31": "-36.00000", "2011-10-31": -9, "2011-07-31": 16, "2011-04-30": 69, "2011-01-31": "-111.00000", "2010-10-31": 5, "2010-07-31": -33, "2010-04-30": -20, "2010-01-31": "-51.00000", "2009-10-31": 11, "2009-07-31": -16, "2009-04-30": 50, "2009-01-31": "-51.00000", "2008-10-31": 42, "2008-07-31": -76}, "Cash Flow From Operating Activities": {"2020-10-31": 3348, "2020-07-31": 3178, "2020-04-30": 3213, "2020-01-31": "2322.00000", "2019-10-31": 2479, "2019-07-31": 2419, "2019-04-30": 2667, "2019-01-31": "2132.00000", "2018-10-31": 2635, "2018-07-31": 2247, "2018-04-30": 2313, "2018-01-31": "1685.00000", "2017-10-31": 1959, "2017-07-31": 1656, "2017-04-30": 1583, "2017-01-31": "1353.00000", "2016-10-31": 1352, "2016-07-31": 963, "2016-04-30": 622, "2016-01-31": "474.00000", "2015-10-31": 582, "2015-07-31": 592, "2015-04-30": 663, "2015-01-31": "481.00000", "2014-10-31": 381, "2014-07-31": 314, "2014-04-30": 251, "2014-01-31": "229.00000", "2013-10-31": 212, "2013-07-31": 137, "2013-04-30": 188, "2013-01-31": "185.00000", "2012-10-31": 215, "2012-07-31": 128, "2012-04-30": 211, "2012-01-31": "139.00000", "2011-10-31": 195, "2011-07-31": 211, "2011-04-30": 253, "2011-01-31": "67.00000", "2010-10-31": 217, "2010-07-31": 137, "2010-04-30": 115, "2010-01-31": "41.00000", "2009-10-31": 46, "2009-07-31": 31, "2009-04-30": 66, "2009-01-31": "-4.00000", "2008-10-31": 114, "2008-07-31": 94}, "Net Change In Property, Plant, And Equipment": {"2020-10-31": -100, "2020-07-31": -95, "2020-04-30": -148, "2020-01-31": "-108.00000", "2019-10-31": -90, "2019-07-31": -30, "2019-04-30": -125, "2019-01-31": "-99.00000", "2018-10-31": -105, "2018-07-31": -120, "2018-04-30": -188, "2018-01-31": "17.00000", "2017-10-31": 207, "2017-07-31": -254, "2017-04-30": -256, "2017-01-31": "-325.00000", "2016-10-31": -193, "2016-07-31": -227, "2016-04-30": -158, "2016-01-31": "-140.00000", "2015-10-31": -59, "2015-07-31": -148, "2015-04-30": -140, "2015-01-31": "-136.00000", "2014-10-31": -189, "2014-07-31": -95, "2014-04-30": -73, "2014-01-31": "-52.00000", "2013-10-31": -57, "2013-07-31": -65, "2013-04-30": -47, "2013-01-31": "-67.00000", "2012-10-31": -73, "2012-07-31": -65, "2012-04-30": -56, "2012-01-31": "-47.00000", "2011-10-31": -37, "2011-07-31": -24, "2011-04-30": -19, "2011-01-31": "-32.00000", "2010-10-31": -30, "2010-07-31": -21, "2010-04-30": -17, "2010-01-31": "-9.00000", "2009-10-31": -20, "2009-07-31": -12, "2009-04-30": -13, "2009-01-31": "-12.00000", "2008-10-31": -13, "2008-07-31": -47}, "Net Change In Intangible Assets": {"2020-10-31": 0, "2020-07-31": 0, "2020-04-30": 0, "2020-01-31": "", "2019-10-31": 0, "2019-07-31": 0, "2019-04-30": 0, "2019-01-31": "", "2018-10-31": 0, "2018-07-31": 0, "2018-04-30": 0, "2018-01-31": "", "2017-10-31": 0, "2017-07-31": 0, "2017-04-30": 0, "2017-01-31": "", "2016-10-31": 0, "2016-07-31": 0, "2016-04-30": 0, "2016-01-31": "", "2015-10-31": 0, "2015-07-31": 0, "2015-04-30": 0, "2015-01-31": "", "2014-10-31": 0, "2014-07-31": 0, "2014-04-30": 0, "2014-01-31": "", "2013-10-31": 0, "2013-07-31": 0, "2013-04-30": 0, "2013-01-31": "", "2012-10-31": 0, "2012-07-31": 0, "2012-04-30": 0, "2012-01-31": "", "2011-10-31": -1, "2011-07-31": 0, "2011-04-30": 0, "2011-01-31": "", "2010-10-31": 0, "2010-07-31": 0, "2010-04-30": 0, "2010-01-31": "", "2009-10-31": -1, "2009-07-31": 0, "2009-04-30": 0, "2009-01-31": "", "2008-10-31": 6, "2008-07-31": -6}, "Net Acquisitions/Divestitures": {"2020-10-31": 0, "2020-07-31": 48, "2020-04-30": 168, "2020-01-31": "-10870.00000", "2019-10-31": 0, "2019-07-31": -6, "2019-04-30": 0, "2019-01-31": "-15070.00000", "2018-10-31": -16, "2018-07-31": -7, "2018-04-30": 0, "2018-01-31": "-4004.00000", "2017-10-31": 0, "2017-07-31": -3, "2017-04-30": -37, "2017-01-31": "10.00000", "2016-10-31": 200, "2016-07-31": 610, "2016-04-30": -10035, "2016-01-31": "68.00000", "2015-10-31": 0, "2015-07-31": -394, "2015-04-30": 0, "2015-01-31": "650.00000", "2014-10-31": 133, "2014-07-31": -5644, "2014-04-30": 0, "2014-01-31": "", "2013-10-31": -5, "2013-07-31": -372, "2013-04-30": -28, "2013-01-31": "-9.00000", "2012-10-31": -2, "2012-07-31": -2, "2012-04-30": 0, "2012-01-31": "", "2011-10-31": 1, "2011-07-31": 0, "2011-04-30": 0, "2011-01-31": "-9.00000", "2010-10-31": 0, "2010-07-31": -8, "2010-04-30": -1, "2010-01-31": "", "2009-10-31": 0, "2009-07-31": 0, "2009-04-30": -5, "2009-01-31": "", "2008-10-31": -32, "2008-07-31": 4}, "Net Change In Short-term Investments": {"2020-10-31": 0, "2020-07-31": 0, "2020-04-30": 0, "2020-01-31": "", "2019-10-31": 0, "2019-07-31": 0, "2019-04-30": 0, "2019-01-31": "", "2018-10-31": 0, "2018-07-31": 0, "2018-04-30": 0, "2018-01-31": "", "2017-10-31": 0, "2017-07-31": 0, "2017-04-30": 0, "2017-01-31": "", "2016-10-31": 0, "2016-07-31": 0, "2016-04-30": 0, "2016-01-31": "", "2015-10-31": 0, "2015-07-31": 0, "2015-04-30": 0, "2015-01-31": "", "2014-10-31": 0, "2014-07-31": 0, "2014-04-30": 0, "2014-01-31": "", "2013-10-31": 0, "2013-07-31": 0, "2013-04-30": 0, "2013-01-31": "", "2012-10-31": 0, "2012-07-31": 0, "2012-04-30": 0, "2012-01-31": "", "2011-10-31": 0, "2011-07-31": 0, "2011-04-30": 0, "2011-01-31": "", "2010-10-31": 0, "2010-07-31": 0, "2010-04-30": 0, "2010-01-31": "", "2009-10-31": 0, "2009-07-31": 0, "2009-04-30": 0, "2009-01-31": "", "2008-10-31": 0, "2008-07-31": 0}, "Net Change In Long-Term Investments": {"2020-10-31": 0, "2020-07-31": 0, "2020-04-30": 0, "2020-01-31": "", "2019-10-31": -5, "2019-07-31": 0, "2019-04-30": 0, "2019-01-31": "", "2018-10-31": -54, "2018-07-31": 0, "2018-04-30": 49, "2018-01-31": "-244.00000", "2017-10-31": 193, "2017-07-31": 0, "2017-04-30": -200, "2017-01-31": "", "2016-10-31": 15, "2016-07-31": 58, "2016-04-30": -27, "2016-01-31": "", "2015-10-31": -5, "2015-07-31": 0, "2015-04-30": -9, "2015-01-31": "", "2014-10-31": 21, "2014-07-31": 0, "2014-04-30": 14, "2014-01-31": "", "2013-10-31": 8, "2013-07-31": -1, "2013-04-30": -9, "2013-01-31": "", "2012-10-31": 0, "2012-07-31": 0, "2012-04-30": 0, "2012-01-31": "", "2011-10-31": 0, "2011-07-31": 0, "2011-04-30": 0, "2011-01-31": "", "2010-10-31": 0, "2010-07-31": 0, "2010-04-30": 0, "2010-01-31": "", "2009-10-31": 0, "2009-07-31": 0, "2009-04-30": 0, "2009-01-31": "", "2008-10-31": 0, "2008-07-31": 0}, "Net Change In Investments - Total": {"2020-10-31": 0, "2020-07-31": 0, "2020-04-30": 0, "2020-01-31": "", "2019-10-31": -5, "2019-07-31": 0, "2019-04-30": 0, "2019-01-31": "", "2018-10-31": -54, "2018-07-31": 0, "2018-04-30": 49, "2018-01-31": "-244.00000", "2017-10-31": 193, "2017-07-31": 0, "2017-04-30": -200, "2017-01-31": "", "2016-10-31": 15, "2016-07-31": 58, "2016-04-30": -27, "2016-01-31": "", "2015-10-31": -5, "2015-07-31": 0, "2015-04-30": -9, "2015-01-31": "", "2014-10-31": 21, "2014-07-31": 0, "2014-04-30": 14, "2014-01-31": "", "2013-10-31": 8, "2013-07-31": -1, "2013-04-30": -9, "2013-01-31": "", "2012-10-31": 0, "2012-07-31": 0, "2012-04-30": 0, "2012-01-31": "", "2011-10-31": 0, "2011-07-31": 0, "2011-04-30": 0, "2011-01-31": "", "2010-10-31": 0, "2010-07-31": 0, "2010-04-30": 0, "2010-01-31": "", "2009-10-31": 0, "2009-07-31": 0, "2009-04-30": 0, "2009-01-31": "", "2008-10-31": 0, "2008-07-31": 0}, "Investing Activities - Other": {"2020-10-31": 0, "2020-07-31": 1, "2020-04-30": 4, "2020-01-31": "-9.00000", "2019-10-31": 7, "2019-07-31": 1, "2019-04-30": 19, "2019-01-31": "-24.00000", "2018-10-31": 57, "2018-07-31": -47, "2018-04-30": -16, "2018-01-31": "4.00000", "2017-10-31": -4, "2017-07-31": -1, "2017-04-30": 0, "2017-01-31": "-4.00000", "2016-10-31": 4, "2016-07-31": -15, "2016-04-30": 13, "2016-01-31": "-13.00000", "2015-10-31": 0, "2015-07-31": 0, "2015-04-30": 0, "2015-01-31": "", "2014-10-31": 0, "2014-07-31": 0, "2014-04-30": 0, "2014-01-31": "", "2013-10-31": 0, "2013-07-31": 0, "2013-04-30": 0, "2013-01-31": "", "2012-10-31": 1, "2012-07-31": 0, "2012-04-30": 0, "2012-01-31": "", "2011-10-31": -1, "2011-07-31": 0, "2011-04-30": 0, "2011-01-31": "", "2010-10-31": 0, "2010-07-31": 0, "2010-04-30": 0, "2010-01-31": "", "2009-10-31": 0, "2009-07-31": 0, "2009-04-30": 0, "2009-01-31": "", "2008-10-31": -6, "2008-07-31": 0}, "Cash Flow From Investing Activities": {"2020-10-31": -100, "2020-07-31": -46, "2020-04-30": 24, "2020-01-31": "-10987.00000", "2019-10-31": -88, "2019-07-31": -35, "2019-04-30": -106, "2019-01-31": "-15193.00000", "2018-10-31": -118, "2018-07-31": -174, "2018-04-30": -155, "2018-01-31": "-4227.00000", "2017-10-31": 396, "2017-07-31": -258, "2017-04-30": -493, "2017-01-31": "-319.00000", "2016-10-31": 26, "2016-07-31": 426, "2016-04-30": -10207, "2016-01-31": "-85.00000", "2015-10-31": -64, "2015-07-31": -542, "2015-04-30": -149, "2015-01-31": "514.00000", "2014-10-31": -35, "2014-07-31": -5739, "2014-04-30": -59, "2014-01-31": "-52.00000", "2013-10-31": -54, "2013-07-31": -438, "2013-04-30": -84, "2013-01-31": "-76.00000", "2012-10-31": -74, "2012-07-31": -67, "2012-04-30": -56, "2012-01-31": "-47.00000", "2011-10-31": -38, "2011-07-31": -24, "2011-04-30": -19, "2011-01-31": "-41.00000", "2010-10-31": -30, "2010-07-31": -29, "2010-04-30": -18, "2010-01-31": "-9.00000", "2009-10-31": -21, "2009-07-31": -12, "2009-04-30": -18, "2009-01-31": "-12.00000", "2008-10-31": -45, "2008-07-31": -49}, "Net Long-Term Debt": {"2020-10-31": -3000, "2020-07-31": -1900, "2020-04-30": 1041, "2020-01-31": "11562.00000", "2019-10-31": -4904, "2019-07-31": -230, "2019-04-30": -59, "2019-01-31": "18427.00000", "2018-10-31": -117, "2018-07-31": 0, "2018-04-30": 0, "2018-01-31": "-856.00000", "2017-10-31": 3990, "2017-07-31": -6, "2017-04-30": -4, "2017-01-31": "-222.00000", "2016-10-31": -113, "2016-07-31": -1306, "2016-04-30": 9623, "2016-01-31": "-11.00000", "2015-10-31": -12, "2015-07-31": -1188, "2015-04-30": -605, "2015-01-31": "-12.00000", "2014-10-31": -11, "2014-07-31": 5599, "2014-04-30": 0, "2014-01-31": "", "2013-10-31": 1, "2013-07-31": 0, "2013-04-30": -1, "2013-01-31": "", "2012-10-31": 0, "2012-07-31": -1, "2012-04-30": -1, "2012-01-31": "", "2011-10-31": -1, "2011-07-31": 0, "2011-04-30": -1, "2011-01-31": "-231.00000", "2010-10-31": -1, "2010-07-31": 0, "2010-04-30": -1, "2010-01-31": "-364.00000", "2009-10-31": -112, "2009-07-31": -1, "2009-04-30": 0, "2009-01-31": "-2.00000", "2008-10-31": 202, "2008-07-31": -202}, "Net Current Debt": {"2020-10-31": 0, "2020-07-31": 0, "2020-04-30": 0, "2020-01-31": "", "2019-10-31": 0, "2019-07-31": 0, "2019-04-30": 0, "2019-01-31": "", "2018-10-31": 0, "2018-07-31": 0, "2018-04-30": 0, "2018-01-31": "", "2017-10-31": 0, "2017-07-31": 0, "2017-04-30": 0, "2017-01-31": "", "2016-10-31": 0, "2016-07-31": 0, "2016-04-30": 0, "2016-01-31": "", "2015-10-31": 0, "2015-07-31": 0, "2015-04-30": 0, "2015-01-31": "", "2014-10-31": 0, "2014-07-31": 0, "2014-04-30": 0, "2014-01-31": "", "2013-10-31": 0, "2013-07-31": 0, "2013-04-30": 0, "2013-01-31": "", "2012-10-31": 0, "2012-07-31": 0, "2012-04-30": 0, "2012-01-31": "", "2011-10-31": 0, "2011-07-31": 0, "2011-04-30": 0, "2011-01-31": "", "2010-10-31": 0, "2010-07-31": 0, "2010-04-30": 0, "2010-01-31": "", "2009-10-31": 0, "2009-07-31": 0, "2009-04-30": 0, "2009-01-31": "", "2008-10-31": 0, "2008-07-31": 0}, "Debt Issuance/Retirement Net - Total": {"2020-10-31": -3000, "2020-07-31": -1900, "2020-04-30": 1041, "2020-01-31": "11562.00000", "2019-10-31": -4904, "2019-07-31": -230, "2019-04-30": -59, "2019-01-31": "18427.00000", "2018-10-31": -117, "2018-07-31": 0, "2018-04-30": 0, "2018-01-31": "-856.00000", "2017-10-31": 3990, "2017-07-31": -6, "2017-04-30": -4, "2017-01-31": "-222.00000", "2016-10-31": -113, "2016-07-31": -1306, "2016-04-30": 9623, "2016-01-31": "-11.00000", "2015-10-31": -12, "2015-07-31": -1188, "2015-04-30": -605, "2015-01-31": "-12.00000", "2014-10-31": -11, "2014-07-31": 5599, "2014-04-30": 0, "2014-01-31": "", "2013-10-31": 1, "2013-07-31": 0, "2013-04-30": -1, "2013-01-31": "", "2012-10-31": 0, "2012-07-31": -1, "2012-04-30": -1, "2012-01-31": "", "2011-10-31": -1, "2011-07-31": 0, "2011-04-30": -1, "2011-01-31": "-231.00000", "2010-10-31": -1, "2010-07-31": 0, "2010-04-30": -1, "2010-01-31": "-364.00000", "2009-10-31": -112, "2009-07-31": -1, "2009-04-30": 0, "2009-01-31": "-2.00000", "2008-10-31": 0, "2008-07-31": -202}, "Net Common Equity Issued/Repurchased": {"2020-10-31": -83, "2020-07-31": -146, "2020-04-30": -128, "2020-01-31": "-132.00000", "2019-10-31": -528, "2019-07-31": -966, "2019-04-30": -1209, "2019-01-31": "-3451.00000", "2018-10-31": -1495, "2018-07-31": -5372, "2018-04-30": -269, "2018-01-31": "34.00000", "2017-10-31": 66, "2017-07-31": 41, "2017-04-30": 89, "2017-01-31": "61.00000", "2016-10-31": 78, "2016-07-31": 38, "2016-04-30": 107, "2016-01-31": "72.00000", "2015-10-31": 55, "2015-07-31": 56, "2015-04-30": 79, "2015-01-31": "51.00000", "2014-10-31": 38, "2014-07-31": 33, "2014-04-30": 34, "2014-01-31": "7.00000", "2013-10-31": 8, "2013-07-31": -6, "2013-04-30": 7, "2013-01-31": "-3.00000", "2012-10-31": 6, "2012-07-31": -9, "2012-04-30": 11, "2012-01-31": "-74.00000", "2011-10-31": -10, "2011-07-31": -57, "2011-04-30": 22, "2011-01-31": "22.00000", "2010-10-31": 6, "2010-07-31": 3, "2010-04-30": 15, "2010-01-31": "4.00000", "2009-10-31": 304, "2009-07-31": -5, "2009-04-30": -1, "2009-01-31": "", "2008-10-31": 4, "2008-07-31": -4}, "Net Total Equity Issued/Repurchased": {"2020-10-31": -83, "2020-07-31": -146, "2020-04-30": -128, "2020-01-31": "-132.00000", "2019-10-31": 3151, "2019-07-31": -966, "2019-04-30": -1209, "2019-01-31": "-3451.00000", "2018-10-31": -1495, "2018-07-31": -5372, "2018-04-30": -269, "2018-01-31": "34.00000", "2017-10-31": 66, "2017-07-31": 41, "2017-04-30": 89, "2017-01-31": "61.00000", "2016-10-31": 78, "2016-07-31": 38, "2016-04-30": 107, "2016-01-31": "72.00000", "2015-10-31": 55, "2015-07-31": 56, "2015-04-30": 79, "2015-01-31": "51.00000", "2014-10-31": 38, "2014-07-31": 33, "2014-04-30": 34, "2014-01-31": "7.00000", "2013-10-31": 8, "2013-07-31": -6, "2013-04-30": 7, "2013-01-31": "-3.00000", "2012-10-31": 6, "2012-07-31": -9, "2012-04-30": 11, "2012-01-31": "-74.00000", "2011-10-31": -10, "2011-07-31": -57, "2011-04-30": 22, "2011-01-31": "22.00000", "2010-10-31": 6, "2010-07-31": 3, "2010-04-30": 15, "2010-01-31": "4.00000", "2009-10-31": 304, "2009-07-31": -5, "2009-04-30": -1, "2009-01-31": "", "2008-10-31": -3, "2008-07-31": -4}, "Total Common And Preferred Stock Dividends Paid": {"2020-10-31": -1395, "2020-07-31": -1386, "2020-04-30": -1381, "2020-01-31": "-1372.00000", "2019-10-31": -1054, "2019-07-31": -1057, "2019-04-30": -1057, "2019-01-31": "-1067.00000", "2018-10-31": -723, "2018-07-31": -754, "2018-04-30": -766, "2018-01-31": "-755.00000", "2017-10-31": -439, "2017-07-31": -438, "2017-04-30": -437, "2017-01-31": "-431.00000", "2016-10-31": -213, "2016-07-31": -211, "2016-04-30": -204, "2016-01-31": "-122.00000", "2015-10-31": -116, "2015-07-31": -104, "2015-04-30": -99, "2015-01-31": "-89.00000", "2014-10-31": -81, "2014-07-31": -73, "2014-04-30": -68, "2014-01-31": "-62.00000", "2013-10-31": -57, "2013-07-31": -52, "2013-04-30": -47, "2013-01-31": "-42.00000", "2012-10-31": -39, "2012-07-31": -37, "2012-04-30": -32, "2012-01-31": "-29.00000", "2011-10-31": -27, "2011-07-31": -22, "2011-04-30": -20, "2011-01-31": "-17.00000", "2010-10-31": 0, "2010-07-31": 0, "2010-04-30": 0, "2010-01-31": "", "2009-10-31": 0, "2009-07-31": 0, "2009-04-30": 0, "2009-01-31": "", "2008-10-31": 0, "2008-07-31": 0}, "Financial Activities - Other": {"2020-10-31": -9, "2020-07-31": -50, "2020-04-30": -6, "2020-01-31": "-4.00000", "2019-10-31": 9, "2019-07-31": 3, "2019-04-30": -1, "2019-01-31": "-47.00000", "2018-10-31": -26, "2018-07-31": 2, "2018-04-30": -12, "2018-01-31": "-9.00000", "2017-10-31": -17, "2017-07-31": 0, "2017-04-30": -20, "2017-01-31": "-3.00000", "2016-10-31": 6, "2016-07-31": 10, "2016-04-30": -69, "2016-01-31": "19.00000", "2015-10-31": 23, "2015-07-31": 32, "2015-04-30": 50, "2015-01-31": "20.00000", "2014-10-31": 35, "2014-07-31": -135, "2014-04-30": 8, "2014-01-31": "5.00000", "2013-10-31": 12, "2013-07-31": 3, "2013-04-30": 5, "2013-01-31": "3.00000", "2012-10-31": 3, "2012-07-31": 5, "2012-04-30": 2, "2012-01-31": "1.00000", "2011-10-31": 6, "2011-07-31": 0, "2011-04-30": -2, "2011-01-31": "2.00000", "2010-10-31": 2, "2010-07-31": 0, "2010-04-30": 1, "2010-01-31": "", "2009-10-31": 1, "2009-07-31": 0, "2009-04-30": -1, "2009-01-31": "", "2008-10-31": -1, "2008-07-31": 0}, "Cash Flow From Financial Activities": {"2020-10-31": -4487, "2020-07-31": -3482, "2020-04-30": -474, "2020-01-31": "10054.00000", "2019-10-31": -2798, "2019-07-31": -2250, "2019-04-30": -2326, "2019-01-31": "13862.00000", "2018-10-31": -2361, "2018-07-31": -6124, "2018-04-30": -1047, "2018-01-31": "-1586.00000", "2017-10-31": 3600, "2017-07-31": -403, "2017-04-30": -372, "2017-01-31": "-595.00000", "2016-10-31": -242, "2016-07-31": -1469, "2016-04-30": 9457, "2016-01-31": "-42.00000", "2015-10-31": -50, "2015-07-31": -1204, "2015-04-30": -575, "2015-01-31": "-30.00000", "2014-10-31": -19, "2014-07-31": 5424, "2014-04-30": -26, "2014-01-31": "-50.00000", "2013-10-31": -36, "2013-07-31": -55, "2013-04-30": -36, "2013-01-31": "-42.00000", "2012-10-31": -30, "2012-07-31": -42, "2012-04-30": -20, "2012-01-31": "-102.00000", "2011-10-31": -32, "2011-07-31": -79, "2011-04-30": -1, "2011-01-31": "-224.00000", "2010-10-31": 7, "2010-07-31": 3, "2010-04-30": 15, "2010-01-31": "-360.00000", "2009-10-31": 193, "2009-07-31": -6, "2009-04-30": -2, "2009-01-31": "-2.00000", "2008-10-31": -4, "2008-07-31": -206}, "Net Cash Flow": {"2020-10-31": -1239, "2020-07-31": -350, "2020-04-30": 2763, "2020-01-31": "1389.00000", "2019-10-31": -407, "2019-07-31": 134, "2019-04-30": 235, "2019-01-31": "801.00000", "2018-10-31": 156, "2018-07-31": -4051, "2018-04-30": 1111, "2018-01-31": "-4128.00000", "2017-10-31": 5955, "2017-07-31": 995, "2017-04-30": 718, "2017-01-31": "439.00000", "2016-10-31": 1136, "2016-07-31": -80, "2016-04-30": -128, "2016-01-31": "347.00000", "2015-10-31": 468, "2015-07-31": -1154, "2015-04-30": -61, "2015-01-31": "965.00000", "2014-10-31": 327, "2014-07-31": -1, "2014-04-30": 166, "2014-01-31": "127.00000", "2013-10-31": 122, "2013-07-31": -356, "2013-04-30": 68, "2013-01-31": "67.00000", "2012-10-31": 111, "2012-07-31": 19, "2012-04-30": 135, "2012-01-31": "-10.00000", "2011-10-31": 125, "2011-07-31": 108, "2011-04-30": 233, "2011-01-31": "-198.00000", "2010-10-31": 194, "2010-07-31": 111, "2010-04-30": 112, "2010-01-31": "-328.00000", "2009-10-31": 218, "2009-07-31": 13, "2009-04-30": 46, "2009-01-31": "-18.00000", "2008-10-31": 65, "2008-07-31": -161}, "Stock-Based Compensation": {"2020-10-31": 449, "2020-07-31": 465, "2020-04-30": 517, "2020-01-31": "545.00000", "2019-10-31": 544, "2019-07-31": 632, "2019-04-30": 544, "2019-01-31": "465.00000", "2018-10-31": 317, "2018-07-31": 315, "2018-04-30": 296, "2018-01-31": "299.00000", "2017-10-31": 252, "2017-07-31": 251, "2017-04-30": 216, "2017-01-31": "202.00000", "2016-10-31": 205, "2016-07-31": 219, "2016-04-30": 198, "2016-01-31": "57.00000", "2015-10-31": 63, "2015-07-31": 63, "2015-04-30": 57, "2015-01-31": "49.00000", "2014-10-31": 54, "2014-07-31": 55, "2014-04-30": 30, "2014-01-31": "24.00000", "2013-10-31": 22, "2013-07-31": 20, "2013-04-30": 18, "2013-01-31": "17.00000", "2012-10-31": 14, "2012-07-31": 15, "2012-04-30": 13, "2012-01-31": "11.00000", "2011-10-31": 11, "2011-07-31": 11, "2011-04-30": 9, "2011-01-31": "7.00000", "2010-10-31": 7, "2010-07-31": 7, "2010-04-30": 6, "2010-01-31": "5.00000", "2009-10-31": 5, "2009-07-31": 3, "2009-04-30": 4, "2009-01-31": "", "2008-10-31": -12, "2008-07-31": 12}, "Common Stock Dividends Paid": {"2020-10-31": -1395, "2020-07-31": -1386, "2020-04-30": -1381, "2020-01-31": "-1372.00000", "2019-10-31": -1054, "2019-07-31": -1057, "2019-04-30": -1057, "2019-01-31": "-1067.00000", "2018-10-31": -723, "2018-07-31": -754, "2018-04-30": -766, "2018-01-31": "-755.00000", "2017-10-31": -439, "2017-07-31": -438, "2017-04-30": -437, "2017-01-31": "-431.00000", "2016-10-31": -213, "2016-07-31": -211, "2016-04-30": -204, "2016-01-31": "-122.00000", "2015-10-31": -116, "2015-07-31": -104, "2015-04-30": -99, "2015-01-31": "-89.00000", "2014-10-31": -81, "2014-07-31": -73, "2014-04-30": -68, "2014-01-31": "-62.00000", "2013-10-31": -57, "2013-07-31": -52, "2013-04-30": -47, "2013-01-31": "-42.00000", "2012-10-31": -39, "2012-07-31": -37, "2012-04-30": -32, "2012-01-31": "-29.00000", "2011-10-31": -27, "2011-07-31": -22, "2011-04-30": -20, "2011-01-31": "-17.00000", "2010-10-31": 0, "2010-07-31": 0, "2010-04-30": 0, "2010-01-31": "", "2009-10-31": 0, "2009-07-31": 0, "2009-04-30": 0, "2009-01-31": "", "2008-10-31": 0, "2008-07-31": 0}}, "financial ratios": {"Current Ratio": {"2020-10-31": "1.86710", "2019-10-31": "1.43750", "2018-10-31": "3.89520", "2017-10-31": "6.25660", "2016-10-31": "2.31480", "2015-10-31": "3.35920", "2014-10-31": "3.77460", "2013-10-31": "4.39130", "2012-10-31": "4.88730", "2011-10-31": "3.98000", "2010-10-31": "1.92390", "2009-10-31": "1.36490", "2008-10-31": "1.88720", "2007-10-31": ""}, "Long-term Debt / Capital": {"2020-10-31": "0.62760", "2019-10-31": "0.54610", "2018-10-31": "0.39620", "2017-10-31": "0.42920", "2016-10-31": "0.37610", "2015-10-31": "0.44800", "2014-10-31": "0.62750", "2013-10-31": "", "2012-10-31": "0.00080", "2011-10-31": "0.00200", "2010-10-31": "0.00270", "2009-10-31": "0.18300", "2008-10-31": "0.47580", "2007-10-31": ""}, "Debt/Equity Ratio": {"2020-10-31": "1.71990", "2019-10-31": "1.31500", "2018-10-31": "0.65620", "2017-10-31": "0.75680", "2016-10-31": "0.62360", "2015-10-31": "0.82140", "2014-10-31": "1.69870", "2013-10-31": "", "2012-10-31": "0.00120", "2011-10-31": "0.00300", "2010-10-31": "0.15680", "2009-10-31": "0.57600", "2008-10-31": "0.91030", "2007-10-31": ""}, "Gross Margin": {"2020-10-31": "56.58070", "2019-10-31": "55.24190", "2018-10-31": "51.48220", "2017-10-31": "48.24790", "2016-10-31": "44.86410", "2015-10-31": "52.06620", "2014-10-31": "43.96810", "2013-10-31": "47.53970", "2012-10-31": "48.30800", "2011-10-31": "49.10100", "2010-10-31": "46.15390", "2009-10-31": "37.73590", "2008-10-31": "38.55210", "2007-10-31": "23.70660"}, "Operating Margin": {"2020-10-31": "16.80340", "2019-10-31": "15.24100", "2018-10-31": "24.63070", "2017-10-31": "13.44410", "2016-10-31": "-3.08910", "2015-10-31": "23.91560", "2014-10-31": "10.26000", "2013-10-31": "21.90480", "2012-10-31": "24.61930", "2011-10-31": "25.00000", "2010-10-31": "22.26470", "2009-10-31": "3.23450", "2008-10-31": "9.41730", "2007-10-31": "-6.87620"}, "EBIT Margin": {"2020-10-31": "16.80340", "2019-10-31": "15.24100", "2018-10-31": "24.63070", "2017-10-31": "13.44410", "2016-10-31": "-3.08910", "2015-10-31": "23.91560", "2014-10-31": "10.26000", "2013-10-31": "21.90480", "2012-10-31": "24.61930", "2011-10-31": "25.00000", "2010-10-31": "22.26470", "2009-10-31": "3.23450", "2008-10-31": "9.41730", "2007-10-31": "-6.87620"}, "EBITDA Margin": {"2020-10-31": "45.70910", "2019-10-31": "40.94350", "2018-10-31": "44.20570", "2017-10-31": "40.30390", "2016-10-31": "20.15860", "2015-10-31": "38.33530", "2014-10-31": "25.22840", "2013-10-31": "29.36510", "2012-10-31": "31.17600", "2011-10-31": "31.76370", "2010-10-31": "29.95700", "2009-10-31": "14.28570", "2008-10-31": "19.01120", "2007-10-31": "4.91160"}, "Pre-Tax Profit Margin": {"2020-10-31": "10.22690", "2019-10-31": "9.85090", "2018-10-31": "21.80070", "2017-10-31": "10.34820", "2016-10-31": "-8.36100", "2015-10-31": "21.49770", "2014-10-31": "8.01120", "2013-10-31": "22.53970", "2012-10-31": "24.74620", "2011-10-31": "24.01540", "2010-10-31": "19.39800", "2009-10-31": "-2.42590", "2008-10-31": "3.53150", "2007-10-31": "-13.88340"}, "Net Profit Margin": {"2020-10-31": "11.14790", "2019-10-31": "11.92640", "2018-10-31": "58.80180", "2017-10-31": "9.59400", "2016-10-31": "-13.13440", "2015-10-31": "19.98830", "2014-10-31": "6.16070", "2013-10-31": "21.90480", "2012-10-31": "23.81560", "2011-10-31": "23.63010", "2010-10-31": "19.82800", "2009-10-31": "-2.96500", "2008-10-31": "4.88520", "2007-10-31": "-10.41260"}, "Asset Turnover": {"2020-10-31": "0.31460", "2019-10-31": "0.33480", "2018-10-31": "0.41590", "2017-10-31": "0.32410", "2016-10-31": "0.26500", "2015-10-31": "0.64900", "2014-10-31": "0.40690", "2013-10-31": "0.73790", "2012-10-31": "0.82600", "2011-10-31": "0.95500", "2010-10-31": "0.97030", "2009-10-31": "0.75330", "2008-10-31": "0.90810", "2007-10-31": ""}, "Inventory Turnover Ratio": {"2020-10-31": "10.34100", "2019-10-31": "11.57210", "2018-10-31": "8.99910", "2017-10-31": "6.30750", "2016-10-31": "5.21430", "2015-10-31": "6.24240", "2014-10-31": "4.60890", "2013-10-31": "4.63860", "2012-10-31": "6.29900", "2011-10-31": "6.12890", "2010-10-31": "5.96300", "2009-10-31": "5.70370", "2008-10-31": "5.55320", "2007-10-31": ""}, "Receiveable Turnover": {"2020-10-31": "10.39970", "2019-10-31": "6.93370", "2018-10-31": "6.27010", "2017-10-31": "7.20420", "2016-10-31": "6.07060", "2015-10-31": "6.69680", "2014-10-31": "5.45910", "2013-10-31": "6.02870", "2012-10-31": "6.93260", "2011-10-31": "7.12200", "2010-10-31": "7.34390", "2009-10-31": "7.97850", "2008-10-31": "9.23370", "2007-10-31": ""}, "Days Sales In Receivables": {"2020-10-31": "35.09730", "2019-10-31": "52.64130", "2018-10-31": "58.21300", "2017-10-31": "50.66460", "2016-10-31": "60.12580", "2015-10-31": "54.50400", "2014-10-31": "66.86110", "2013-10-31": "60.54370", "2012-10-31": "52.65020", "2011-10-31": "51.25000", "2010-10-31": "49.70140", "2009-10-31": "45.74800", "2008-10-31": "39.52910", "2007-10-31": ""}, "ROE - Return On Equity": {"2020-10-31": "12.40260", "2019-10-31": "10.96990", "2018-10-31": "47.37590", "2017-10-31": "7.72020", "2016-10-31": "-7.99510", "2015-10-31": "29.50790", "2014-10-31": "9.52820", "2013-10-31": "19.12680", "2012-10-31": "23.27410", "2011-10-31": "27.51750", "2010-10-31": "27.57480", "2009-10-31": "-4.23080", "2008-10-31": "7.30770", "2007-10-31": ""}, "Return On Tangible Equity": {"2020-10-31": "-8.14470", "2019-10-31": "-9.32930", "2018-10-31": "-114.62150", "2017-10-31": "-14.49160", "2016-10-31": "9.75790", "2015-10-31": "-586.91990", "2014-10-31": "-15.68530", "2013-10-31": "27.55870", "2012-10-31": "30.98510", "2011-10-31": "41.50380", "2010-10-31": "54.60530", "2009-10-31": "-19.81980", "2008-10-31": "-51.81820", "2007-10-31": ""}, "ROA - Return On Assets": {"2020-10-31": "3.89950", "2019-10-31": "4.05380", "2018-10-31": "25.19550", "2017-10-31": "3.28940", "2016-10-31": "-3.50040", "2015-10-31": "13.22870", "2014-10-31": "2.94540", "2013-10-31": "16.16400", "2012-10-31": "19.67160", "2011-10-31": "22.56750", "2010-10-31": "19.23970", "2009-10-31": "-2.23350", "2008-10-31": "3.04650", "2007-10-31": ""}, "ROI - Return On Investment": {"2020-10-31": "4.61870", "2019-10-31": "4.97890", "2018-10-31": "28.60480", "2017-10-31": "4.40700", "2016-10-31": "-4.98800", "2015-10-31": "16.28810", "2014-10-31": "3.54930", "2013-10-31": "19.12680", "2012-10-31": "23.25490", "2011-10-31": "27.46270", "2010-10-31": "27.50170", "2009-10-31": "-3.45640", "2008-10-31": "3.83060", "2007-10-31": ""}, "Book Value Per Share": {"2020-10-31": "58.65850", "2019-10-31": "62.66580", "2018-10-31": "65.33580", "2017-10-31": "56.68950", "2016-10-31": "54.92600", "2015-10-31": "17.06370", "2014-10-31": "12.75110", "2013-10-31": "11.58570", "2012-10-31": "9.85430", "2011-10-31": "8.15570", "2010-10-31": "6.27380", "2009-10-31": "4.41810", "2008-10-31": "3.65310", "2007-10-31": ""}, "Operating Cash Flow Per Share": {"2020-10-31": 5.5053, "2019-10-31": 2.5399, "2018-10-31": 5.0427, "2017-10-31": 6.6546, "2016-10-31": 0.6569, "2015-10-31": 3.8484, "2014-10-31": 1.5356, "2013-10-31": 0.0931, "2012-10-31": -0.109, "2011-10-31": 0.8078, "2010-10-31": 1.4385, "2009-10-31": -0.3151, "2008-10-31": 0.2676, "2007-10-31": 0.6822}, "Free Cash Flow Per Share": {"2020-10-31": 5.255, "2019-10-31": 2.6377, "2018-10-31": 5.6156, "2017-10-31": 7.0376, "2016-10-31": 0.5011, "2015-10-31": 3.6613, "2014-10-31": 0.9403, "2013-10-31": 0.1206, "2012-10-31": -0.6285, "2011-10-31": 0.6763, "2010-10-31": 1.3858, "2009-10-31": -0.3014, "2008-10-31": 0.1665, "2007-10-31": 0.5093}}, "financial ratios, quarterly": {"Current Ratio": {"2020-10-31": "1.86710", "2020-07-31": "2.04130", "2020-04-30": "2.15450", "2020-01-31": "1.56470", "2019-10-31": "1.43750", "2019-07-31": "1.31590", "2019-04-30": "1.25570", "2019-01-31": "1.27010", "2018-10-31": "3.89520", "2018-07-31": "3.97580", "2018-04-30": "5.87290", "2018-01-31": "5.69540", "2017-10-31": "6.25660", "2017-07-31": "4.48290", "2017-04-30": "4.12670", "2017-01-31": "3.46370", "2016-10-31": "2.31480", "2016-07-31": "2.21700", "2016-04-30": "2.52240", "2016-01-31": "4.60670", "2015-10-31": "3.35920", "2015-07-31": "3.32880", "2015-04-30": "4.49890", "2015-01-31": "4.84970", "2014-10-31": "3.77460", "2014-07-31": "4.08510", "2014-04-30": "4.88940", "2014-01-31": "5.10710", "2013-10-31": "4.39130", "2013-07-31": "4.31840", "2013-04-30": "5.50910", "2013-01-31": "6.18410", "2012-10-31": "4.88730", "2012-07-31": "4.62280", "2012-04-30": "4.23600", "2012-01-31": "4.36940", "2011-10-31": "3.98000", "2011-07-31": "3.95180", "2011-04-30": "3.81080", "2011-01-31": "3.83970", "2010-10-31": "1.92390", "2010-07-31": "3.06320", "2010-04-30": "2.58720", "2010-01-31": "2.24600", "2009-10-31": "1.36490", "2009-07-31": "2.45420", "2009-04-30": "", "2009-01-31": "", "2008-10-31": "", "2008-07-31": ""}, "Long-term Debt / Capital": {"2020-10-31": "0.62760", "2020-07-31": "0.64710", "2020-04-30": "0.65290", "2020-01-31": "0.63510", "2019-10-31": "0.54610", "2019-07-31": "0.61280", "2019-04-30": "0.60540", "2019-01-31": "0.59490", "2018-10-31": "0.39620", "2018-07-31": "0.38910", "2018-04-30": "0.35280", "2018-01-31": "0.37540", "2017-10-31": "0.42920", "2017-07-31": "0.37410", "2017-04-30": "0.37780", "2017-01-31": "0.38130", "2016-10-31": "0.37610", "2016-07-31": "0.37290", "2016-04-30": "0.39180", "2016-01-31": "0.43180", "2015-10-31": "0.44800", "2015-07-31": "0.47770", "2015-04-30": "0.54440", "2015-01-31": "0.60050", "2014-10-31": "0.62750", "2014-07-31": "0.63850", "2014-04-30": "", "2014-01-31": "0.00030", "2013-10-31": "", "2013-07-31": "0.00040", "2013-04-30": "0.00080", "2013-01-31": "0.00080", "2012-10-31": "0.00080", "2012-07-31": "0.00090", "2012-04-30": "0.00140", "2012-01-31": "0.00150", "2011-10-31": "0.00200", "2011-07-31": "0.00210", "2011-04-30": "0.00220", "2011-01-31": "0.00300", "2010-10-31": "0.00270", "2010-07-31": "0.14930", "2010-04-30": "0.16320", "2010-01-31": "0.17590", "2009-10-31": "0.18300", "2009-07-31": "0.48120", "2009-04-30": "", "2009-01-31": "", "2008-10-31": "", "2008-07-31": ""}, "Debt/Equity Ratio": {"2020-10-31": "1.71990", "2020-07-31": "1.86880", "2020-04-30": "1.91560", "2020-01-31": "1.83510", "2019-10-31": "1.31500", "2019-07-31": "1.74700", "2019-04-30": "1.69350", "2019-01-31": "1.62080", "2018-10-31": "0.65620", "2018-07-31": "0.64130", "2018-04-30": "0.54880", "2018-01-31": "0.60490", "2017-10-31": "0.75680", "2017-07-31": "0.59780", "2017-04-30": "0.60720", "2017-01-31": "0.61620", "2016-10-31": "0.62360", "2016-07-31": "0.60940", "2016-04-30": "0.65930", "2016-01-31": "0.76900", "2015-10-31": "0.82140", "2015-07-31": "0.92530", "2015-04-30": "1.20610", "2015-01-31": "1.51600", "2014-10-31": "1.69870", "2014-07-31": "1.78110", "2014-04-30": "", "2014-01-31": "0.00070", "2013-10-31": "", "2013-07-31": "0.00110", "2013-04-30": "0.00110", "2013-01-31": "0.00120", "2012-10-31": "0.00120", "2012-07-31": "0.00130", "2012-04-30": "0.00180", "2012-01-31": "0.00250", "2011-10-31": "0.00300", "2011-07-31": "0.00320", "2011-04-30": "0.00340", "2011-01-31": "0.00430", "2010-10-31": "0.15680", "2010-07-31": "0.17700", "2010-04-30": "0.19670", "2010-01-31": "0.21620", "2009-10-31": "0.57600", "2009-07-31": "0.93010", "2009-04-30": "", "2009-01-31": "", "2008-10-31": "", "2008-07-31": ""}, "Gross Margin": {"2020-10-31": "57.94030", "2020-07-31": "56.96620", "2020-04-30": "55.53810", "2020-01-31": "55.71870", "2019-10-31": "54.57060", "2019-07-31": "55.01360", "2019-04-30": "55.99060", "2019-01-31": "55.41550", "2018-10-31": "53.91260", "2018-07-31": "51.72820", "2018-04-30": "50.87750", "2018-01-31": "49.33360", "2017-10-31": "49.19490", "2017-07-31": "48.15150", "2017-04-30": "47.15990", "2017-01-31": "48.34500", "2016-10-31": "52.49030", "2016-07-31": "46.99370", "2016-04-30": "29.53970", "2016-01-31": "53.13380", "2015-10-31": "54.18480", "2015-07-31": "50.95100", "2015-04-30": "52.41640", "2015-01-31": "50.51990", "2014-10-31": "49.55980", "2014-07-31": "30.96930", "2014-04-30": "50.92730", "2014-01-31": "47.81380", "2013-10-31": "46.88350", "2013-07-31": "47.20500", "2013-04-30": "48.39860", "2013-01-31": "47.91670", "2012-10-31": "48.38190", "2012-07-31": "48.67990", "2012-04-30": "48.18020", "2012-01-31": "47.95740", "2011-10-31": "48.79620", "2011-07-31": "49.25370", "2011-04-30": "49.10710", "2011-01-31": "49.27270", "2010-10-31": "48.25180", "2010-07-31": "47.81820", "2010-04-30": "45.24270", "2010-01-31": "42.54390", "2009-10-31": "41.58880", "2009-07-31": "38.84300", "2009-04-30": "30.15390", "2009-01-31": "38.85870", "2008-10-31": "", "2008-07-31": "38.95220"}, "Operating Margin": {"2020-10-31": "23.59670", "2020-07-31": "17.31660", "2020-04-30": "13.34030", "2020-01-31": "12.18850", "2019-10-31": "18.24790", "2019-07-31": "15.68450", "2019-04-30": "17.58200", "2019-01-31": "9.58710", "2018-10-31": "30.34530", "2018-07-31": "26.44680", "2018-04-30": "23.95290", "2018-01-31": "17.70230", "2017-10-31": "15.33860", "2017-07-31": "14.51940", "2017-04-30": "11.31270", "2017-01-31": "12.22520", "2016-10-31": "9.21180", "2016-07-31": "-6.96200", "2016-04-30": "-28.26890", "2016-01-31": "26.82100", "2015-10-31": "27.93480", "2015-07-31": "17.23340", "2015-04-30": "25.89840", "2015-01-31": "24.52600", "2014-10-31": "18.93080", "2014-07-31": "-12.76600", "2014-04-30": "22.82450", "2014-01-31": "19.60510", "2013-10-31": "23.03520", "2013-07-31": "21.73910", "2013-04-30": "20.99640", "2013-01-31": "21.52780", "2012-10-31": "26.53720", "2012-07-31": "24.58750", "2012-04-30": "23.74350", "2012-01-31": "23.44580", "2011-10-31": "25.52170", "2011-07-31": "24.04640", "2011-04-30": "24.64290", "2011-01-31": "25.81820", "2010-10-31": "25.34970", "2010-07-31": "24.54550", "2010-04-30": "20.97090", "2010-01-31": "17.10530", "2009-10-31": "1.16820", "2009-07-31": "6.61160", "2009-04-30": "-3.38460", "2009-01-31": "8.15220", "2008-10-31": "", "2008-07-31": "10.02280"}, "EBIT Margin": {"2020-10-31": "23.59670", "2020-07-31": "17.31660", "2020-04-30": "13.34030", "2020-01-31": "12.18850", "2019-10-31": "18.24790", "2019-07-31": "15.68450", "2019-04-30": "17.58200", "2019-01-31": "9.58710", "2018-10-31": "30.34530", "2018-07-31": "26.44680", "2018-04-30": "23.95290", "2018-01-31": "17.70230", "2017-10-31": "15.33860", "2017-07-31": "14.51940", "2017-04-30": "11.31270", "2017-01-31": "12.22520", "2016-10-31": "9.21180", "2016-07-31": "-6.96200", "2016-04-30": "-28.26890", "2016-01-31": "26.82100", "2015-10-31": "27.93480", "2015-07-31": "17.23340", "2015-04-30": "25.89840", "2015-01-31": "24.52600", "2014-10-31": "18.93080", "2014-07-31": "-12.76600", "2014-04-30": "22.82450", "2014-01-31": "19.60510", "2013-10-31": "23.03520", "2013-07-31": "21.73910", "2013-04-30": "20.99640", "2013-01-31": "21.52780", "2012-10-31": "26.53720", "2012-07-31": "24.58750", "2012-04-30": "23.74350", "2012-01-31": "23.44580", "2011-10-31": "25.52170", "2011-07-31": "24.04640", "2011-04-30": "24.64290", "2011-01-31": "25.81820", "2010-10-31": "25.34970", "2010-07-31": "24.54550", "2010-04-30": "20.97090", "2010-01-31": "17.10530", "2009-10-31": "1.16820", "2009-07-31": "6.61160", "2009-04-30": "-3.38460", "2009-01-31": "8.15220", "2008-10-31": "", "2008-07-31": "10.02280"}, "EBITDA Margin": {"2020-10-31": "", "2020-07-31": "", "2020-04-30": "", "2020-01-31": "", "2019-10-31": "", "2019-07-31": "", "2019-04-30": "", "2019-01-31": "", "2018-10-31": "", "2018-07-31": "", "2018-04-30": "", "2018-01-31": "", "2017-10-31": "", "2017-07-31": "", "2017-04-30": "", "2017-01-31": "", "2016-10-31": "", "2016-07-31": "", "2016-04-30": "", "2016-01-31": "", "2015-10-31": "", "2015-07-31": "", "2015-04-30": "", "2015-01-31": "", "2014-10-31": "", "2014-07-31": "", "2014-04-30": "", "2014-01-31": "", "2013-10-31": "", "2013-07-31": "", "2013-04-30": "", "2013-01-31": "", "2012-10-31": "", "2012-07-31": "", "2012-04-30": "", "2012-01-31": "", "2011-10-31": "", "2011-07-31": "", "2011-04-30": "", "2011-01-31": "", "2010-10-31": "", "2010-07-31": "", "2010-04-30": "", "2010-01-31": "", "2009-10-31": "", "2009-07-31": "", "2009-04-30": "", "2009-01-31": "", "2008-10-31": "", "2008-07-31": ""}, "Pre-Tax Profit Margin": {"2020-10-31": "17.58160", "2020-07-31": "10.18730", "2020-04-30": "7.12300", "2020-01-31": "5.18950", "2019-10-31": "12.93280", "2019-07-31": "9.86400", "2019-04-30": "11.90870", "2019-01-31": "4.80220", "2018-10-31": "26.12050", "2018-07-31": "24.27420", "2018-04-30": "21.91860", "2018-01-31": "14.92400", "2017-10-31": "13.31540", "2017-07-31": "12.27870", "2017-04-30": "8.71120", "2017-01-31": "6.45080", "2016-10-31": "5.68180", "2016-07-31": "-11.07600", "2016-04-30": "-37.16460", "2016-01-31": "22.24730", "2015-10-31": "26.35870", "2015-07-31": "15.38910", "2015-04-30": "22.55270", "2015-01-31": "21.46790", "2014-10-31": "16.54090", "2014-07-31": "-17.25770", "2014-04-30": "22.68190", "2014-01-31": "19.60510", "2013-10-31": "24.39020", "2013-07-31": "22.36030", "2013-04-30": "20.99640", "2013-01-31": "21.87500", "2012-10-31": "26.69900", "2012-07-31": "24.75250", "2012-04-30": "24.26340", "2012-01-31": "23.09060", "2011-10-31": "25.52170", "2011-07-31": "24.04640", "2011-04-30": "24.46430", "2011-01-31": "21.81820", "2010-10-31": "24.12590", "2010-07-31": "23.09090", "2010-04-30": "19.22330", "2010-01-31": "9.21050", "2009-10-31": "-5.14020", "2009-07-31": "2.20390", "2009-04-30": "-10.15390", "2009-01-31": "2.98910", "2008-10-31": "", "2008-07-31": "5.46700"}, "Net Profit Margin": {"2020-10-31": "19.32890", "2020-07-31": "10.54800", "2020-04-30": "8.49880", "2020-01-31": "5.30900", "2019-10-31": "14.16210", "2019-07-31": "12.96460", "2019-04-30": "12.52490", "2019-01-31": "8.13610", "2018-10-31": "20.48130", "2018-07-31": "23.62240", "2018-04-30": "74.15240", "2018-01-31": "116.95140", "2017-10-31": "10.98270", "2017-07-31": "10.77750", "2017-04-30": "10.50120", "2017-01-31": "5.77430", "2016-10-31": "-15.28050", "2016-07-31": "-7.85870", "2016-04-30": "-33.49340", "2016-01-31": "21.28740", "2015-10-31": "23.31520", "2015-07-31": "13.83290", "2015-04-30": "21.31350", "2015-01-31": "21.46790", "2014-10-31": "8.49060", "2014-07-31": "-12.92360", "2014-04-30": "22.53920", "2014-01-31": "18.89990", "2013-10-31": "23.30620", "2013-07-31": "22.04970", "2013-04-30": "20.10680", "2013-01-31": "21.70140", "2012-10-31": "25.72820", "2012-07-31": "23.92740", "2012-04-30": "23.22360", "2012-01-31": "22.20250", "2011-10-31": "24.71910", "2011-07-31": "23.88060", "2011-04-30": "24.10710", "2011-01-31": "21.63640", "2010-10-31": "28.67130", "2010-07-31": "22.36360", "2010-04-30": "17.47570", "2010-01-31": "8.33330", "2009-10-31": "-4.90650", "2009-07-31": "0.55100", "2009-04-30": "-9.53850", "2009-01-31": "1.63040", "2008-10-31": "", "2008-07-31": "10.02280"}, "Asset Turnover": {"2020-10-31": "0.08520", "2020-07-31": "0.07340", "2020-04-30": "0.07040", "2020-01-31": "0.07230", "2019-10-31": "0.08560", "2019-07-31": "0.07900", "2019-04-30": "0.07780", "2019-01-31": "0.08030", "2018-10-31": "0.10860", "2018-07-31": "0.10050", "2018-04-30": "0.09130", "2018-01-31": "0.09770", "2017-10-31": "0.08900", "2017-07-31": "0.08940", "2017-04-30": "0.08410", "2017-01-31": "0.08340", "2016-10-31": "0.08280", "2016-07-31": "0.07620", "2016-04-30": "0.06890", "2016-01-31": "0.16430", "2015-10-31": "0.17500", "2015-07-31": "0.17370", "2015-04-30": "0.15320", "2015-01-31": "0.15280", "2014-10-31": "0.15160", "2014-07-31": "0.12370", "2014-04-30": "0.19100", "2014-01-31": "0.20420", "2013-10-31": "0.21610", "2013-07-31": "0.20100", "2013-04-30": "0.18490", "2013-01-31": "0.19920", "2012-10-31": "0.21590", "2012-07-31": "0.22320", "2012-04-30": "0.22100", "2012-01-31": "0.23040", "2011-10-31": "0.25470", "2011-07-31": "0.26530", "2011-04-30": "0.25720", "2011-01-31": "0.27900", "2010-10-31": "0.26520", "2010-07-31": "0.28650", "2010-04-30": "0.28900", "2010-01-31": "0.27940", "2009-10-31": "0.21730", "2009-07-31": "0.20450", "2009-04-30": "", "2009-01-31": "", "2008-10-31": "", "2008-07-31": ""}, "Inventory Turnover Ratio": {"2020-10-31": "2.71190", "2020-07-31": "2.31730", "2020-04-30": "2.67890", "2020-01-31": "2.74790", "2019-10-31": "3.00230", "2019-07-31": "2.27410", "2019-04-30": "2.34820", "2019-01-31": "2.40320", "2018-10-31": "2.23220", "2018-07-31": "2.00990", "2018-04-30": "1.99430", "2018-01-31": "2.09060", "2017-10-31": "1.70080", "2017-07-31": "1.61710", "2017-04-30": "1.68880", "2017-01-31": "1.60030", "2016-10-31": "1.40360", "2016-07-31": "1.53910", "2016-04-30": "1.70080", "2016-01-31": "1.69390", "2015-10-31": "1.60880", "2015-07-31": "1.67850", "2015-04-30": "1.56730", "2015-01-31": "1.61800", "2014-10-31": "1.54530", "2014-07-31": "1.81740", "2014-04-30": "1.14290", "2014-01-31": "1.29370", "2013-10-31": "1.37540", "2013-07-31": "1.19720", "2013-04-30": "1.26640", "2013-01-31": "1.44230", "2012-10-31": "1.64430", "2012-07-31": "1.43980", "2012-04-30": "1.37160", "2012-01-31": "1.51810", "2011-10-31": "1.64430", "2011-07-31": "1.53000", "2011-04-30": "1.46910", "2011-01-31": "1.37440", "2010-10-31": "1.56610", "2010-07-31": "1.55140", "2010-04-30": "1.58430", "2010-01-31": "1.57830", "2009-10-31": "1.54320", "2009-07-31": "1.45100", "2009-04-30": "", "2009-01-31": "", "2008-10-31": "", "2008-07-31": ""}, "Receiveable Turnover": {"2020-10-31": "2.81540", "2020-07-31": "2.16880", "2020-04-30": "1.78820", "2020-01-31": "1.60450", "2019-10-31": "1.77230", "2019-07-31": "1.55840", "2019-04-30": "1.58350", "2019-01-31": "1.57440", "2018-10-31": "1.63730", "2018-07-31": "1.68210", "2018-04-30": "1.82390", "2018-01-31": "2.16630", "2017-10-31": "1.97880", "2017-07-31": "1.84650", "2017-04-30": "2.02120", "2017-01-31": "2.12580", "2016-10-31": "1.89640", "2016-07-31": "1.73870", "2016-04-30": "1.90680", "2016-01-31": "1.67080", "2015-10-31": "1.80570", "2015-07-31": "2.14460", "2015-04-30": "2.12930", "2015-01-31": "2.27720", "2014-10-31": "2.03320", "2014-07-31": "2.15080", "2014-04-30": "2.19750", "2014-01-31": "2.19500", "2013-10-31": "1.76560", "2013-07-31": "1.76440", "2013-04-30": "2.07380", "2013-01-31": "2.16540", "2012-10-31": "1.81230", "2012-07-31": "1.83640", "2012-04-30": "2.10580", "2012-01-31": "1.82790", "2011-10-31": "1.89940", "2011-07-31": "2.11580", "2011-04-30": "1.93770", "2011-01-31": "1.89000", "2010-10-31": "2.00700", "2010-07-31": "1.97130", "2010-04-30": "2.06830", "2010-01-31": "2.24630", "2009-10-31": "2.30110", "2009-07-31": "2.03930", "2009-04-30": "", "2009-01-31": "", "2008-10-31": "", "2008-07-31": ""}, "Days Sales In Receivables": {"2020-10-31": "31.96690", "2020-07-31": "41.49800", "2020-04-30": "50.32920", "2020-01-31": "56.09250", "2019-10-31": "50.78080", "2019-07-31": "57.75340", "2019-04-30": "56.83520", "2019-01-31": "57.16530", "2018-10-31": "54.96880", "2018-07-31": "53.50580", "2018-04-30": "49.34380", "2018-01-31": "41.54500", "2017-10-31": "45.48310", "2017-07-31": "48.74080", "2017-04-30": "44.52750", "2017-01-31": "42.33630", "2016-10-31": "47.45890", "2016-07-31": "51.76420", "2016-04-30": "47.19850", "2016-01-31": "53.86790", "2015-10-31": "49.84240", "2015-07-31": "41.96540", "2015-04-30": "42.26770", "2015-01-31": "39.52290", "2014-10-31": "44.26420", "2014-07-31": "41.84400", "2014-04-30": "40.95580", "2014-01-31": "41.00140", "2013-10-31": "50.97560", "2013-07-31": "51.00930", "2013-04-30": "43.39860", "2013-01-31": "41.56250", "2012-10-31": "49.66020", "2012-07-31": "49.00990", "2012-04-30": "42.73830", "2012-01-31": "49.23620", "2011-10-31": "47.38360", "2011-07-31": "42.53730", "2011-04-30": "46.44640", "2011-01-31": "47.61820", "2010-10-31": "44.84270", "2010-07-31": "45.65450", "2010-04-30": "43.51460", "2010-01-31": "40.06580", "2009-10-31": "39.11220", "2009-07-31": "44.13220", "2009-04-30": "", "2009-01-31": "", "2008-10-31": "", "2008-07-31": ""}, "ROE - Return On Equity": {"2020-10-31": "5.54580", "2020-07-31": "2.92480", "2020-04-30": "2.37240", "2020-01-31": "1.55940", "2019-10-31": "3.39600", "2019-07-31": "3.32510", "2019-04-30": "3.12560", "2019-01-31": "2.07110", "2018-10-31": "4.18280", "2018-07-31": "4.36030", "2018-04-30": "11.65060", "2018-01-31": "22.62990", "2017-10-31": "2.39800", "2017-07-31": "2.24190", "2017-04-30": "2.09460", "2017-01-31": "1.16770", "2016-10-31": "-2.77020", "2016-07-31": "-1.34640", "2016-04-30": "-5.34660", "2016-01-31": "7.36180", "2015-10-31": "9.97030", "2015-07-31": "5.69960", "2015-04-30": "8.34770", "2015-01-31": "9.31640", "2014-10-31": "4.22450", "2014-07-31": "-3.87350", "2014-04-30": "5.00950", "2014-01-31": "4.47860", "2013-10-31": "5.95980", "2013-07-31": "5.20910", "2013-04-30": "4.32780", "2013-01-31": "4.96430", "2012-10-31": "6.57300", "2012-07-31": "6.33460", "2012-04-30": "6.18370", "2012-01-31": "6.12750", "2011-10-31": "7.67700", "2011-07-31": "7.70050", "2011-04-30": "7.53770", "2011-01-31": "7.23840", "2010-10-31": "10.89700", "2010-07-31": "9.22730", "2010-04-30": "7.50000", "2010-01-31": "3.49590", "2009-10-31": "-2.01920", "2009-07-31": "0.26390", "2009-04-30": "", "2009-01-31": "", "2008-10-31": "", "2008-07-31": ""}, "Return On Tangible Equity": {"2020-10-31": "-3.64190", "2020-07-31": "-1.80140", "2020-04-30": "-1.44070", "2020-01-31": "-0.93670", "2019-10-31": "-2.88810", "2019-07-31": "-2.09910", "2019-04-30": "-1.99840", "2019-01-31": "-1.37760", "2018-10-31": "-10.11980", "2018-07-31": "-10.81690", "2018-04-30": "-51.98280", "2018-01-31": "-59.88720", "2017-10-31": "-4.50130", "2017-07-31": "-3.65420", "2017-04-30": "-3.04310", "2017-01-31": "-1.53370", "2016-10-31": "3.38090", "2016-07-31": "1.67410", "2016-04-30": "6.41950", "2016-01-31": "108.64550", "2015-10-31": "-198.31220", "2015-07-31": "-26.60850", "2015-04-30": "-41.59510", "2015-01-31": "-23.92070", "2014-10-31": "-6.95430", "2014-07-31": "6.06060", "2014-04-30": "6.80740", "2014-01-31": "6.28220", "2013-10-31": "8.58710", "2013-07-31": "7.80650", "2013-04-30": "5.60240", "2013-01-31": "6.45990", "2012-10-31": "8.75070", "2012-07-31": "8.69300", "2012-04-30": "8.76390", "2012-01-31": "9.03830", "2011-10-31": "11.57900", "2011-07-31": "12.26580", "2011-04-30": "12.54650", "2011-01-31": "13.04830", "2010-10-31": "21.57900", "2010-07-31": "21.65490", "2010-04-30": "21.32700", "2010-01-31": "13.14880", "2009-10-31": "-9.45950", "2009-07-31": "-2.56410", "2009-04-30": "", "2009-01-31": "", "2008-10-31": "", "2008-07-31": ""}, "ROA - Return On Assets": {"2020-10-31": "1.74360", "2020-07-31": "0.86890", "2020-04-30": "0.69650", "2020-01-31": "0.46910", "2019-10-31": "1.25490", "2019-07-31": "1.02480", "2019-04-30": "0.97720", "2019-01-31": "0.66700", "2018-10-31": "2.22450", "2018-07-31": "2.37630", "2018-04-30": "6.80060", "2018-01-31": "12.06550", "2017-10-31": "1.02170", "2017-07-31": "1.01920", "2017-04-30": "0.93880", "2017-01-31": "0.51800", "2016-10-31": "-1.21280", "2016-07-31": "-0.60900", "2016-04-30": "-2.36740", "2016-01-31": "3.49820", "2015-10-31": "4.46980", "2015-07-31": "2.44290", "2015-04-30": "3.21880", "2015-01-31": "3.15980", "2014-10-31": "1.30590", "2014-07-31": "-1.16940", "2014-04-30": "4.30400", "2014-01-31": "3.85940", "2013-10-31": "5.03660", "2013-07-31": "4.43200", "2013-04-30": "3.71830", "2013-01-31": "4.32230", "2012-10-31": "5.55560", "2012-07-31": "5.34070", "2012-04-30": "5.13210", "2012-01-31": "5.11460", "2011-10-31": "6.29600", "2011-07-31": "6.33520", "2011-04-30": "6.20120", "2011-01-31": "6.03750", "2010-10-31": "7.60320", "2010-07-31": "6.40630", "2010-04-30": "5.05050", "2010-01-31": "2.32840", "2009-10-31": "-1.06600", "2009-07-31": "0.11270", "2009-04-30": "", "2009-01-31": "", "2008-10-31": "", "2008-07-31": ""}, "ROI - Return On Investment": {"2020-10-31": "2.06520", "2020-07-31": "1.03210", "2020-04-30": "0.82340", "2020-01-31": "0.56910", "2019-10-31": "1.54130", "2019-07-31": "1.28760", "2019-04-30": "1.23350", "2019-01-31": "0.83900", "2018-10-31": "2.52550", "2018-07-31": "2.66360", "2018-04-30": "7.54020", "2018-01-31": "14.13570", "2017-10-31": "1.36890", "2017-07-31": "1.40310", "2017-04-30": "1.30330", "2017-01-31": "0.72250", "2016-10-31": "-1.72830", "2016-07-31": "-0.84440", "2016-04-30": "-3.25180", "2016-01-31": "4.18280", "2015-10-31": "5.50350", "2015-07-31": "2.97710", "2015-04-30": "3.80340", "2015-01-31": "3.72160", "2014-10-31": "1.57360", "2014-07-31": "-1.40020", "2014-04-30": "5.00950", "2014-01-31": "4.47710", "2013-10-31": "5.95980", "2013-07-31": "5.20720", "2013-04-30": "4.32450", "2013-01-31": "4.96030", "2012-10-31": "6.56750", "2012-07-31": "6.32910", "2012-04-30": "6.17510", "2012-01-31": "6.11850", "2011-10-31": "7.66170", "2011-07-31": "7.68410", "2011-04-30": "7.52090", "2011-01-31": "7.21650", "2010-10-31": "10.86810", "2010-07-31": "7.84940", "2010-04-30": "6.27620", "2010-01-31": "2.88100", "2009-10-31": "-1.64960", "2009-07-31": "0.13690", "2009-04-30": "", "2009-01-31": "", "2008-10-31": "", "2008-07-31": ""}, "Book Value Per Share": {"2020-10-31": "58.65850", "2020-07-31": "58.30940", "2020-04-30": "59.55720", "2020-01-31": "61.07270", "2019-10-31": "62.66580", "2019-07-31": "54.02760", "2019-04-30": "55.56890", "2019-01-31": "58.64650", "2018-10-31": "65.33580", "2018-07-31": "66.46970", "2018-04-30": "73.54820", "2018-01-31": "70.93200", "2017-10-31": "56.68950", "2017-07-31": "55.70810", "2017-04-30": "55.03150", "2017-01-31": "54.98490", "2016-10-31": "54.92600", "2016-07-31": "56.76510", "2016-04-30": "57.65250", "2016-01-31": "18.41350", "2015-10-31": "17.06370", "2015-07-31": "15.57250", "2015-04-30": "15.64810", "2015-01-31": "14.15580", "2014-10-31": "12.75110", "2014-07-31": "12.25990", "2014-04-30": "12.54930", "2014-01-31": "11.98370", "2013-10-31": "11.58570", "2013-07-31": "11.00740", "2013-04-30": "10.57720", "2013-01-31": "10.23200", "2012-10-31": "9.85430", "2012-07-31": "9.35110", "2012-04-30": "8.85480", "2012-01-31": "8.36890", "2011-10-31": "8.15570", "2011-07-31": "7.61700", "2011-04-30": "7.27500", "2011-01-31": "6.75360", "2010-10-31": "6.27380", "2010-07-31": "5.57540", "2010-04-30": "5.02960", "2010-01-31": "4.60490", "2009-10-31": "4.41810", "2009-07-31": "3.55390", "2009-04-30": "", "2009-01-31": "", "2008-10-31": "", "2008-07-31": ""}, "Operating Cash Flow Per Share": {"2020-10-31": 8.0016, "2020-07-31": 7.3735, "2020-04-30": 7.7448, "2020-01-31": "5.52860", "2019-10-31": 5.8753, "2019-07-31": 5.8959, "2019-04-30": 6.2837, "2019-01-31": "5.08830", "2018-10-31": 6.4423, "2018-07-31": 5.2369, "2018-04-30": 4.9687, "2018-01-31": "3.95540", "2017-10-31": 5.2415, "2017-07-31": 3.6766, "2017-04-30": 3.5605, "2017-01-31": "3.08200", "2016-10-31": 3.9919, "2016-07-31": 2.2731, "2016-04-30": 1.0009, "2016-01-31": "1.64010", "2015-10-31": 2.2003, "2015-07-31": 2.0206, "2015-04-30": 2.298, "2015-01-31": "1.73020", "2014-10-31": 1.2499, "2014-07-31": 1.2903, "2014-04-30": 0.9625, "2014-01-31": "0.89800", "2013-10-31": 0.8413, "2013-07-31": 0.5377, "2013-04-30": 0.749, "2013-01-31": "0.73710", "2012-10-31": 0.86, "2012-07-31": 0.512, "2012-04-30": 0.844, "2012-01-31": "0.55600", "2011-10-31": 0.7822, "2011-07-31": 0.829, "2011-04-30": 1.0018, "2011-01-31": "0.26800", "2010-10-31": 0.887, "2010-07-31": 0.5521, "2010-04-30": 0.4661, "2010-01-31": "0.16800", "2009-10-31": 0.2081, "2009-07-31": 0.1369, "2009-04-30": 0.308, "2009-01-31": "-0.01830", "2008-10-31": -0.4292, "2008-07-31": 0.4292}, "Free Cash Flow Per Share": {"2020-10-31": 7.762, "2020-07-31": 7.1557, "2020-04-30": 7.3881, "2020-01-31": "5.27140", "2019-10-31": 5.6619, "2019-07-31": 5.8191, "2019-04-30": 5.9892, "2019-01-31": "4.85200", "2018-10-31": 6.1834, "2018-07-31": 4.9587, "2018-04-30": 4.5471, "2018-01-31": "3.99530", "2017-10-31": 5.6262, "2017-07-31": 3.1146, "2017-04-30": 2.9864, "2017-01-31": "2.34170", "2016-10-31": 3.3702, "2016-07-31": 1.7382, "2016-04-30": 0.7672, "2016-01-31": "1.15570", "2015-10-31": 1.9588, "2015-07-31": 1.5151, "2015-04-30": 1.8153, "2015-01-31": "1.24100", "2014-10-31": 0.5911, "2014-07-31": 0.9018, "2014-04-30": 0.6819, "2014-01-31": "0.69410", "2013-10-31": 0.6151, "2013-07-31": 0.2816, "2013-04-30": 0.5618, "2013-01-31": "0.47010", "2012-10-31": 0.568, "2012-07-31": 0.252, "2012-04-30": 0.62, "2012-01-31": "0.36800", "2011-10-31": 0.6341, "2011-07-31": 0.7349, "2011-04-30": 0.9275, "2011-01-31": "0.14000", "2010-10-31": 0.7642, "2010-07-31": 0.4675, "2010-04-30": 0.3974, "2010-01-31": "0.13110", "2009-10-31": 0.1175, "2009-07-31": 0.084, "2009-04-30": 0.246, "2009-01-31": "-0.07310", "2008-10-31": -0.2146, "2008-07-31": 0.2146}}, "revenue": {"Broadcom Annual Revenue (Millions of US $)": {"2020": "$23,888", "2019": "$22,597", "2018": "$20,848", "2017": "$17,636", "2016": "$13,240", "2015": "$6,824", "2014": "$4,269", "2013": "$2,520", "2012": "$2,364", "2011": "$2,336", "2010": "$2,093", "2009": "$1,484", "2008": "$1,699", "2007": "$1,527"}, "Broadcom Quarterly Revenue (Millions of US $)": {"2020-10-31": "$6,467", "2020-07-31": "$5,821", "2020-04-30": "$5,742", "2020-01-31": "$5,858", "2019-10-31": "$5,776", "2019-07-31": "$5,515", "2019-04-30": "$5,517", "2019-01-31": "$5,789", "2018-10-31": "$5,444", "2018-07-31": "$5,063", "2018-04-30": "$5,014", "2018-01-31": "$5,327", "2017-10-31": "$4,844", "2017-07-31": "$4,463", "2017-04-30": "$4,190", "2017-01-31": "$4,139", "2016-10-31": "$4,136", "2016-07-31": "$3,792", "2016-04-30": "$3,541", "2016-01-31": "$1,771", "2015-10-31": "$1,840", "2015-07-31": "$1,735", "2015-04-30": "$1,614", "2015-01-31": "$1,635", "2014-10-31": "$1,590", "2014-07-31": "$1,269", "2014-04-30": "$701", "2014-01-31": "$709", "2013-10-31": "$738", "2013-07-31": "$644", "2013-04-30": "$562", "2013-01-31": "$576", "2012-10-31": "$618", "2012-07-31": "$606", "2012-04-30": "$577", "2012-01-31": "$563", "2011-10-31": "$623", "2011-07-31": "$603", "2011-04-30": "$560", "2011-01-31": "$550", "2010-10-31": "$572", "2010-07-31": "$550", "2010-04-30": "$515", "2010-01-31": "$456", "2009-10-31": "$428", "2009-07-31": "$363", "2009-04-30": "$325", "2009-01-31": "$368", "2008-10-31": "", "2008-07-31": "$439"}}, "gross-profit": {"Broadcom Annual Gross Profit (Millions of US $)": {"2020": "$13,516", "2019": "$12,483", "2018": "$10,733", "2017": "$8,509", "2016": "$5,940", "2015": "$3,553", "2014": "$1,877", "2013": "$1,198", "2012": "$1,142", "2011": "$1,147", "2010": "$966", "2009": "$560", "2008": "$655", "2007": "$362"}, "Broadcom Quarterly Gross Profit (Millions of US $)": {"2020-10-31": "$3,747", "2020-07-31": "$3,316", "2020-04-30": "$3,189", "2020-01-31": "$3,264", "2019-10-31": "$3,152", "2019-07-31": "$3,034", "2019-04-30": "$3,089", "2019-01-31": "$3,208", "2018-10-31": "$2,935", "2018-07-31": "$2,619", "2018-04-30": "$2,551", "2018-01-31": "$2,628", "2017-10-31": "$2,383", "2017-07-31": "$2,149", "2017-04-30": "$1,976", "2017-01-31": "$2,001", "2016-10-31": "$2,171", "2016-07-31": "$1,782", "2016-04-30": "$1,046", "2016-01-31": "$941", "2015-10-31": "$997", "2015-07-31": "$884", "2015-04-30": "$846", "2015-01-31": "$826", "2014-10-31": "$788", "2014-07-31": "$393", "2014-04-30": "$357", "2014-01-31": "$339", "2013-10-31": "$346", "2013-07-31": "$304", "2013-04-30": "$272", "2013-01-31": "$276", "2012-10-31": "$299", "2012-07-31": "$295", "2012-04-30": "$278", "2012-01-31": "$270", "2011-10-31": "$304", "2011-07-31": "$297", "2011-04-30": "$275", "2011-01-31": "$271", "2010-10-31": "$276", "2010-07-31": "$263", "2010-04-30": "$233", "2010-01-31": "$194", "2009-10-31": "$178", "2009-07-31": "$141", "2009-04-30": "$98", "2009-01-31": "$143", "2008-10-31": "", "2008-07-31": "$171"}}, "operating-income": {"Broadcom Annual Operating Income (Millions of US $)": {"2020": "$4,014", "2019": "$3,444", "2018": "$5,135", "2017": "$2,371", "2016": "$-409", "2015": "$1,632", "2014": "$438", "2013": "$552", "2012": "$582", "2011": "$584", "2010": "$466", "2009": "$48", "2008": "$160", "2007": "$-105"}, "Broadcom Quarterly Operating Income (Millions of US $)": {"2020-10-31": "$1,526", "2020-07-31": "$1,008", "2020-04-30": "$766", "2020-01-31": "$714", "2019-10-31": "$1,054", "2019-07-31": "$865", "2019-04-30": "$970", "2019-01-31": "$555", "2018-10-31": "$1,652", "2018-07-31": "$1,339", "2018-04-30": "$1,201", "2018-01-31": "$943", "2017-10-31": "$743", "2017-07-31": "$648", "2017-04-30": "$474", "2017-01-31": "$506", "2016-10-31": "$381", "2016-07-31": "$-264", "2016-04-30": "$-1,001", "2016-01-31": "$475", "2015-10-31": "$514", "2015-07-31": "$299", "2015-04-30": "$418", "2015-01-31": "$401", "2014-10-31": "$301", "2014-07-31": "$-162", "2014-04-30": "$160", "2014-01-31": "$139", "2013-10-31": "$170", "2013-07-31": "$140", "2013-04-30": "$118", "2013-01-31": "$124", "2012-10-31": "$164", "2012-07-31": "$149", "2012-04-30": "$137", "2012-01-31": "$132", "2011-10-31": "$159", "2011-07-31": "$145", "2011-04-30": "$138", "2011-01-31": "$142", "2010-10-31": "$145", "2010-07-31": "$135", "2010-04-30": "$108", "2010-01-31": "$78", "2009-10-31": "$5", "2009-07-31": "$24", "2009-04-30": "$-11", "2009-01-31": "$30", "2008-10-31": "", "2008-07-31": "$44"}}, "ebitda": {"Broadcom Annual EBITDA (Millions of US $)": {"2020": "$10,919", "2019": "$9,252", "2018": "$9,216", "2017": "$7,108", "2016": "$2,669", "2015": "$2,616", "2014": "$1,077", "2013": "$740", "2012": "$737", "2011": "$742", "2010": "$627", "2009": "$212", "2008": "$323", "2007": "$75"}, "Broadcom Quarterly EBITDA (Millions of US $)": {"2020-10-31": "$3,254", "2020-07-31": "$2,727", "2020-04-30": "$2,496", "2020-01-31": "$2,442", "2019-10-31": "$2,506", "2019-07-31": "$2,315", "2019-04-30": "$2,417", "2019-01-31": "$2,014", "2018-10-31": "$2,620", "2018-07-31": "$2,304", "2018-04-30": "$2,165", "2018-01-31": "$2,127", "2017-10-31": "$1,943", "2017-07-31": "$1,864", "2017-04-30": "$1,673", "2017-01-31": "$1,628", "2016-10-31": "$1,090", "2016-07-31": "$804", "2016-04-30": "$52", "2016-01-31": "$723", "2015-10-31": "$768", "2015-07-31": "$559", "2015-04-30": "$655", "2015-01-31": "$634", "2014-10-31": "$558", "2014-07-31": "$102", "2014-04-30": "$221", "2014-01-31": "$196", "2013-10-31": "$229", "2013-07-31": "$186", "2013-04-30": "$160", "2013-01-31": "$165", "2012-10-31": "$204", "2012-07-31": "$189", "2012-04-30": "$175", "2012-01-31": "$169", "2011-10-31": "$198", "2011-07-31": "$185", "2011-04-30": "$176", "2011-01-31": "$183", "2010-10-31": "$186", "2010-07-31": "$175", "2010-04-30": "$148", "2010-01-31": "$118", "2009-10-31": "$46", "2009-07-31": "$65", "2009-04-30": "$29", "2009-01-31": "$72", "2008-10-31": "", "2008-07-31": "$44"}}, "net-income": {"Broadcom Annual Net Income (Millions of US $)": {"2020": "$2,663", "2019": "$2,695", "2018": "$12,259", "2017": "$1,692", "2016": "$-1,739", "2015": "$1,364", "2014": "$263", "2013": "$552", "2012": "$563", "2011": "$552", "2010": "$415", "2009": "$-44", "2008": "$83", "2007": "$-159"}, "Broadcom Quarterly Net Income (Millions of US $)": {"2020-10-31": "$1,250", "2020-07-31": "$614", "2020-04-30": "$488", "2020-01-31": "$311", "2019-10-31": "$818", "2019-07-31": "$715", "2019-04-30": "$691", "2019-01-31": "$471", "2018-10-31": "$1,115", "2018-07-31": "$1,196", "2018-04-30": "$3,718", "2018-01-31": "$6,230", "2017-10-31": "$532", "2017-07-31": "$481", "2017-04-30": "$440", "2017-01-31": "$239", "2016-10-31": "$-632", "2016-07-31": "$-298", "2016-04-30": "$-1,186", "2016-01-31": "$377", "2015-10-31": "$429", "2015-07-31": "$240", "2015-04-30": "$344", "2015-01-31": "$351", "2014-10-31": "$135", "2014-07-31": "$-164", "2014-04-30": "$158", "2014-01-31": "$134", "2013-10-31": "$172", "2013-07-31": "$142", "2013-04-30": "$113", "2013-01-31": "$125", "2012-10-31": "$159", "2012-07-31": "$145", "2012-04-30": "$134", "2012-01-31": "$125", "2011-10-31": "$154", "2011-07-31": "$144", "2011-04-30": "$135", "2011-01-31": "$119", "2010-10-31": "$164", "2010-07-31": "$123", "2010-04-30": "$90", "2010-01-31": "$38", "2009-10-31": "$-21", "2009-07-31": "$2", "2009-04-30": "$-31", "2009-01-31": "$6", "2008-10-31": "", "2008-07-31": "$44"}}, "eps-earnings-per-share-diluted": {"Broadcom Annual EPS": {"2020": "$6.33", "2019": "$6.43", "2018": "$28.44", "2017": "$4.02", "2016": "$-4.86", "2015": "$4.85", "2014": "$0.99", "2013": "$2.19", "2012": "$2.25", "2011": "$2.19", "2010": "$1.69", "2009": "$-0.20", "2008": "$0.38", "2007": "$-0.74"}, "Broadcom Quarterly EPS": {"2020-10-31": "$2.97", "2020-07-31": "$1.45", "2020-04-30": "$1.17", "2020-01-31": "$0.74", "2019-10-31": "$1.96", "2019-07-31": "$1.71", "2019-04-30": "$1.64", "2019-01-31": "$1.12", "2018-10-31": "$2.78", "2018-07-31": "$2.71", "2018-04-30": "$8.33", "2018-01-31": "$14.62", "2017-10-31": "$1.26", "2017-07-31": "$1.14", "2017-04-30": "$1.05", "2017-01-31": "$0.57", "2016-10-31": "$-2.39", "2016-07-31": "$-0.75", "2016-04-30": "$-3.02", "2016-01-31": "$1.30", "2015-10-31": "$1.54", "2015-07-31": "$0.84", "2015-04-30": "$1.21", "2015-01-31": "$1.26", "2014-10-31": "$0.50", "2014-07-31": "$-0.65", "2014-04-30": "$0.61", "2014-01-31": "$0.53", "2013-10-31": "$0.68", "2013-07-31": "$0.56", "2013-04-30": "$0.45", "2013-01-31": "$0.50", "2012-10-31": "$0.63", "2012-07-31": "$0.58", "2012-04-30": "$0.54", "2012-01-31": "$0.50", "2011-10-31": "$0.60", "2011-07-31": "$0.57", "2011-04-30": "$0.54", "2011-01-31": "$0.48", "2010-10-31": "$0.66", "2010-07-31": "$0.50", "2010-04-30": "$0.37", "2010-01-31": "$0.16", "2009-10-31": "$-0.10", "2009-07-31": "$0.01", "2009-04-30": "$-0.14", "2009-01-31": "$0.03", "2008-10-31": "$0.00", "2008-07-31": "$0.20"}}, "shares-outstanding": {"Broadcom Annual Shares Outstanding (Millions of Shares)": {"2020": "421", "2019": "419", "2018": "431", "2017": "421", "2016": "383", "2015": "281", "2014": "267", "2013": "252", "2012": "250", "2011": "252", "2010": "246", "2009": "219", "2008": "219", "2007": "214"}, "Broadcom Quarterly Shares Outstanding (Millions of Shares)": {"2020-10-31": "421", "2020-07-31": "422", "2020-04-30": "417", "2020-01-31": "420", "2019-10-31": "419", "2019-07-31": "418", "2019-04-30": "422", "2019-01-31": "419", "2018-10-31": "431", "2018-07-31": "441", "2018-04-30": "448", "2018-01-31": "426", "2017-10-31": "421", "2017-07-31": "445", "2017-04-30": "442", "2017-01-31": "439", "2016-10-31": "383", "2016-07-31": "419", "2016-04-30": "415", "2016-01-31": "289", "2015-10-31": "281", "2015-07-31": "287", "2015-04-30": "284", "2015-01-31": "278", "2014-10-31": "267", "2014-07-31": "252", "2014-04-30": "258", "2014-01-31": "255", "2013-10-31": "252", "2013-07-31": "252", "2013-04-30": "251", "2013-01-31": "251", "2012-10-31": "250", "2012-07-31": "250", "2012-04-30": "250", "2012-01-31": "250", "2011-10-31": "252", "2011-07-31": "253", "2011-04-30": "252", "2011-01-31": "250", "2010-10-31": "246", "2010-07-31": "247", "2010-04-30": "246", "2010-01-31": "244", "2009-10-31": "219", "2009-07-31": "218", "2009-04-30": "214", "2009-01-31": "219", "2008-10-31": "", "2008-07-31": "219"}}, "total-assets": {"Broadcom Annual Total Assets (Millions of US $)": {"2020": "$75,933", "2019": "$67,493", "2018": "$50,124", "2017": "$54,418", "2016": "$49,966", "2015": "$10,515", "2014": "$10,491", "2013": "$3,415", "2012": "$2,862", "2011": "$2,446", "2010": "$2,157", "2009": "$1,970", "2008": "$1,871", "2007": "$0"}, "Broadcom Quarterly Total Assets (Millions of US $)": {"2020-10-31": "$75,933", "2020-07-31": "$79,298", "2020-04-30": "$81,548", "2020-01-31": "$81,006", "2019-10-31": "$67,493", "2019-07-31": "$69,767", "2019-04-30": "$70,916", "2019-01-31": "$72,110", "2018-10-31": "$50,124", "2018-07-31": "$50,372", "2018-04-30": "$54,936", "2018-01-31": "$54,544", "2017-10-31": "$54,418", "2017-07-31": "$49,942", "2017-04-30": "$49,849", "2017-01-31": "$49,617", "2016-10-31": "$49,966", "2016-07-31": "$49,752", "2016-04-30": "$51,407", "2016-01-31": "$10,777", "2015-10-31": "$10,515", "2015-07-31": "$9,988", "2015-04-30": "$10,532", "2015-01-31": "$10,697", "2014-10-31": "$10,491", "2014-07-31": "$10,262", "2014-04-30": "$3,671", "2014-01-31": "$3,472", "2013-10-31": "$3,415", "2013-07-31": "$3,204", "2013-04-30": "$3,039", "2013-01-31": "$2,892", "2012-10-31": "$2,862", "2012-07-31": "$2,715", "2012-04-30": "$2,611", "2012-01-31": "$2,444", "2011-10-31": "$2,446", "2011-07-31": "$2,273", "2011-04-30": "$2,177", "2011-01-31": "$1,971", "2010-10-31": "$2,157", "2010-07-31": "$1,920", "2010-04-30": "$1,782", "2010-01-31": "$1,632", "2009-10-31": "$1,970", "2009-07-31": "$1,775", "2009-04-30": "$0", "2009-01-31": "$0", "2008-10-31": "$0", "2008-07-31": "$0"}}, "cash-on-hand": {"Broadcom Annual Cash on Hand (Millions of US $)": {"2020": "$7,618", "2019": "$5,055", "2018": "$4,292", "2017": "$11,204", "2016": "$3,097", "2015": "$1,822", "2014": "$1,604", "2013": "$985", "2012": "$1,084", "2011": "$829", "2010": "$561", "2009": "$472", "2008": "$213", "2007": "$"}, "Broadcom Quarterly Cash on Hand (Millions of US $)": {"2020-10-31": "$7,618", "2020-07-31": "$8,857", "2020-04-30": "$9,207", "2020-01-31": "$6,444", "2019-10-31": "$5,055", "2019-07-31": "$5,462", "2019-04-30": "$5,328", "2019-01-31": "$5,093", "2018-10-31": "$4,292", "2018-07-31": "$4,136", "2018-04-30": "$8,187", "2018-01-31": "$7,076", "2017-10-31": "$11,204", "2017-07-31": "$5,449", "2017-04-30": "$4,454", "2017-01-31": "$3,536", "2016-10-31": "$3,097", "2016-07-31": "$1,961", "2016-04-30": "$2,041", "2016-01-31": "$2,169", "2015-10-31": "$1,822", "2015-07-31": "$1,354", "2015-04-30": "$2,508", "2015-01-31": "$2,569", "2014-10-31": "$1,604", "2014-07-31": "$1,277", "2014-04-30": "$1,278", "2014-01-31": "$1,112", "2013-10-31": "$985", "2013-07-31": "$863", "2013-04-30": "$1,219", "2013-01-31": "$1,151", "2012-10-31": "$1,084", "2012-07-31": "$973", "2012-04-30": "$954", "2012-01-31": "$819", "2011-10-31": "$829", "2011-07-31": "$704", "2011-04-30": "$596", "2011-01-31": "$363", "2010-10-31": "$561", "2010-07-31": "$367", "2010-04-30": "$256", "2010-01-31": "$144", "2009-10-31": "$472", "2009-07-31": "$254", "2009-04-30": "", "2009-01-31": "", "2008-10-31": "", "2008-07-31": ""}}, "long-term-debt": {"Broadcom Annual Long Term Debt (Millions of US $)": {"2020": "$40,235", "2019": "$30,011", "2018": "$17,493", "2017": "$17,431", "2016": "$13,188", "2015": "$3,826", "2014": "$5,463", "2013": "$", "2012": "$2", "2011": "$4", "2010": "$4", "2009": "$233", "2008": "$708", "2007": "$"}, "Broadcom Quarterly Long Term Debt (Millions of US $)": {"2020-10-31": "$40,235", "2020-07-31": "$43,201", "2020-04-30": "$45,044", "2020-01-31": "$42,407", "2019-10-31": "$30,011", "2019-07-31": "$34,028", "2019-04-30": "$34,011", "2019-01-31": "$34,104", "2018-10-31": "$17,493", "2018-07-31": "$17,487", "2018-04-30": "$17,481", "2018-01-31": "$17,475", "2017-10-31": "$17,431", "2017-07-31": "$13,572", "2017-04-30": "$13,567", "2017-01-31": "$13,562", "2016-10-31": "$13,188", "2016-07-31": "$13,381", "2016-04-30": "$14,664", "2016-01-31": "$3,892", "2015-10-31": "$3,826", "2015-07-31": "$3,915", "2015-04-30": "$4,852", "2015-01-31": "$5,454", "2014-10-31": "$5,463", "2014-07-31": "$5,472", "2014-04-30": "", "2014-01-31": "$1", "2013-10-31": "", "2013-07-31": "$1", "2013-04-30": "$2", "2013-01-31": "$2", "2012-10-31": "$2", "2012-07-31": "$2", "2012-04-30": "$3", "2012-01-31": "$3", "2011-10-31": "$4", "2011-07-31": "$4", "2011-04-30": "$4", "2011-01-31": "$5", "2010-10-31": "$4", "2010-07-31": "$234", "2010-04-30": "$234", "2010-01-31": "$232", "2009-10-31": "$233", "2009-07-31": "$703", "2009-04-30": "", "2009-01-31": "", "2008-10-31": "", "2008-07-31": ""}}, "total-liabilities": {"Broadcom Annual Total Liabilities (Millions of US $)": {"2020": "$52,059", "2019": "$42,552", "2018": "$23,467", "2017": "$31,232", "2016": "$28,090", "2015": "$5,801", "2014": "$7,248", "2013": "$529", "2012": "$443", "2011": "$440", "2010": "$652", "2009": "$930", "2008": "$1,091", "2007": "$"}, "Broadcom Quarterly Total Liabilities (Millions of US $)": {"2020-10-31": "$52,059", "2020-07-31": "$55,741", "2020-04-30": "$57,606", "2020-01-31": "$56,638", "2019-10-31": "$42,552", "2019-07-31": "$48,264", "2019-04-30": "$48,744", "2019-01-31": "$48,886", "2018-10-31": "$23,467", "2018-07-31": "$22,920", "2018-04-30": "$22,869", "2018-01-31": "$25,463", "2017-10-31": "$31,232", "2017-07-31": "$27,238", "2017-04-30": "$27,506", "2017-01-31": "$27,607", "2016-10-31": "$28,090", "2016-07-31": "$27,248", "2016-04-30": "$28,645", "2016-01-31": "$5,656", "2015-10-31": "$5,801", "2015-07-31": "$5,707", "2015-04-30": "$6,471", "2015-01-31": "$7,069", "2014-10-31": "$7,248", "2014-07-31": "$7,164", "2014-04-30": "$517", "2014-01-31": "$480", "2013-10-31": "$529", "2013-07-31": "$478", "2013-04-30": "$428", "2013-01-31": "$374", "2012-10-31": "$443", "2012-07-31": "$426", "2012-04-30": "$444", "2012-01-31": "$404", "2011-10-31": "$440", "2011-07-31": "$403", "2011-04-30": "$386", "2011-01-31": "$327", "2010-10-31": "$652", "2010-07-31": "$587", "2010-04-30": "$582", "2010-01-31": "$545", "2009-10-31": "$930", "2009-07-31": "$1,017", "2009-04-30": "$0", "2009-01-31": "$0", "2008-10-31": "", "2008-07-31": ""}}, "total-share-holder-equity": {"Broadcom Annual Share Holder Equity (Millions of US $)": {"2020": "$23,874", "2019": "$24,941", "2018": "$26,657", "2017": "$23,186", "2016": "$21,876", "2015": "$4,714", "2014": "$3,243", "2013": "$2,886", "2012": "$2,419", "2011": "$2,006", "2010": "$1,505", "2009": "$1,040", "2008": "$780", "2007": "$"}, "Broadcom Quarterly Share Holder Equity (Millions of US $)": {"2020-10-31": "$23,874", "2020-07-31": "$23,557", "2020-04-30": "$23,942", "2020-01-31": "$24,368", "2019-10-31": "$24,941", "2019-07-31": "$21,503", "2019-04-30": "$22,172", "2019-01-31": "$23,224", "2018-10-31": "$26,657", "2018-07-31": "$27,452", "2018-04-30": "$32,067", "2018-01-31": "$29,081", "2017-10-31": "$23,186", "2017-07-31": "$22,704", "2017-04-30": "$22,343", "2017-01-31": "$22,010", "2016-10-31": "$21,876", "2016-07-31": "$22,504", "2016-04-30": "$22,762", "2016-01-31": "$5,121", "2015-10-31": "$4,714", "2015-07-31": "$4,281", "2015-04-30": "$4,061", "2015-01-31": "$3,628", "2014-10-31": "$3,243", "2014-07-31": "$3,098", "2014-04-30": "$3,154", "2014-01-31": "$2,992", "2013-10-31": "$2,886", "2013-07-31": "$2,726", "2013-04-30": "$2,611", "2013-01-31": "$2,518", "2012-10-31": "$2,419", "2012-07-31": "$2,289", "2012-04-30": "$2,167", "2012-01-31": "$2,040", "2011-10-31": "$2,006", "2011-07-31": "$1,870", "2011-04-30": "$1,791", "2011-01-31": "$1,644", "2010-10-31": "$1,505", "2010-07-31": "$1,333", "2010-04-30": "$1,200", "2010-01-31": "$1,087", "2009-10-31": "$1,040", "2009-07-31": "$758", "2009-04-30": "$0", "2009-01-31": "$0", "2008-10-31": "", "2008-07-31": ""}}, "profit-margins": {"current": "12.39%"}, "gross margin": {"2020-10-31": "56.58%", "2020-07-31": "55.70%", "2020-04-30": "55.21%", "2020-01-31": "55.32%", "2019-10-31": "55.24%", "2019-07-31": "55.09%", "2019-04-30": "54.33%", "2019-01-31": "53.09%", "2018-10-31": "51.48%", "2018-07-31": "50.28%", "2018-04-30": "49.42%", "2018-01-31": "48.53%", "2017-10-31": "48.25%", "2017-07-31": "49.01%", "2017-04-30": "48.78%", "2017-01-31": "44.85%", "2016-10-31": "44.86%", "2016-07-31": "43.55%", "2016-04-30": "43.52%", "2016-01-31": "52.70%", "2015-10-31": "52.07%", "2015-07-31": "50.87%", "2015-04-30": "46.71%", "2015-01-31": "45.51%", "2014-10-31": "43.97%", "2014-07-31": "42.00%", "2014-04-30": "48.21%", "2014-01-31": "47.53%", "2013-10-31": "47.54%", "2013-07-31": "47.96%", "2013-04-30": "48.35%", "2013-01-31": "48.30%", "2012-10-31": "48.31%", "2012-07-31": "48.42%", "2012-04-30": "48.56%", "2012-01-31": "48.79%", "2011-10-31": "49.10%", "2011-07-31": "48.97%", "2011-04-30": "48.61%", "2011-01-31": "47.69%", "2010-10-31": "46.15%", "2010-07-31": "44.54%", "2010-04-30": "42.34%", "2010-01-31": "38.87%", "2009-10-31": "37.74%", "2009-04-30": "36.40%"}, "operating margin": {"2020-10-31": "16.80%", "2020-07-31": "15.27%", "2020-04-30": "14.85%", "2020-01-31": "15.90%", "2019-10-31": "15.24%", "2019-07-31": "18.15%", "2019-04-30": "20.70%", "2019-01-31": "22.28%", "2018-10-31": "24.63%", "2018-07-31": "20.87%", "2018-04-30": "17.99%", "2018-01-31": "14.92%", "2017-10-31": "13.44%", "2017-07-31": "11.87%", "2017-04-30": "6.75%", "2017-01-31": "-2.42%", "2016-10-31": "-3.09%", "2016-07-31": "-2.52%", "2016-04-30": "3.23%", "2016-01-31": "24.51%", "2015-10-31": "23.92%", "2015-07-31": "21.59%", "2015-04-30": "15.68%", "2015-01-31": "13.47%", "2014-10-31": "10.26%", "2014-07-31": "8.98%", "2014-04-30": "21.81%", "2014-01-31": "21.37%", "2013-10-31": "21.90%", "2013-07-31": "22.75%", "2013-04-30": "23.50%", "2013-01-31": "24.15%", "2012-10-31": "24.62%", "2012-07-31": "24.36%", "2012-04-30": "24.22%", "2012-01-31": "24.44%", "2011-10-31": "25.00%", "2011-07-31": "24.95%", "2011-04-30": "25.09%", "2011-01-31": "24.23%", "2010-10-31": "22.26%", "2010-07-31": "16.73%", "2010-04-30": "12.20%", "2010-01-31": "6.11%", "2009-10-31": "3.23%", "2009-04-30": "5.57%"}, "ebitda margin": {"2020-10-31": "45.71%", "2020-07-31": "43.85%", "2020-04-30": "42.63%", "2020-01-31": "42.71%", "2019-10-31": "40.94%", "2019-07-31": "42.07%", "2019-04-30": "42.89%", "2019-01-31": "42.72%", "2018-10-31": "44.21%", "2018-07-31": "42.17%", "2018-04-30": "41.22%", "2018-01-31": "40.41%", "2017-10-31": "40.30%", "2017-07-31": "36.95%", "2017-04-30": "31.96%", "2017-01-31": "22.90%", "2016-10-31": "20.16%", "2016-07-31": "21.45%", "2016-04-30": "23.65%", "2016-01-31": "38.86%", "2015-10-31": "38.34%", "2015-07-31": "36.60%", "2015-04-30": "31.91%", "2015-01-31": "29.16%", "2014-10-31": "25.23%", "2014-07-31": "21.89%", "2014-04-30": "29.80%", "2014-01-31": "29.06%", "2013-10-31": "29.37%", "2013-07-31": "29.79%", "2013-04-30": "30.40%", "2013-01-31": "30.84%", "2012-10-31": "31.18%", "2012-07-31": "30.86%", "2012-04-30": "30.73%", "2012-01-31": "30.99%", "2011-10-31": "31.76%", "2011-07-31": "31.95%", "2011-04-30": "32.26%", "2011-01-31": "31.64%", "2010-10-31": "29.96%", "2010-07-31": "24.99%", "2010-04-30": "21.40%", "2010-01-31": "16.41%", "2009-10-31": "14.29%", "2009-04-30": "12.81%"}, "pre tax profit margin": {"2020-10-31": "10.23%", "2020-07-31": "8.85%", "2020-04-30": "8.75%", "2020-01-31": "9.94%", "2019-10-31": "9.85%", "2019-07-31": "13.03%", "2019-04-30": "16.44%", "2019-01-31": "18.90%", "2018-10-31": "21.80%", "2018-07-31": "18.61%", "2018-04-30": "15.71%", "2018-01-31": "12.50%", "2017-10-31": "10.35%", "2017-07-31": "8.36%", "2017-04-30": "2.75%", "2017-01-31": "-7.91%", "2016-10-31": "-8.36%", "2016-07-31": "-7.83%", "2016-04-30": "-1.91%", "2016-01-31": "21.70%", "2015-10-31": "21.50%", "2015-07-31": "18.94%", "2015-04-30": "12.43%", "2015-01-31": "10.66%", "2014-10-31": "8.01%", "2014-07-31": "7.58%", "2014-04-30": "22.28%", "2014-01-31": "21.90%", "2013-10-31": "22.54%", "2013-07-31": "23.04%", "2013-04-30": "23.67%", "2013-01-31": "24.44%", "2012-10-31": "24.75%", "2012-07-31": "24.44%", "2012-04-30": "24.26%", "2012-01-31": "24.31%", "2011-10-31": "24.02%", "2011-07-31": "23.63%", "2011-04-30": "23.39%", "2011-01-31": "22.13%", "2010-10-31": "19.40%", "2010-07-31": "12.62%", "2010-04-30": "7.21%", "2010-01-31": "-0.32%", "2009-10-31": "-2.43%", "2009-04-30": "0.18%"}, "net profit margin": {"2020-10-31": "11.15%", "2020-07-31": "9.62%", "2020-04-30": "10.19%", "2020-01-31": "11.18%", "2019-10-31": "11.93%", "2019-07-31": "13.44%", "2019-04-30": "15.92%", "2019-01-31": "30.50%", "2018-10-31": "58.80%", "2018-07-31": "57.66%", "2018-04-30": "55.79%", "2018-01-31": "40.81%", "2017-10-31": "9.59%", "2017-07-31": "3.12%", "2017-04-30": "-1.54%", "2017-01-31": "-12.03%", "2016-10-31": "-13.13%", "2016-07-31": "-6.20%", "2016-04-30": "-1.58%", "2016-01-31": "19.97%", "2015-10-31": "19.99%", "2015-07-31": "16.28%", "2015-04-30": "10.90%", "2015-01-31": "9.24%", "2014-10-31": "6.16%", "2014-07-31": "8.78%", "2014-04-30": "21.70%", "2014-01-31": "21.15%", "2013-10-31": "21.90%", "2013-07-31": "22.46%", "2013-04-30": "22.95%", "2013-01-31": "23.69%", "2012-10-31": "23.82%", "2012-07-31": "23.55%", "2012-04-30": "23.54%", "2012-01-31": "23.75%", "2011-10-31": "23.63%", "2011-07-31": "24.60%", "2011-04-30": "24.24%", "2011-01-31": "22.68%", "2010-10-31": "19.83%", "2010-07-31": "11.80%", "2010-04-30": "6.19%", "2010-01-31": "-0.76%", "2009-10-31": "-2.96%", "2009-04-30": "1.68%"}, "pe ratio": {"current": "25.16", "2021-02-05": "74.09", "2020-10-31": "55.13", "2020-07-31": "58.40", "2020-04-30": "47.24", "2020-01-31": "48.15", "2019-10-31": "43.04", "2019-07-31": "38.25", "2019-04-30": "36.46", "2019-01-31": "16.68", "2018-10-31": "7.19", "2018-07-31": "7.38", "2018-04-30": "8.05", "2018-01-31": "12.08", "2017-10-31": "54.88", "2017-07-31": "186.00", "2017-04-30": "0.00", "2017-01-31": "0.00", "2016-10-31": "0.00", "2016-07-31": "0.00", "2016-04-30": "206.49", "2016-01-31": "23.80", "2015-10-31": "22.03", "2015-07-31": "28.12", "2015-04-30": "43.00", "2015-01-31": "50.91", "2014-10-31": "73.89", "2014-07-31": "50.11", "2014-04-30": "22.45", "2014-01-31": "20.63", "2013-10-31": "17.30", "2013-07-31": "14.15", "2013-04-30": "12.15", "2013-01-31": "12.98", "2012-10-31": "11.93", "2012-07-31": "13.44", "2012-04-30": "12.56", "2012-01-31": "12.32", "2011-10-31": "12.32", "2011-07-31": "11.96", "2011-04-30": "12.25", "2011-01-31": "11.37", "2010-10-31": "11.59", "2010-07-31": "18.38"}, "price sales": {"2021-02-05": "8.19", "2020-10-31": "6.10", "2020-07-31": "5.63", "2020-04-30": "4.83", "2020-01-31": "5.40", "2019-10-31": "5.15", "2019-07-31": "5.16", "2019-04-30": "5.80", "2019-01-31": "5.03", "2018-10-31": "4.26", "2018-07-31": "4.29", "2018-04-30": "4.56", "2018-01-31": "5.08", "2017-10-31": "5.78", "2017-07-31": "5.48", "2017-04-30": "5.01", "2017-01-31": "4.61", "2016-10-31": "4.29", "2016-07-31": "4.64", "2016-04-30": "4.62", "2016-01-31": "4.72", "2015-10-31": "4.38", "2015-07-31": "4.55", "2015-04-30": "4.42", "2015-01-31": "4.47", "2014-10-31": "4.44", "2014-07-31": "4.36", "2014-04-30": "4.87", "2014-01-31": "4.36", "2013-10-31": "3.78", "2013-07-31": "3.18", "2013-04-30": "2.80", "2013-01-31": "3.09", "2012-10-31": "2.85", "2012-07-31": "3.17", "2012-04-30": "2.96", "2012-01-31": "2.93", "2011-10-31": "2.92", "2011-07-31": "2.95", "2011-04-30": "2.98", "2011-01-31": "2.58", "2010-10-31": "2.30", "2010-07-31": "2.12"}, "price book": {"current": "7.94", "2021-02-05": "7.94", "2020-10-31": "5.91", "2020-07-31": "5.34", "2020-04-30": "4.43", "2020-01-31": "4.78", "2019-10-31": "4.42", "2019-07-31": "5.03", "2019-04-30": "5.32", "2019-01-31": "4.21", "2018-10-31": "3.12", "2018-07-31": "3.02", "2018-04-30": "2.80", "2018-01-31": "3.12", "2017-10-31": "4.12", "2017-07-31": "3.91", "2017-04-30": "3.52", "2017-01-31": "3.17", "2016-10-31": "2.70", "2016-07-31": "2.47", "2016-04-30": "2.18", "2016-01-31": "6.25", "2015-10-31": "6.20", "2015-07-31": "6.88", "2015-04-30": "6.38", "2015-01-31": "6.19", "2014-10-31": "5.74", "2014-07-31": "4.78", "2014-04-30": "4.26", "2014-01-31": "3.82", "2013-10-31": "3.27", "2013-07-31": "2.76", "2013-04-30": "2.49", "2013-01-31": "2.87", "2012-10-31": "2.74", "2012-07-31": "3.21", "2012-04-30": "3.15", "2012-01-31": "3.27", "2011-10-31": "3.32", "2011-07-31": "3.53", "2011-04-30": "3.67", "2011-01-31": "3.38", "2010-10-31": "3.12", "2010-07-31": "3.10", "2010-04-30": "3.24", "2010-01-31": "3.00", "2009-10-31": "2.70"}, "price fcf": {"2021-02-05": "", "2020-10-31": "$27.58", "2020-07-31": "$25.48", "2020-04-30": "$24.14", "2020-01-31": "$22.74", "2019-10-31": "$22.32", "2019-07-31": "$22.84", "2019-04-30": "$21.98", "2019-01-31": "$20.54", "2018-10-31": "$19.68", "2018-07-31": "$19.13", "2018-04-30": "$17.28", "2018-01-31": "$15.72", "2017-10-31": "$14.07", "2017-07-31": "$11.81", "2017-04-30": "$10.44", "2017-01-31": "$8.22", "2016-10-31": "$7.03", "2016-07-31": "$5.62", "2016-04-30": "$5.40", "2016-01-31": "$6.44", "2015-10-31": "$6.53", "2015-07-31": "$5.16", "2015-04-30": "$4.55", "2015-01-31": "$3.42", "2014-10-31": "$2.87", "2014-07-31": "$2.89", "2014-04-30": "$2.27", "2014-01-31": "$2.15", "2013-10-31": "$1.93", "2013-07-31": "$1.88", "2013-04-30": "$1.85", "2013-01-31": "$1.91", "2012-10-31": "$1.81", "2012-07-31": "$1.87", "2012-04-30": "$2.36", "2012-01-31": "$2.66", "2011-10-31": "$2.44", "2011-07-31": "$2.57", "2011-04-30": "$2.30", "2011-01-31": "$1.77", "2010-10-31": "$1.76", "2010-07-31": "$1.37"}, "net worth": {"value": "$189.53B"}, "current ratio": {"current": "1.87", "2020-10-31": "1.87", "2020-07-31": "2.04", "2020-04-30": "2.16", "2020-01-31": "1.57", "2019-10-31": "1.44", "2019-07-31": "1.32", "2019-04-30": "1.26", "2019-01-31": "1.27", "2018-10-31": "3.90", "2018-07-31": "3.98", "2018-04-30": "5.87", "2018-01-31": "5.70", "2017-10-31": "6.26", "2017-07-31": "4.48", "2017-04-30": "4.13", "2017-01-31": "3.46", "2016-10-31": "2.32", "2016-07-31": "2.22", "2016-04-30": "2.52", "2016-01-31": "4.61", "2015-10-31": "3.36", "2015-07-31": "3.33", "2015-04-30": "4.50", "2015-01-31": "4.85", "2014-10-31": "3.78", "2014-07-31": "4.09", "2014-04-30": "4.89", "2014-01-31": "5.11", "2013-10-31": "4.39", "2013-07-31": "4.32", "2013-04-30": "5.51", "2013-01-31": "6.18", "2012-10-31": "4.89", "2012-07-31": "4.62", "2012-04-30": "4.24", "2012-01-31": "4.37", "2011-10-31": "3.98", "2011-07-31": "3.95", "2011-04-30": "3.81", "2011-01-31": "3.84", "2010-10-31": "1.92", "2010-07-31": "3.06", "2010-04-30": "2.59", "2010-01-31": "2.25", "2009-10-31": "1.37", "2009-07-31": "2.45", "2009-04-30": "0.00", "2009-01-31": "0.00", "2008-10-31": "0.00", "2008-07-31": "0.00"}, "quick ratio": {"2020-10-31": "1.71", "2020-07-31": "1.88", "2020-04-30": "2.01", "2020-01-31": "1.44", "2019-10-31": "1.31", "2019-07-31": "1.18", "2019-04-30": "1.13", "2019-01-31": "1.14", "2018-10-31": "3.41", "2018-07-31": "3.42", "2018-04-30": "5.29", "2018-01-31": "5.04", "2017-10-31": "5.68", "2017-07-31": "3.84", "2017-04-30": "3.49", "2017-01-31": "2.83", "2016-10-31": "1.86", "2016-07-31": "1.74", "2016-04-30": "1.97", "2016-01-31": "4.04", "2015-10-31": "2.89", "2015-07-31": "2.80", "2015-04-30": "3.96", "2015-01-31": "4.26", "2014-10-31": "3.26", "2014-07-31": "3.57", "2014-04-30": "4.17", "2014-01-31": "4.32", "2013-10-31": "3.70", "2013-07-31": "3.57", "2013-04-30": "4.82", "2013-01-31": "5.43", "2012-10-31": "4.33", "2012-07-31": "3.99", "2012-04-30": "3.62", "2012-01-31": "3.76", "2011-10-31": "3.43", "2011-07-31": "3.31", "2011-04-30": "3.16", "2011-01-31": "2.98", "2010-10-31": "1.59", "2010-07-31": "2.41", "2010-04-30": "1.95", "2010-01-31": "1.58", "2009-10-31": "1.11", "2009-07-31": "1.85", "2009-04-30": "0.00", "2009-01-31": "0.00", "2008-10-31": "0.00", "2008-07-31": "0.00"}, "debt equity ratio": {"current": "1.69", "2020-10-31": "2.18", "2020-07-31": "2.37", "2020-04-30": "2.41", "2020-01-31": "2.32", "2019-10-31": "1.71", "2019-07-31": "2.25", "2019-04-30": "2.20", "2019-01-31": "2.11", "2018-10-31": "0.88", "2018-07-31": "0.84", "2018-04-30": "0.71", "2018-01-31": "0.88", "2017-10-31": "1.35", "2017-07-31": "1.20", "2017-04-30": "1.23", "2017-01-31": "1.25", "2016-10-31": "1.28", "2016-07-31": "1.21", "2016-04-30": "1.26", "2016-01-31": "1.10", "2015-10-31": "1.23", "2015-07-31": "1.33", "2015-04-30": "1.59", "2015-01-31": "1.95", "2014-10-31": "2.24", "2014-07-31": "2.31", "2014-04-30": "0.16", "2014-01-31": "0.16", "2013-10-31": "0.18", "2013-07-31": "0.18", "2013-04-30": "0.16", "2013-01-31": "0.15", "2012-10-31": "0.18", "2012-07-31": "0.19", "2012-04-30": "0.21", "2012-01-31": "0.20", "2011-10-31": "0.22", "2011-07-31": "0.22", "2011-04-30": "0.22", "2011-01-31": "0.20", "2010-10-31": "0.43", "2010-07-31": "0.44", "2010-04-30": "0.49", "2010-01-31": "0.50", "2009-10-31": "0.89", "2009-07-31": "1.34", "2009-04-30": "0.00", "2009-01-31": "0.00", "2008-10-31": "0.00", "2008-07-31": "0.00"}, "return on equity": {"2020-10-31": "11.13%", "2020-07-31": "9.22%", "2020-04-30": "9.84%", "2020-01-31": "10.91%", "2019-10-31": "11.74%", "2019-07-31": "12.79%", "2019-04-30": "13.96%", "2019-01-31": "23.77%", "2018-10-31": "42.54%", "2018-07-31": "41.78%", "2018-04-30": "40.96%", "2018-01-31": "31.58%", "2017-10-31": "7.50%", "2017-07-31": "2.37%", "2017-04-30": "-1.13%", "2017-01-31": "-8.42%", "2016-10-31": "-9.63%", "2016-07-31": "-4.92%", "2016-04-30": "-1.52%", "2016-01-31": "30.59%", "2015-10-31": "32.70%", "2015-07-31": "28.13%", "2015-04-30": "18.99%", "2015-01-31": "14.63%", "2014-10-31": "8.42%", "2014-07-31": "9.89%", "2014-04-30": "20.62%", "2014-01-31": "20.01%", "2013-10-31": "20.56%", "2013-07-31": "20.99%", "2013-04-30": "22.04%", "2013-01-31": "23.98%", "2012-10-31": "25.26%", "2012-07-31": "26.25%", "2012-04-30": "27.56%", "2012-01-31": "28.96%", "2011-10-31": "30.20%", "2011-07-31": "33.01%", "2011-04-30": "34.50%", "2011-01-31": "34.92%", "2010-10-31": "32.39%", "2010-07-31": "19.74%", "2010-04-30": "10.67%", "2010-01-31": "-1.66%", "2009-10-31": "-9.79%", "2009-04-30": "inf%"}, "return on assets": {"2020-10-31": "3.35%", "2020-07-31": "2.88%", "2020-04-30": "3.11%", "2020-01-31": "3.51%", "2019-10-31": "3.85%", "2019-07-31": "4.55%", "2019-04-30": "5.70%", "2019-01-31": "11.43%", "2018-10-31": "23.35%", "2018-07-31": "21.80%", "2018-04-30": "20.50%", "2018-01-31": "14.72%", "2017-10-31": "3.32%", "2017-07-31": "1.06%", "2017-04-30": "-0.50%", "2017-01-31": "-3.74%", "2016-10-31": "-4.30%", "2016-07-31": "-2.21%", "2016-04-30": "-0.68%", "2016-01-31": "13.30%", "2015-10-31": "13.07%", "2015-07-31": "10.26%", "2015-04-30": "6.35%", "2015-01-31": "5.47%", "2014-10-31": "3.77%", "2014-07-31": "5.76%", "2014-04-30": "17.61%", "2014-01-31": "17.09%", "2013-10-31": "17.59%", "2013-07-31": "17.97%", "2013-04-30": "18.84%", "2013-01-31": "20.32%", "2012-10-31": "21.18%", "2012-07-31": "21.85%", "2012-04-30": "22.80%", "2012-01-31": "23.90%", "2011-10-31": "24.90%", "2011-07-31": "26.21%", "2011-04-30": "26.31%", "2011-01-31": "25.34%", "2010-10-31": "22.16%", "2010-07-31": "12.60%", "2010-04-30": "6.09%", "2010-01-31": "-0.89%", "2009-10-31": "-4.70%", "2009-04-30": "inf%"}, "return on investments": {"2020-10-31": "6.02%", "2020-07-31": "5.50%", "2020-04-30": "5.52%", "2020-01-31": "6.17%", "2019-10-31": "6.15%", "2019-07-31": "7.58%", "2019-04-30": "8.92%", "2019-01-31": "9.69%", "2018-10-31": "11.09%", "2018-07-31": "9.31%", "2018-04-30": "8.17%", "2018-01-31": "7.05%", "2017-10-31": "6.39%", "2017-07-31": "5.63%", "2017-04-30": "3.08%", "2017-01-31": "-1.05%", "2016-10-31": "-1.39%", "2016-07-31": "-1.22%", "2016-04-30": "1.82%", "2016-01-31": "19.69%", "2015-10-31": "18.80%", "2015-07-31": "16.27%", "2015-04-30": "10.86%", "2015-01-31": "10.62%", "2014-10-31": "8.64%", "2014-07-31": "10.62%", "2014-04-30": "42.59%", "2014-01-31": "27.22%", "2013-10-31": "28.09%", "2013-07-31": "21.24%", "2013-04-30": "22.55%", "2013-01-31": "24.42%", "2012-10-31": "26.08%", "2012-07-31": "27.11%", "2012-04-30": "28.31%", "2012-01-31": "29.73%", "2011-10-31": "31.88%", "2011-07-31": "33.40%", "2011-04-30": "34.36%", "2011-01-31": "34.42%", "2010-10-31": "31.98%", "2010-07-31": "23.31%", "2010-04-30": "15.67%", "2010-01-31": "9.47%", "2009-10-31": "7.02%", "2009-04-30": "inf%"}, "return on tangible equity": {"2020-10-31": "-6.89%", "2020-07-31": "-6.05%", "2020-04-30": "-6.51%", "2020-01-31": "-7.31%", "2019-10-31": "-8.11%", "2019-07-31": "-10.44%", "2019-04-30": "-15.15%", "2019-01-31": "-40.51%", "2018-10-31": "-121.80%", "2018-07-31": "-112.29%", "2018-04-30": "-98.62%", "2018-01-31": "-58.37%", "2017-10-31": "-11.59%", "2017-07-31": "-3.30%", "2017-04-30": "1.47%", "2017-01-31": "10.47%", "2016-10-31": "12.73%", "2016-07-31": "7.34%", "2016-04-30": "2.83%", "2016-01-31": "-342.79%", "2015-10-31": "-161.32%", "2015-07-31": "-83.68%", "2015-04-30": "-43.12%", "2015-01-31": "-63.12%", "2014-10-31": "208.73%", "2014-07-31": "26.80%", "2014-04-30": "29.29%", "2014-01-31": "28.15%", "2013-10-31": "28.40%", "2013-07-31": "28.41%", "2013-04-30": "29.15%", "2013-01-31": "32.41%", "2012-10-31": "35.20%", "2012-07-31": "37.77%", "2012-04-30": "41.14%", "2012-01-31": "44.97%", "2011-10-31": "49.15%", "2011-07-31": "57.32%", "2011-04-30": "65.26%", "2011-01-31": "74.53%", "2010-10-31": "81.41%", "2010-07-31": "61.29%", "2010-04-30": "50.99%", "2010-01-31": "-11.09%", "2009-10-31": "-122.22%", "2009-04-30": "inf%"}, "dividend yield history": {"last payout": "$14.40", "last yield": "3.09%"}}