{"ticker": "BPYU", "price": {"title": "Brookfield Property REIT Historical Annual Stock Price Data", "value": 17.87, "historical": {"2020": {"Average Stock Price": "13.2323", "Year Open": "18.1500", "Year High": "19.9500", "Year Low": "7.4700", "Year Close": "14.9400", "Annual % Change": "-19.00%"}, "2019": {"Average Stock Price": "19.2797", "Year Open": "16.0900", "Year High": "21.1400", "Year Low": "16.0900", "Year Close": "18.4450", "Annual % Change": "14.57%"}, "2018": {"Average Stock Price": "18.7566", "Year Open": "20.8000", "Year High": "20.9300", "Year Low": "15.0100", "Year Close": "16.1000", "Annual % Change": "0.00%"}}}, "market cap": {"value": "$0.7B"}, "income statement": {"Revenue": {"2019-12-31": "1563.96800", "2018-12-31": "2064.03400", "2017-12-31": "2327.86200", "2016-12-31": "2346.44600", "2015-12-31": "2403.90600", "2014-12-31": "2535.55900", "2013-12-31": "2486.01700"}, "Cost Of Goods Sold": {"2019-12-31": "611.53200", "2018-12-31": "688.57600", "2017-12-31": "718.40100", "2016-12-31": "705.85500", "2015-12-31": "747.27600", "2014-12-31": "783.60200", "2013-12-31": "815.09500"}, "Gross Profit": {"2019-12-31": "952.43600", "2018-12-31": "1375.45800", "2017-12-31": "1609.46100", "2016-12-31": "1640.59100", "2015-12-31": "1656.63000", "2014-12-31": "1751.95700", "2013-12-31": "1670.92200"}, "Research And Development Expenses": {"2019-12-31": "", "2018-12-31": "", "2017-12-31": "", "2016-12-31": "", "2015-12-31": "", "2014-12-31": "", "2013-12-31": ""}, "SG&A Expenses": {"2019-12-31": "28.39700", "2018-12-31": "54.22800", "2017-12-31": "67.17600", "2016-12-31": "68.90000", "2015-12-31": "72.36300", "2014-12-31": "88.70500", "2013-12-31": "76.86400"}, "Other Operating Income Or Expenses": {"2019-12-31": "-232.32100", "2018-12-31": "-260.49100", "2017-12-31": "-10.70100", "2016-12-31": "-110.69200", "2015-12-31": "-16.68500", "2014-12-31": "-13.33300", "2013-12-31": "-3.92000"}, "Operating Expenses": {"2019-12-31": "1373.88600", "2018-12-31": "1636.35800", "2017-12-31": "1489.60500", "2016-12-31": "1546.19300", "2015-12-31": "1480.01300", "2014-12-31": "1594.04600", "2013-12-31": "1645.60100"}, "Operating Income": {"2019-12-31": "190.08200", "2018-12-31": "427.67600", "2017-12-31": "838.25700", "2016-12-31": "800.25290", "2015-12-31": "923.89280", "2014-12-31": "941.51310", "2013-12-31": "840.41610"}, "Total Non-Operating Income/Expense": {"2019-12-31": "40.49600", "2018-12-31": "2568.18900", "2017-12-31": "-347.03000", "2016-12-31": "225.75100", "2015-12-31": "30.96200", "2014-12-31": "-597.52700", "2013-12-31": "-580.00600"}, "Pre-Tax Income": {"2019-12-31": "230.57800", "2018-12-31": "2995.86500", "2017-12-31": "491.22700", "2016-12-31": "1026.00400", "2015-12-31": "954.85500", "2014-12-31": "343.98600", "2013-12-31": "260.41000"}, "Income Taxes": {"2019-12-31": "9.68300", "2018-12-31": "-594.18600", "2017-12-31": "-10.89600", "2016-12-31": "0.90100", "2015-12-31": "-38.33400", "2014-12-31": "7.25300", "2013-12-31": "-0.34500"}, "Income After Taxes": {"2019-12-31": "220.89500", "2018-12-31": "3590.05100", "2017-12-31": "502.12300", "2016-12-31": "1025.10300", "2015-12-31": "993.18900", "2014-12-31": "336.73300", "2013-12-31": "260.75500"}, "Other Income": {"2019-12-31": "240.43000", "2018-12-31": "487.16600", "2017-12-31": "12.00000", "2016-12-31": "51.55500", "2015-12-31": "327.01700", "2014-12-31": "9.71000", "2013-12-31": "9.83700"}, "Income From Continuous Operations": {"2019-12-31": "480.91100", "2018-12-31": "4163.76900", "2017-12-31": "666.87300", "2016-12-31": "1308.27300", "2015-12-31": "1393.59600", "2014-12-31": "398.01100", "2013-12-31": "328.82100"}, "Income From Discontinued Operations": {"2019-12-31": "", "2018-12-31": "", "2017-12-31": "", "2016-12-31": "", "2015-12-31": "", "2014-12-31": "281.88300", "2013-12-31": "-11.62200"}, "Net Income": {"2019-12-31": "432.88000", "2018-12-31": "4078.58900", "2017-12-31": "641.39800", "2016-12-31": "1272.43200", "2015-12-31": "1358.62400", "2014-12-31": "649.91400", "2013-12-31": "288.45000"}, "EBITDA": {"2019-12-31": "702.12300", "2018-12-31": "1098.51900", "2017-12-31": "1569.68900", "2016-12-31": "1502.16200", "2015-12-31": "1613.48600", "2014-12-31": "1700.87800", "2013-12-31": "1657.57300"}, "EBIT": {"2019-12-31": "190.08200", "2018-12-31": "427.67600", "2017-12-31": "838.25700", "2016-12-31": "800.25290", "2015-12-31": "923.89280", "2014-12-31": "941.51310", "2013-12-31": "840.41610"}, "Basic Shares Outstanding": {"2019-12-31": "327.93940", "2018-12-31": "914.06600", "2017-12-31": "897.15600", "2016-12-31": "884.02900", "2015-12-31": "884.67600", "2014-12-31": "887.03100", "2013-12-31": "930.64300"}, "Shares Outstanding": {"2019-12-31": "327.93940", "2018-12-31": "917.89700", "2017-12-31": "947.55900", "2016-12-31": "952.33300", "2015-12-31": "951.06200", "2014-12-31": "944.72100", "2013-12-31": "934.06800"}, "Basic EPS": {"2019-12-31": "1.32000", "2018-12-31": "4.16000", "2017-12-31": "0.72000", "2016-12-31": "1.44000", "2015-12-31": "1.54000", "2014-12-31": "0.74000", "2013-12-31": "0.31000"}, "EPS - Earnings Per Share": {"2019-12-31": "1.32000", "2018-12-31": "4.15000", "2017-12-31": "0.68000", "2016-12-31": "1.34000", "2015-12-31": "1.43000", "2014-12-31": "0.69000", "2013-12-31": "0.31000"}}, "income statement, quarterly": {"Revenue": {"2020-09-30": "366.98300", "2020-06-30": "374.46500", "2020-03-31": "403.63000", "2019-12-31": "451.42800", "2019-09-30": "375.12500", "2019-06-30": "361.03200", "2019-03-31": "376.38300", "2018-12-31": "413.57500", "2018-09-30": "493.14900", "2018-06-30": "583.14400", "2018-03-31": "574.16600", "2017-12-31": "627.37710", "2017-09-30": "578.35700", "2017-06-30": "555.79600", "2017-03-31": "566.33200", "2016-12-31": "610.34600", "2016-09-30": "554.49300", "2016-06-30": "574.58600", "2016-03-31": "607.03200", "2015-12-31": "", "2014-12-31": "", "2013-12-31": ""}, "Cost Of Goods Sold": {"2020-09-30": "172.00100", "2020-06-30": "149.85600", "2020-03-31": "167.74900", "2019-12-31": "157.77200", "2019-09-30": "154.33600", "2019-06-30": "149.03200", "2019-03-31": "150.39200", "2018-12-31": "147.32500", "2018-09-30": "173.55200", "2018-06-30": "181.92700", "2018-03-31": "185.77200", "2017-12-31": "174.29400", "2017-09-30": "182.84000", "2017-06-30": "178.38100", "2017-03-31": "182.88600", "2016-12-31": "337.87400", "2016-09-30": "181.05400", "2016-06-30": "179.14700", "2016-03-31": "176.72500", "2015-12-31": "", "2014-12-31": "", "2013-12-31": ""}, "Gross Profit": {"2020-09-30": "194.98200", "2020-06-30": "224.60900", "2020-03-31": "235.88100", "2019-12-31": "293.65600", "2019-09-30": "220.78900", "2019-06-30": "212.00000", "2019-03-31": "225.99100", "2018-12-31": "266.25000", "2018-09-30": "319.59700", "2018-06-30": "401.21700", "2018-03-31": "388.39400", "2017-12-31": "453.08310", "2017-09-30": "395.51700", "2017-06-30": "377.41500", "2017-03-31": "383.44600", "2016-12-31": "272.47200", "2016-09-30": "373.43900", "2016-06-30": "395.43900", "2016-03-31": "430.30700", "2015-12-31": "", "2014-12-31": "", "2013-12-31": ""}, "Research And Development Expenses": {"2020-09-30": "", "2020-06-30": "", "2020-03-31": "", "2019-12-31": "", "2019-09-30": "", "2019-06-30": "", "2019-03-31": "", "2018-12-31": "", "2018-09-30": "", "2018-06-30": "", "2018-03-31": "", "2017-12-31": "", "2017-09-30": "", "2017-06-30": "", "2017-03-31": "", "2016-12-31": "", "2016-09-30": "", "2016-06-30": "", "2016-03-31": "", "2015-12-31": "", "2014-12-31": "", "2013-12-31": ""}, "SG&A Expenses": {"2020-09-30": "6.95000", "2020-06-30": "6.64300", "2020-03-31": "5.65400", "2019-12-31": "9.94500", "2019-09-30": "5.89400", "2019-06-30": "6.24100", "2019-03-31": "6.31700", "2018-12-31": "9.03100", "2018-09-30": "17.74800", "2018-06-30": "13.78500", "2018-03-31": "13.66400", "2017-12-31": "19.40900", "2017-09-30": "13.78100", "2017-06-30": "17.15800", "2017-03-31": "16.82800", "2016-12-31": "26.54200", "2016-09-30": "15.48100", "2016-06-30": "17.38800", "2016-03-31": "15.48100", "2015-12-31": "", "2014-12-31": "", "2013-12-31": ""}, "Other Operating Income Or Expenses": {"2020-09-30": "", "2020-06-30": "-71.45500", "2020-03-31": "", "2019-12-31": "-0.00100", "2019-09-30": "-38.79400", "2019-06-30": "-185.18700", "2019-03-31": "-8.33900", "2018-12-31": "-1.28600", "2018-09-30": "-215.16300", "2018-06-30": "-2.23400", "2018-03-31": "-41.80800", "2017-12-31": "-1.93200", "2017-09-30": "-2.15200", "2017-06-30": "-3.16600", "2017-03-31": "-3.45100", "2016-12-31": "", "2016-09-30": "-22.19100", "2016-06-30": "-2.34800", "2016-03-31": "-80.17500", "2015-12-31": "", "2014-12-31": "", "2013-12-31": ""}, "Operating Expenses": {"2020-09-30": "344.15100", "2020-06-30": "390.85000", "2020-03-31": "330.74900", "2019-12-31": "311.92410", "2019-09-30": "319.27300", "2019-06-30": "458.84200", "2019-03-31": "283.84700", "2018-12-31": "275.26890", "2018-09-30": "562.86400", "2018-06-30": "371.58800", "2018-03-31": "426.63700", "2017-12-31": "383.08810", "2017-09-30": "360.05100", "2017-06-30": "373.00300", "2017-03-31": "373.46300", "2016-12-31": "356.97300", "2016-09-30": "401.07600", "2016-06-30": "355.13100", "2016-03-31": "433.05200", "2015-12-31": "", "2014-12-31": "", "2013-12-31": ""}, "Operating Income": {"2020-09-30": "22.83200", "2020-06-30": "-16.38500", "2020-03-31": "72.88100", "2019-12-31": "139.50400", "2019-09-30": "55.85200", "2019-06-30": "-97.81000", "2019-03-31": "92.53600", "2018-12-31": "138.30620", "2018-09-30": "-69.71500", "2018-06-30": "211.55600", "2018-03-31": "147.52900", "2017-12-31": "244.28910", "2017-09-30": "218.30600", "2017-06-30": "182.79300", "2017-03-31": "192.86900", "2016-12-31": "253.37300", "2016-09-30": "153.41700", "2016-06-30": "219.45500", "2016-03-31": "173.98000", "2015-12-31": "", "2014-12-31": "", "2013-12-31": ""}, "Total Non-Operating Income/Expense": {"2020-09-30": "-162.47400", "2020-06-30": "-164.31400", "2020-03-31": "-175.70600", "2019-12-31": "499.18100", "2019-09-30": "-156.44700", "2019-06-30": "-155.95400", "2019-03-31": "-146.28400", "2018-12-31": "102.72100", "2018-09-30": "2712.62500", "2018-06-30": "-131.04400", "2018-03-31": "-116.11300", "2017-12-31": "-133.48500", "2017-09-30": "-20.97800", "2017-06-30": "-81.36300", "2017-03-31": "-111.20400", "2016-12-31": "-130.00900", "2016-09-30": "492.47000", "2016-06-30": "-88.58500", "2016-03-31": "-48.12800", "2015-12-31": "", "2014-12-31": "", "2013-12-31": ""}, "Pre-Tax Income": {"2020-09-30": "-139.64200", "2020-06-30": "-180.69900", "2020-03-31": "-102.82500", "2019-12-31": "638.68500", "2019-09-30": "-100.59500", "2019-06-30": "-253.76400", "2019-03-31": "-53.74800", "2018-12-31": "241.02710", "2018-09-30": "2642.91000", "2018-06-30": "80.51200", "2018-03-31": "31.41600", "2017-12-31": "110.80400", "2017-09-30": "197.32800", "2017-06-30": "101.43000", "2017-03-31": "81.66500", "2016-12-31": "126.82400", "2016-09-30": "645.88700", "2016-06-30": "127.45000", "2016-03-31": "125.85200", "2015-12-31": "", "2014-12-31": "", "2013-12-31": ""}, "Income Taxes": {"2020-09-30": "5.80800", "2020-06-30": "-6.64000", "2020-03-31": "5.42800", "2019-12-31": "15.75100", "2019-09-30": "-14.02100", "2019-06-30": "3.50300", "2019-03-31": "4.45000", "2018-12-31": "-23.16800", "2018-09-30": "-570.71600", "2018-06-30": "-0.02200", "2018-03-31": "-0.28000", "2017-12-31": "-26.24300", "2017-09-30": "6.99300", "2017-06-30": "3.84400", "2017-03-31": "4.51000", "2016-12-31": "0.18100", "2016-09-30": "0.04900", "2016-06-30": "-2.24200", "2016-03-31": "2.92000", "2015-12-31": "", "2014-12-31": "", "2013-12-31": ""}, "Income After Taxes": {"2020-09-30": "-145.45000", "2020-06-30": "-174.05900", "2020-03-31": "-108.25300", "2019-12-31": "622.93400", "2019-09-30": "-86.57400", "2019-06-30": "-257.26700", "2019-03-31": "-58.19800", "2018-12-31": "264.19500", "2018-09-30": "3213.62600", "2018-06-30": "80.53400", "2018-03-31": "31.69600", "2017-12-31": "137.04700", "2017-09-30": "190.33500", "2017-06-30": "97.58600", "2017-03-31": "77.15500", "2016-12-31": "126.64300", "2016-09-30": "645.83800", "2016-06-30": "129.69200", "2016-03-31": "122.93200", "2015-12-31": "", "2014-12-31": "", "2013-12-31": ""}, "Other Income": {"2020-09-30": "-0.64500", "2020-06-30": "-1.12000", "2020-03-31": "12.64700", "2019-12-31": "102.43600", "2019-09-30": "33.64000", "2019-06-30": "", "2019-03-31": "104.35400", "2018-12-31": "-1.48800", "2018-09-30": "478.29300", "2018-06-30": "", "2018-03-31": "10.36100", "2017-12-31": "", "2017-09-30": "", "2017-06-30": "", "2017-03-31": "", "2016-12-31": "114.66000", "2016-09-30": "0.25900", "2016-06-30": "25.59100", "2016-03-31": "14.91400", "2015-12-31": "", "2014-12-31": "", "2013-12-31": ""}, "Income From Continuous Operations": {"2020-09-30": "-190.25000", "2020-06-30": "-231.60500", "2020-03-31": "-100.44900", "2019-12-31": "744.52200", "2019-09-30": "-36.78900", "2019-06-30": "-265.10500", "2019-03-31": "38.28300", "2018-12-31": "290.05420", "2018-09-30": "3712.25500", "2018-06-30": "95.56400", "2018-03-31": "65.89600", "2017-12-31": "201.91400", "2017-09-30": "226.27200", "2017-06-30": "128.31800", "2017-03-31": "110.36900", "2016-12-31": "241.30300", "2016-09-30": "681.74800", "2016-06-30": "189.90100", "2016-03-31": "195.33700", "2015-12-31": "", "2014-12-31": "", "2013-12-31": ""}, "Income From Discontinued Operations": {"2020-09-30": "", "2020-06-30": "", "2020-03-31": "", "2019-12-31": "", "2019-09-30": "", "2019-06-30": "", "2019-03-31": "", "2018-12-31": "", "2018-09-30": "", "2018-06-30": "", "2018-03-31": "", "2017-12-31": "", "2017-09-30": "", "2017-06-30": "", "2017-03-31": "", "2016-12-31": "0.00000", "2016-09-30": "", "2016-06-30": "", "2016-03-31": "", "2015-12-31": "", "2014-12-31": "", "2013-12-31": ""}, "Net Income": {"2020-09-30": "-170.62000", "2020-06-30": "-209.05000", "2020-03-31": "-81.82700", "2019-12-31": "661.87300", "2019-09-30": "-33.42300", "2019-06-30": "-227.22000", "2019-03-31": "31.65000", "2018-12-31": "237.66420", "2018-09-30": "3683.27400", "2018-06-30": "93.61500", "2018-03-31": "64.03600", "2017-12-31": "193.56300", "2017-09-30": "222.78000", "2017-06-30": "121.87900", "2017-03-31": "103.17600", "2016-12-31": "236.47700", "2016-09-30": "670.19400", "2016-06-30": "181.96200", "2016-03-31": "187.79600", "2015-12-31": "", "2014-12-31": "", "2013-12-31": ""}, "EBITDA": {"2020-09-30": "191.94100", "2020-06-30": "151.90500", "2020-03-31": "244.64100", "2019-12-31": "276.65100", "2019-09-30": "183.82000", "2019-06-30": "17.83500", "2019-03-31": "223.81700", "2018-12-31": "267.22720", "2018-09-30": "101.07200", "2018-06-30": "393.81200", "2018-03-31": "336.40800", "2017-12-31": "439.22110", "2017-09-30": "385.87400", "2017-06-30": "366.11200", "2017-03-31": "378.48200", "2016-12-31": "424.67110", "2016-09-30": "346.88000", "2016-06-30": "387.13000", "2016-03-31": "343.44400", "2015-12-31": "", "2014-12-31": "", "2013-12-31": ""}, "EBIT": {"2020-09-30": "22.83200", "2020-06-30": "-16.38500", "2020-03-31": "72.88100", "2019-12-31": "139.50400", "2019-09-30": "55.85200", "2019-06-30": "-97.81000", "2019-03-31": "92.53600", "2018-12-31": "138.30610", "2018-09-30": "-69.71500", "2018-06-30": "211.55600", "2018-03-31": "147.52900", "2017-12-31": "244.28890", "2017-09-30": "218.30600", "2017-06-30": "182.79300", "2017-03-31": "192.86900", "2016-12-31": "253.37300", "2016-09-30": "153.41700", "2016-06-30": "219.45500", "2016-03-31": "173.98000", "2015-12-31": "", "2014-12-31": "", "2013-12-31": ""}, "Basic Shares Outstanding": {"2020-09-30": "-517.03030", "2020-06-30": "-628.72180", "2020-03-31": "-247.96060", "2019-12-31": "327.93940", "2019-09-30": "-101.28180", "2019-06-30": "-688.54540", "2019-03-31": "95.90910", "2018-12-31": "914.06600", "2018-09-30": "777.20800", "2018-06-30": "958.38700", "2018-03-31": "957.45000", "2017-12-31": "897.15600", "2017-09-30": "878.66300", "2017-06-30": "882.25500", "2017-03-31": "884.50500", "2016-12-31": "884.02900", "2016-09-30": "885.09200", "2016-06-30": "883.38100", "2016-03-31": "882.67300", "2015-12-31": "", "2014-12-31": "", "2013-12-31": ""}, "Shares Outstanding": {"2020-09-30": "-517.03030", "2020-06-30": "-628.72180", "2020-03-31": "-247.96060", "2019-12-31": "327.93940", "2019-09-30": "-101.28180", "2019-06-30": "-688.54540", "2019-03-31": "95.90910", "2018-12-31": "917.89700", "2018-09-30": "781.03000", "2018-06-30": "960.19500", "2018-03-31": "960.29300", "2017-12-31": "947.55900", "2017-09-30": "940.18400", "2017-06-30": "945.32500", "2017-03-31": "949.51600", "2016-12-31": "952.33300", "2016-09-30": "955.85600", "2016-06-30": "952.29000", "2016-03-31": "950.15400", "2015-12-31": "", "2014-12-31": "", "2013-12-31": ""}, "Basic EPS": {"2020-09-30": "0.33000", "2020-06-30": "0.33250", "2020-03-31": "0.33000", "2019-12-31": "0.33000", "2019-09-30": "0.33000", "2019-06-30": "0.33000", "2019-03-31": "0.33000", "2018-12-31": "-0.69000", "2018-09-30": "4.70000", "2018-06-30": "0.09000", "2018-03-31": "0.06000", "2017-12-31": "0.21000", "2017-09-30": "0.25000", "2017-06-30": "0.14000", "2017-03-31": "0.12000", "2016-12-31": "0.26000", "2016-09-30": "0.76000", "2016-06-30": "0.21000", "2016-03-31": "0.21000", "2015-12-31": "", "2014-12-31": "", "2013-12-31": ""}, "EPS - Earnings Per Share": {"2020-09-30": "0.33000", "2020-06-30": "0.33250", "2020-03-31": "0.33000", "2019-12-31": "0.33000", "2019-09-30": "0.33000", "2019-06-30": "0.33000", "2019-03-31": "0.33000", "2018-12-31": "-0.68000", "2018-09-30": "4.68000", "2018-06-30": "0.09000", "2018-03-31": "0.06000", "2017-12-31": "0.21000", "2017-09-30": "0.23000", "2017-06-30": "0.13000", "2017-03-31": "0.11000", "2016-12-31": "0.25000", "2016-09-30": "0.70000", "2016-06-30": "0.19000", "2016-03-31": "0.20000", "2015-12-31": "0.00000", "2014-12-31": "0.00000", "2013-12-31": "0.00000"}}, "balance sheet": {"Cash On Hand": {"2019-12-31": "197.82900", "2018-12-31": "247.01900", "2017-12-31": "164.60400", "2016-12-31": "474.75700", "2015-12-31": "356.89500", "2014-12-31": "372.47100", "2013-12-31": ""}, "Receivables": {"2019-12-31": "234.92800", "2018-12-31": "222.56200", "2017-12-31": "334.08100", "2016-12-31": "322.19600", "2015-12-31": "336.57200", "2014-12-31": "663.76800", "2013-12-31": ""}, "Inventory": {"2019-12-31": "", "2018-12-31": "", "2017-12-31": "", "2016-12-31": "", "2015-12-31": "", "2014-12-31": "", "2013-12-31": ""}, "Pre-Paid Expenses": {"2019-12-31": "", "2018-12-31": "", "2017-12-31": "", "2016-12-31": "", "2015-12-31": "", "2014-12-31": "", "2013-12-31": ""}, "Other Current Assets": {"2019-12-31": "", "2018-12-31": "", "2017-12-31": "", "2016-12-31": "", "2015-12-31": "", "2014-12-31": "", "2013-12-31": ""}, "Total Current Assets": {"2019-12-31": "509.06700", "2018-12-31": "726.51800", "2017-12-31": "916.24300", "2016-12-31": "1475.44900", "2015-12-31": "1334.91200", "2014-12-31": "1036.23900", "2013-12-31": ""}, "Property, Plant, And Equipment": {"2019-12-31": "15270.72000", "2018-12-31": "11842.87000", "2017-12-31": "18256.23000", "2016-12-31": "16671.93000", "2015-12-31": "17832.92000", "2014-12-31": "20696.46000", "2013-12-31": ""}, "Long-Term Investments": {"2019-12-31": "", "2018-12-31": "", "2017-12-31": "", "2016-12-31": "", "2015-12-31": "", "2014-12-31": "", "2013-12-31": ""}, "Goodwill And Intangible Assets": {"2019-12-31": "", "2018-12-31": "", "2017-12-31": "", "2016-12-31": "", "2015-12-31": "", "2014-12-31": "", "2013-12-31": "0.00000"}, "Other Long-Term Assets": {"2019-12-31": "5379.35200", "2018-12-31": "5699.23000", "2017-12-31": "3871.90700", "2016-12-31": "4375.51400", "2015-12-31": "4691.14600", "2014-12-31": "3418.53900", "2013-12-31": ""}, "Total Long-Term Assets": {"2019-12-31": "21464.32000", "2018-12-31": "18307.01000", "2017-12-31": "22431.28000", "2016-12-31": "21257.30000", "2015-12-31": "22738.64000", "2014-12-31": "24245.39000", "2013-12-31": ""}, "Total Assets": {"2019-12-31": "21973.39000", "2018-12-31": "19033.53000", "2017-12-31": "23347.53000", "2016-12-31": "22732.75000", "2015-12-31": "24073.55000", "2014-12-31": "25281.63000", "2013-12-31": "0.00000"}, "Total Current Liabilities": {"2019-12-31": "16930.02000", "2018-12-31": "13543.02000", "2017-12-31": "13751.89000", "2016-12-31": "13085.78000", "2015-12-31": "15000.65000", "2014-12-31": "16879.08000", "2013-12-31": ""}, "Long Term Debt": {"2019-12-31": "206.20000", "2018-12-31": "206.20000", "2017-12-31": "206.20000", "2016-12-31": "206.20000", "2015-12-31": "206.20000", "2014-12-31": "206.20000", "2013-12-31": ""}, "Other Non-Current Liabilities": {"2019-12-31": "125.58600", "2018-12-31": "129.29500", "2017-12-31": "240.90100", "2016-12-31": "473.46700", "2015-12-31": "269.49200", "2014-12-31": "190.29200", "2013-12-31": ""}, "Total Long Term Liabilities": {"2019-12-31": "1748.25500", "2018-12-31": "2715.08600", "2017-12-31": "695.22700", "2016-12-31": "946.23700", "2015-12-31": "764.60800", "2014-12-31": "717.02800", "2013-12-31": ""}, "Total Liabilities": {"2019-12-31": "18678.28000", "2018-12-31": "16258.10000", "2017-12-31": "14447.12000", "2016-12-31": "14032.02000", "2015-12-31": "15765.26000", "2014-12-31": "17596.11000", "2013-12-31": "0.00000"}, "Common Stock Net": {"2019-12-31": "11.33800", "2018-12-31": "10.94800", "2017-12-31": "10.13000", "2016-12-31": "9.40700", "2015-12-31": "9.38600", "2014-12-31": "9.40900", "2013-12-31": "0.00000"}, "Retained Earnings (Accumulated Deficit)": {"2019-12-31": "-5076.45500", "2018-12-31": "-4721.33500", "2017-12-31": "-2107.49800", "2016-12-31": "-1824.86600", "2015-12-31": "-2141.54900", "2014-12-31": "-2822.74000", "2013-12-31": ""}, "Comprehensive Income": {"2019-12-31": "-85.40200", "2018-12-31": "-82.65300", "2017-12-31": "-71.90600", "2016-12-31": "-70.45600", "2015-12-31": "-72.80400", "2014-12-31": "-51.75300", "2013-12-31": ""}, "Other Share Holders Equity": {"2019-12-31": "", "2018-12-31": "", "2017-12-31": "", "2016-12-31": "", "2015-12-31": "", "2014-12-31": "", "2013-12-31": "0.00000"}, "Share Holder Equity": {"2019-12-31": "3295.10700", "2018-12-31": "2775.42200", "2017-12-31": "8900.40800", "2016-12-31": "8700.72900", "2015-12-31": "8308.29400", "2014-12-31": "7685.52000", "2013-12-31": "0.00000"}, "Total Liabilities And Share Holders Equity": {"2019-12-31": "21973.39000", "2018-12-31": "19033.53000", "2017-12-31": "23347.53000", "2016-12-31": "22732.75000", "2015-12-31": "24073.55000", "2014-12-31": "25281.63000", "2013-12-31": "0.00000"}}, "balance sheet, quarterly": {"Cash On Hand": {"2020-09-30": "173.34100", "2020-06-30": "209.68900", "2020-03-31": "224.09600", "2019-12-31": "197.82900", "2019-09-30": "189.21200", "2019-06-30": "199.85900", "2019-03-31": "200.78600", "2018-12-31": "247.01900", "2018-09-30": "260.71600", "2018-06-30": "194.67500", "2018-03-31": "178.21000", "2017-12-31": "164.60400", "2017-09-30": "311.10700", "2017-06-30": "227.62600", "2017-03-31": "252.71800", "2016-12-31": "474.75700", "2016-09-30": "", "2016-06-30": "", "2016-03-31": "", "2015-12-31": "356.89000", "2014-12-31": "372.47000", "2013-12-31": ""}, "Receivables": {"2020-09-30": "563.61200", "2020-06-30": "517.20900", "2020-03-31": "241.74200", "2019-12-31": "234.92800", "2019-09-30": "218.92200", "2019-06-30": "222.03300", "2019-03-31": "222.84000", "2018-12-31": "222.56200", "2018-09-30": "221.53500", "2018-06-30": "311.66000", "2018-03-31": "309.12800", "2017-12-31": "334.08100", "2017-09-30": "324.57900", "2017-06-30": "301.51500", "2017-03-31": "318.25900", "2016-12-31": "322.19600", "2016-09-30": "", "2016-06-30": "", "2016-03-31": "", "2015-12-31": "336.57000", "2014-12-31": "663.76000", "2013-12-31": ""}, "Inventory": {"2020-09-30": "", "2020-06-30": "", "2020-03-31": "", "2019-12-31": "", "2019-09-30": "", "2019-06-30": "", "2019-03-31": "", "2018-12-31": "", "2018-09-30": "", "2018-06-30": "", "2018-03-31": "", "2017-12-31": "", "2017-09-30": "", "2017-06-30": "", "2017-03-31": "", "2016-12-31": "", "2016-09-30": "", "2016-06-30": "", "2016-03-31": "", "2015-12-31": "", "2014-12-31": "", "2013-12-31": ""}, "Pre-Paid Expenses": {"2020-09-30": "", "2020-06-30": "", "2020-03-31": "", "2019-12-31": "", "2019-09-30": "", "2019-06-30": "", "2019-03-31": "", "2018-12-31": "", "2018-09-30": "", "2018-06-30": "", "2018-03-31": "", "2017-12-31": "", "2017-09-30": "", "2017-06-30": "", "2017-03-31": "", "2016-12-31": "", "2016-09-30": "", "2016-06-30": "", "2016-03-31": "", "2015-12-31": "", "2014-12-31": "", "2013-12-31": ""}, "Other Current Assets": {"2020-09-30": "", "2020-06-30": "", "2020-03-31": "", "2019-12-31": "", "2019-09-30": "", "2019-06-30": "", "2019-03-31": "", "2018-12-31": "", "2018-09-30": "", "2018-06-30": "", "2018-03-31": "", "2017-12-31": "", "2017-09-30": "", "2017-06-30": "", "2017-03-31": "", "2016-12-31": "", "2016-09-30": "", "2016-06-30": "", "2016-03-31": "", "2015-12-31": "", "2014-12-31": "", "2013-12-31": ""}, "Total Current Assets": {"2020-09-30": "781.52500", "2020-06-30": "768.93900", "2020-03-31": "511.88400", "2019-12-31": "509.06700", "2019-09-30": "452.68400", "2019-06-30": "761.82000", "2019-03-31": "670.72000", "2018-12-31": "726.51800", "2018-09-30": "818.19400", "2018-06-30": "857.75700", "2018-03-31": "910.95500", "2017-12-31": "916.24300", "2017-09-30": "1051.18500", "2017-06-30": "1138.55600", "2017-03-31": "1262.76800", "2016-12-31": "1475.44900", "2016-09-30": "", "2016-06-30": "", "2016-03-31": "", "2015-12-31": "693.46000", "2014-12-31": "1036.23000", "2013-12-31": ""}, "Property, Plant, And Equipment": {"2020-09-30": "15263.35000", "2020-06-30": "15408.60000", "2020-03-31": "15182.23000", "2019-12-31": "15270.72000", "2019-09-30": "12645.82000", "2019-06-30": "11643.43000", "2019-03-31": "11842.40000", "2018-12-31": "11842.87000", "2018-09-30": "12093.80000", "2018-06-30": "18069.13000", "2018-03-31": "18192.36000", "2017-12-31": "18256.23000", "2017-09-30": "18032.30000", "2017-06-30": "16530.45000", "2017-03-31": "16598.82000", "2016-12-31": "16671.93000", "2016-09-30": "", "2016-06-30": "", "2016-03-31": "", "2015-12-31": "", "2014-12-31": "", "2013-12-31": ""}, "Long-Term Investments": {"2020-09-30": "", "2020-06-30": "", "2020-03-31": "", "2019-12-31": "", "2019-09-30": "", "2019-06-30": "", "2019-03-31": "", "2018-12-31": "", "2018-09-30": "", "2018-06-30": "", "2018-03-31": "", "2017-12-31": "", "2017-09-30": "", "2017-06-30": "", "2017-03-31": "", "2016-12-31": "", "2016-09-30": "", "2016-06-30": "", "2016-03-31": "", "2015-12-31": "", "2014-12-31": "", "2013-12-31": ""}, "Goodwill And Intangible Assets": {"2020-09-30": "", "2020-06-30": "", "2020-03-31": "", "2019-12-31": "", "2019-09-30": "", "2019-06-30": "", "2019-03-31": "", "2018-12-31": "", "2018-09-30": "", "2018-06-30": "", "2018-03-31": "", "2017-12-31": "", "2017-09-30": "", "2017-06-30": "", "2017-03-31": "", "2016-12-31": "", "2016-09-30": "0.00000", "2016-06-30": "0.00000", "2016-03-31": "0.00000", "2015-12-31": "0.00000", "2014-12-31": "0.00000", "2013-12-31": "0.00000"}, "Other Long-Term Assets": {"2020-09-30": "5219.82900", "2020-06-30": "5242.15500", "2020-03-31": "5249.37000", "2019-12-31": "5379.35200", "2019-09-30": "5285.17700", "2019-06-30": "5642.73200", "2019-03-31": "5733.19800", "2018-12-31": "5699.23000", "2018-09-30": "5489.85900", "2018-06-30": "3924.14500", "2018-03-31": "3874.18200", "2017-12-31": "3871.90700", "2017-09-30": "3975.05100", "2017-06-30": "4338.99100", "2017-03-31": "4357.23700", "2016-12-31": "4375.51400", "2016-09-30": "", "2016-06-30": "", "2016-03-31": "", "2015-12-31": "22552.52000", "2014-12-31": "", "2013-12-31": ""}, "Total Long-Term Assets": {"2020-09-30": "21270.20000", "2020-06-30": "21447.16000", "2020-03-31": "21232.14000", "2019-12-31": "21464.32000", "2019-09-30": "18718.40000", "2019-06-30": "18035.67000", "2019-03-31": "18336.21000", "2018-12-31": "18307.01000", "2018-09-30": "18339.47000", "2018-06-30": "22274.84000", "2018-03-31": "22347.24000", "2017-12-31": "22431.28000", "2017-09-30": "22274.83000", "2017-06-30": "21138.89000", "2017-03-31": "21204.68000", "2016-12-31": "21257.30000", "2016-09-30": "", "2016-06-30": "", "2016-03-31": "", "2015-12-31": "22767.09000", "2014-12-31": "", "2013-12-31": ""}, "Total Assets": {"2020-09-30": "22051.72000", "2020-06-30": "22216.10000", "2020-03-31": "21744.03000", "2019-12-31": "21973.39000", "2019-09-30": "19171.08000", "2019-06-30": "18797.49000", "2019-03-31": "19006.93000", "2018-12-31": "19033.53000", "2018-09-30": "19157.67000", "2018-06-30": "23132.60000", "2018-03-31": "23258.20000", "2017-12-31": "23347.53000", "2017-09-30": "23326.02000", "2017-06-30": "22277.45000", "2017-03-31": "22467.45000", "2016-12-31": "22732.75000", "2016-09-30": "0.00000", "2016-06-30": "0.00000", "2016-03-31": "0.00000", "2015-12-31": "24073.55000", "2014-12-31": "25281.63000", "2013-12-31": "0.00000"}, "Total Current Liabilities": {"2020-09-30": "17355.17000", "2020-06-30": "17607.02000", "2020-03-31": "16872.33000", "2019-12-31": "16930.02000", "2019-09-30": "15150.98000", "2019-06-30": "14682.23000", "2019-03-31": "14378.48000", "2018-12-31": "13543.02000", "2018-09-30": "13888.90000", "2018-06-30": "13726.16000", "2018-03-31": "13823.21000", "2017-12-31": "13751.89000", "2017-09-30": "14272.49000", "2017-06-30": "13087.14000", "2017-03-31": "13178.78000", "2016-12-31": "13085.78000", "2016-09-30": "", "2016-06-30": "", "2016-03-31": "", "2015-12-31": "15000.65000", "2014-12-31": "", "2013-12-31": ""}, "Long Term Debt": {"2020-09-30": "206.20000", "2020-06-30": "206.20000", "2020-03-31": "206.20000", "2019-12-31": "206.20000", "2019-09-30": "206.20000", "2019-06-30": "206.20000", "2019-03-31": "206.20000", "2018-12-31": "206.20000", "2018-09-30": "206.20000", "2018-06-30": "206.20000", "2018-03-31": "206.20000", "2017-12-31": "206.20000", "2017-09-30": "206.20000", "2017-06-30": "206.20000", "2017-03-31": "206.20000", "2016-12-31": "206.20000", "2016-09-30": "", "2016-06-30": "", "2016-03-31": "", "2015-12-31": "206.20000", "2014-12-31": "206.20000", "2013-12-31": ""}, "Other Non-Current Liabilities": {"2020-09-30": "131.65500", "2020-06-30": "130.97900", "2020-03-31": "136.90700", "2019-12-31": "125.58600", "2019-09-30": "99.52800", "2019-06-30": "112.40200", "2019-03-31": "111.98700", "2018-12-31": "129.29500", "2018-09-30": "127.64300", "2018-06-30": "340.59100", "2018-03-31": "245.33500", "2017-12-31": "240.90100", "2017-09-30": "226.92500", "2017-06-30": "227.10100", "2017-03-31": "247.74000", "2016-12-31": "473.46700", "2016-09-30": "", "2016-06-30": "", "2016-03-31": "", "2015-12-31": "270.77000", "2014-12-31": "", "2013-12-31": ""}, "Total Long Term Liabilities": {"2020-09-30": "1289.98900", "2020-06-30": "1571.76100", "2020-03-31": "1588.18200", "2019-12-31": "1748.25500", "2019-09-30": "1762.90200", "2019-06-30": "2055.12500", "2019-03-31": "2450.30500", "2018-12-31": "2715.08600", "2018-09-30": "3488.23200", "2018-06-30": "772.37500", "2018-03-31": "677.45800", "2017-12-31": "695.22700", "2017-09-30": "664.20100", "2017-06-30": "686.74400", "2017-03-31": "705.18500", "2016-12-31": "946.23700", "2016-09-30": "", "2016-06-30": "", "2016-03-31": "", "2015-12-31": "764.59000", "2014-12-31": "505.49000", "2013-12-31": ""}, "Total Liabilities": {"2020-09-30": "18645.16000", "2020-06-30": "19178.78000", "2020-03-31": "18460.51000", "2019-12-31": "18678.28000", "2019-09-30": "16913.88000", "2019-06-30": "16737.36000", "2019-03-31": "16828.78000", "2018-12-31": "16258.10000", "2018-09-30": "17377.13000", "2018-06-30": "14498.54000", "2018-03-31": "14500.67000", "2017-12-31": "14447.12000", "2017-09-30": "14936.69000", "2017-06-30": "13773.89000", "2017-03-31": "13883.96000", "2016-12-31": "14032.02000", "2016-09-30": "0.00000", "2016-06-30": "0.00000", "2016-03-31": "0.00000", "2015-12-31": "15765.26000", "2014-12-31": "17596.11000", "2013-12-31": "0.00000"}, "Common Stock Net": {"2020-09-30": "11.60700", "2020-06-30": "11.39300", "2020-03-31": "11.38900", "2019-12-31": "11.33800", "2019-09-30": "11.18300", "2019-06-30": "11.06500", "2019-03-31": "10.89800", "2018-12-31": "10.94800", "2018-09-30": "10.61800", "2018-06-30": "10.14400", "2018-03-31": "10.14300", "2017-12-31": "10.13000", "2017-09-30": "9.29100", "2017-06-30": "9.38000", "2017-03-31": "9.41200", "2016-12-31": "9.40700", "2016-09-30": "0.00000", "2016-06-30": "0.00000", "2016-03-31": "0.00000", "2015-12-31": "9.38000", "2014-12-31": "0.00000", "2013-12-31": "0.00000"}, "Retained Earnings (Accumulated Deficit)": {"2020-09-30": "-5426.95200", "2020-06-30": "-5361.14600", "2020-03-31": "-5135.19400", "2019-12-31": "-5076.45500", "2019-09-30": "-5686.82300", "2019-06-30": "-5652.26300", "2019-03-31": "-5233.15400", "2018-12-31": "-4721.33500", "2018-09-30": "-5017.31200", "2018-06-30": "-2396.37100", "2018-03-31": "-2275.09600", "2017-12-31": "-2107.49800", "2017-09-30": "-2077.51000", "2017-06-30": "-2032.09300", "2017-03-31": "-1927.06700", "2016-12-31": "-1824.86600", "2016-09-30": "", "2016-06-30": "", "2016-03-31": "", "2015-12-31": "-2141.54000", "2014-12-31": "-2822.74000", "2013-12-31": ""}, "Comprehensive Income": {"2020-09-30": "-102.59900", "2020-06-30": "-101.71500", "2020-03-31": "-99.78400", "2019-12-31": "-85.40200", "2019-09-30": "-87.51800", "2019-06-30": "-81.97400", "2019-03-31": "-83.11300", "2018-12-31": "-82.65300", "2018-09-30": "-84.69200", "2018-06-30": "-82.22900", "2018-03-31": "-72.23100", "2017-12-31": "-71.90600", "2017-09-30": "-67.70000", "2017-06-30": "-71.59300", "2017-03-31": "-67.88100", "2016-12-31": "-70.45600", "2016-09-30": "", "2016-06-30": "", "2016-03-31": "", "2015-12-31": "", "2014-12-31": "", "2013-12-31": ""}, "Other Share Holders Equity": {"2020-09-30": "", "2020-06-30": "", "2020-03-31": "", "2019-12-31": "", "2019-09-30": "", "2019-06-30": "", "2019-03-31": "", "2018-12-31": "", "2018-09-30": "", "2018-06-30": "", "2018-03-31": "", "2017-12-31": "", "2017-09-30": "", "2017-06-30": "", "2017-03-31": "", "2016-12-31": "", "2016-09-30": "0.00000", "2016-06-30": "0.00000", "2016-03-31": "0.00000", "2015-12-31": "-34.55000", "2014-12-31": "0.00000", "2013-12-31": "0.00000"}, "Share Holder Equity": {"2020-09-30": "3406.55800", "2020-06-30": "3037.31800", "2020-03-31": "3283.52200", "2019-12-31": "3295.10700", "2019-09-30": "2257.20100", "2019-06-30": "2060.13600", "2019-03-31": "2178.15200", "2018-12-31": "2775.42200", "2018-09-30": "1780.54100", "2018-06-30": "8634.06200", "2018-03-31": "8757.52700", "2017-12-31": "8900.40800", "2017-09-30": "8389.33000", "2017-06-30": "8503.56000", "2017-03-31": "8583.49100", "2016-12-31": "8700.72900", "2016-09-30": "0.00000", "2016-06-30": "0.00000", "2016-03-31": "0.00000", "2015-12-31": "8308.29000", "2014-12-31": "7685.52000", "2013-12-31": "0.00000"}, "Total Liabilities And Share Holders Equity": {"2020-09-30": "22051.72000", "2020-06-30": "22216.10000", "2020-03-31": "21744.03000", "2019-12-31": "21973.39000", "2019-09-30": "19171.08000", "2019-06-30": "18797.49000", "2019-03-31": "19006.93000", "2018-12-31": "19033.53000", "2018-09-30": "19157.67000", "2018-06-30": "23132.60000", "2018-03-31": "23258.20000", "2017-12-31": "23347.53000", "2017-09-30": "23326.02000", "2017-06-30": "22277.45000", "2017-03-31": "22467.45000", "2016-12-31": "22732.75000", "2016-09-30": "0.00000", "2016-06-30": "0.00000", "2016-03-31": "0.00000", "2015-12-31": "24073.55000", "2014-12-31": "0.00000", "2013-12-31": "0.00000"}}, "cash flow statement": {"Net Income/Loss": {"2019-12-31": "480.91100", "2018-12-31": "4163.76900", "2017-12-31": "666.87300", "2016-12-31": "1308.27300", "2015-12-31": "1393.59600", "2014-12-31": "679.89400", "2013-12-31": "317.19900"}, "Total Depreciation And Amortization - Cash Flow": {"2019-12-31": "512.04100", "2018-12-31": "670.84300", "2017-12-31": "731.43200", "2016-12-31": "701.90900", "2015-12-31": "689.59300", "2014-12-31": "759.36510", "2013-12-31": "817.15700"}, "Other Non-Cash Items": {"2019-12-31": "-601.28800", "2018-12-31": "-4111.99000", "2017-12-31": "-74.67600", "2016-12-31": "-810.74900", "2015-12-31": "-945.60100", "2014-12-31": "-462.59300", "2013-12-31": "-185.91500"}, "Total Non-Cash Items": {"2019-12-31": "-89.24700", "2018-12-31": "-3441.14700", "2017-12-31": "656.75600", "2016-12-31": "-108.84000", "2015-12-31": "-256.00800", "2014-12-31": "296.77200", "2013-12-31": "631.24190"}, "Change In Accounts Receivable": {"2019-12-31": "34.79000", "2018-12-31": "-40.79000", "2017-12-31": "-6.10300", "2016-12-31": "-37.48900", "2015-12-31": "-30.11600", "2014-12-31": "-19.61300", "2013-12-31": "1.69700"}, "Change In Inventories": {"2019-12-31": "", "2018-12-31": "", "2017-12-31": "", "2016-12-31": "", "2015-12-31": "", "2014-12-31": "", "2013-12-31": ""}, "Change In Accounts Payable": {"2019-12-31": "1.31700", "2018-12-31": "-59.35200", "2017-12-31": "13.77700", "2016-12-31": "-27.92400", "2015-12-31": "-4.85800", "2014-12-31": "21.70300", "2013-12-31": "-80.90200"}, "Change In Assets/Liabilities": {"2019-12-31": "0.35800", "2018-12-31": "-37.93100", "2017-12-31": "-36.69100", "2016-12-31": "2.13100", "2015-12-31": "-34.02800", "2014-12-31": "-29.03200", "2013-12-31": "20.29500"}, "Total Change In Assets/Liabilities": {"2019-12-31": "36.46500", "2018-12-31": "-138.07300", "2017-12-31": "-29.01700", "2016-12-31": "-63.28200", "2015-12-31": "-69.00200", "2014-12-31": "-26.94200", "2013-12-31": "-58.91000"}, "Cash Flow From Operating Activities": {"2019-12-31": "428.12900", "2018-12-31": "584.54900", "2017-12-31": "1294.61200", "2016-12-31": "1136.15100", "2015-12-31": "1068.58600", "2014-12-31": "949.72400", "2013-12-31": "889.53100"}, "Net Change In Property, Plant, And Equipment": {"2019-12-31": "-1206.17900", "2018-12-31": "2312.11600", "2017-12-31": "-831.50900", "2016-12-31": "574.17400", "2015-12-31": "76.87400", "2014-12-31": "-801.00310", "2013-12-31": "56.04600"}, "Net Change In Intangible Assets": {"2019-12-31": "", "2018-12-31": "", "2017-12-31": "", "2016-12-31": "", "2015-12-31": "", "2014-12-31": "", "2013-12-31": ""}, "Net Acquisitions/Divestitures": {"2019-12-31": "", "2018-12-31": "", "2017-12-31": "", "2016-12-31": "", "2015-12-31": "", "2014-12-31": "", "2013-12-31": ""}, "Net Change In Short-term Investments": {"2019-12-31": "179.24300", "2018-12-31": "204.86700", "2017-12-31": "50.96400", "2016-12-31": "59.45000", "2015-12-31": "-33.30000", "2014-12-31": "", "2013-12-31": ""}, "Net Change In Long-Term Investments": {"2019-12-31": "-302.02200", "2018-12-31": "180.14700", "2017-12-31": "-74.75100", "2016-12-31": "-112.87500", "2015-12-31": "-357.06200", "2014-12-31": "119.66400", "2013-12-31": "101.98300"}, "Net Change In Investments - Total": {"2019-12-31": "-122.77900", "2018-12-31": "385.01400", "2017-12-31": "-23.78700", "2016-12-31": "-53.42500", "2015-12-31": "-390.36200", "2014-12-31": "119.66400", "2013-12-31": "101.98300"}, "Investing Activities - Other": {"2019-12-31": "", "2018-12-31": "", "2017-12-31": "", "2016-12-31": "0.66200", "2015-12-31": "", "2014-12-31": "3.41400", "2013-12-31": "8.83100"}, "Cash Flow From Investing Activities": {"2019-12-31": "-1328.95800", "2018-12-31": "2697.13000", "2017-12-31": "-855.29600", "2016-12-31": "521.41100", "2015-12-31": "-313.48800", "2014-12-31": "-677.92500", "2013-12-31": "166.86000"}, "Net Long-Term Debt": {"2019-12-31": "1893.05400", "2018-12-31": "5256.99000", "2017-12-31": "15.34500", "2016-12-31": "-834.73690", "2015-12-31": "5.81590", "2014-12-31": "641.37500", "2013-12-31": "345.59380"}, "Net Current Debt": {"2019-12-31": "", "2018-12-31": "", "2017-12-31": "", "2016-12-31": "", "2015-12-31": "", "2014-12-31": "", "2013-12-31": ""}, "Debt Issuance/Retirement Net - Total": {"2019-12-31": "1893.05400", "2018-12-31": "5256.99000", "2017-12-31": "15.34500", "2016-12-31": "-834.73690", "2015-12-31": "5.81590", "2014-12-31": "641.37500", "2013-12-31": "345.59380"}, "Net Common Equity Issued/Repurchased": {"2019-12-31": "-46.13300", "2018-12-31": "193.47600", "2017-12-31": "277.21100", "2016-12-31": "-34.02100", "2015-12-31": "-109.57000", "2014-12-31": "-555.80100", "2013-12-31": "-1200.09200"}, "Net Total Equity Issued/Repurchased": {"2019-12-31": "-60.91600", "2018-12-31": "193.47600", "2017-12-31": "277.21100", "2016-12-31": "-34.02100", "2015-12-31": "-109.57000", "2014-12-31": "-555.80100", "2013-12-31": "-958.05000"}, "Total Common And Preferred Stock Dividends Paid": {"2019-12-31": "-813.01300", "2018-12-31": "-9999.86000", "2017-12-31": "-1053.30600", "2016-12-31": "-701.30300", "2015-12-31": "-626.78300", "2014-12-31": "-550.29900", "2013-12-31": "-493.56800"}, "Financial Activities - Other": {"2019-12-31": "-141.47700", "2018-12-31": "1334.47000", "2017-12-31": "22.48700", "2016-12-31": "5.94700", "2015-12-31": "-47.63800", "2014-12-31": "-11.87400", "2013-12-31": "2.08900"}, "Cash Flow From Financial Activities": {"2019-12-31": "877.64800", "2018-12-31": "-3214.92500", "2017-12-31": "-738.26300", "2016-12-31": "-1564.11400", "2015-12-31": "-778.17500", "2014-12-31": "-476.59900", "2013-12-31": "-1103.93500"}, "Net Cash Flow": {"2019-12-31": "-23.18100", "2018-12-31": "66.75400", "2017-12-31": "-299.76600", "2016-12-31": "93.44800", "2015-12-31": "-23.07700", "2014-12-31": "-204.80000", "2013-12-31": "-47.54400"}, "Stock-Based Compensation": {"2019-12-31": "", "2018-12-31": "", "2017-12-31": "", "2016-12-31": "", "2015-12-31": "", "2014-12-31": "", "2013-12-31": ""}, "Common Stock Dividends Paid": {"2019-12-31": "-797.07500", "2018-12-31": "-9979.94000", "2017-12-31": "-1037.37000", "2016-12-31": "-685.36800", "2015-12-31": "-610.84600", "2014-12-31": "-534.36300", "2013-12-31": "-483.47500"}}, "cash flow statement, quarterly": {"Net Income/Loss": {"2020-09-30": -190.25, "2020-06-30": -231.605, "2020-03-31": "-100.44900", "2019-12-31": 744.516, "2019-09-30": -36.783, "2019-06-30": -265.105, "2019-03-31": "38.28300", "2018-12-31": 290.055, "2018-09-30": 3712.254, "2018-06-30": 95.564, "2018-03-31": "65.89600", "2017-12-31": 201.913, "2017-09-30": 226.273, "2017-06-30": 128.318, "2017-03-31": "110.36900", "2016-12-31": 241.283, "2016-09-30": 681.749, "2016-06-30": 189.901, "2016-03-31": "195.33700", "2015-12-31": 713.7, "2014-12-31": 362.7, "2013-12-31": 317.19}, "Total Depreciation And Amortization - Cash Flow": {"2020-09-30": 169.109, "2020-06-30": 168.29, "2020-03-31": "171.76000", "2019-12-31": 137.147, "2019-09-30": 127.968, "2019-06-30": 115.645, "2019-03-31": "131.28100", "2018-12-31": 128.921, "2018-09-30": 170.787, "2018-06-30": 182.256, "2018-03-31": "188.87900", "2017-12-31": 194.932, "2017-09-30": 167.568, "2017-06-30": 183.319, "2017-03-31": "185.61300", "2016-12-31": 171.298, "2016-09-30": 193.463, "2016-06-30": 167.675, "2016-03-31": "169.46400", "2015-12-31": -69.77, "2014-12-31": -57.79, "2013-12-31": 817.15}, "Other Non-Cash Items": {"2020-09-30": 94.829, "2020-06-30": 148.393, "2020-03-31": "20.55700", "2019-12-31": -749.278, "2019-09-30": 3.407, "2019-06-30": 217.245, "2019-03-31": "-72.66200", "2018-12-31": -267.012, "2018-09-30": -3869.459, "2018-06-30": -1.874, "2018-03-31": "26.35500", "2017-12-31": 19.654, "2017-09-30": -51.421, "2017-06-30": -43.401, "2017-03-31": "0.49200", "2016-12-31": -54.0251, "2016-09-30": -605.6449, "2016-06-30": -83.63, "2016-03-31": "-67.44900", "2015-12-31": 0, "2014-12-31": 0, "2013-12-31": 0}, "Total Non-Cash Items": {"2020-09-30": 263.9381, "2020-06-30": 316.683, "2020-03-31": "192.31700", "2019-12-31": -612.131, "2019-09-30": 131.375, "2019-06-30": 332.89, "2019-03-31": "58.61900", "2018-12-31": -138.091, "2018-09-30": -3698.6721, "2018-06-30": 180.3821, "2018-03-31": "215.23400", "2017-12-31": 214.586, "2017-09-30": 116.147, "2017-06-30": 139.918, "2017-03-31": "186.10500", "2016-12-31": 928.022, "2016-09-30": -412.182, "2016-06-30": 84.045, "2016-03-31": "102.01500", "2015-12-31": -69.77, "2014-12-31": -57.79, "2013-12-31": 817.15}, "Change In Accounts Receivable": {"2020-09-30": -82.456, "2020-06-30": -273.399, "2020-03-31": "-8.73200", "2019-12-31": -10.824, "2019-09-30": 51.773, "2019-06-30": 7.524, "2019-03-31": "-13.68300", "2018-12-31": -20.828, "2018-09-30": -25.925, "2018-06-30": -12.717, "2018-03-31": "18.68000", "2017-12-31": -14.843, "2017-09-30": 8.999, "2017-06-30": 9.696, "2017-03-31": "-9.95500", "2016-12-31": -37.76, "2016-09-30": -1.781, "2016-06-30": 4.894, "2016-03-31": "-2.84200", "2015-12-31": 0, "2014-12-31": 0, "2013-12-31": 0}, "Change In Inventories": {"2020-09-30": 0, "2020-06-30": 0, "2020-03-31": "", "2019-12-31": 0, "2019-09-30": 0, "2019-06-30": 0, "2019-03-31": "", "2018-12-31": 0, "2018-09-30": 0, "2018-06-30": 0, "2018-03-31": "", "2017-12-31": 0, "2017-09-30": 0, "2017-06-30": 0, "2017-03-31": "", "2016-12-31": 0, "2016-09-30": 0, "2016-06-30": 0, "2016-03-31": "", "2015-12-31": 0, "2014-12-31": 0, "2013-12-31": 0}, "Change In Accounts Payable": {"2020-09-30": 77.681, "2020-06-30": 44.039, "2020-03-31": "-68.03600", "2019-12-31": 41.227, "2019-09-30": 19.33, "2019-06-30": 20.781, "2019-03-31": "-80.02100", "2018-12-31": 6.851, "2018-09-30": -16.158, "2018-06-30": 0.238, "2018-03-31": "-50.28300", "2017-12-31": -17.067, "2017-09-30": 76.285, "2017-06-30": -0.884, "2017-03-31": "-44.55700", "2016-12-31": -31.526, "2016-09-30": 26.097, "2016-06-30": 32.646, "2016-03-31": "-55.14100", "2015-12-31": 0, "2014-12-31": 0, "2013-12-31": 0}, "Change In Assets/Liabilities": {"2020-09-30": -7.96, "2020-06-30": -21.325, "2020-03-31": "-4.11700", "2019-12-31": 13.148, "2019-09-30": -14.769, "2019-06-30": -4.855, "2019-03-31": "6.83400", "2018-12-31": -41.663, "2018-09-30": -21.305, "2018-06-30": 9.099, "2018-03-31": "15.93800", "2017-12-31": -27.716, "2017-09-30": 27.583, "2017-06-30": -26.728, "2017-03-31": "-9.83000", "2016-12-31": 23.292, "2016-09-30": -16.426, "2016-06-30": -3.386, "2016-03-31": "-1.34900", "2015-12-31": 0, "2014-12-31": 0, "2013-12-31": 0}, "Total Change In Assets/Liabilities": {"2020-09-30": -12.735, "2020-06-30": -250.685, "2020-03-31": "-80.88500", "2019-12-31": 43.551, "2019-09-30": 56.334, "2019-06-30": 23.45, "2019-03-31": "-86.87000", "2018-12-31": -55.64, "2018-09-30": -63.388, "2018-06-30": -3.38, "2018-03-31": "-15.66500", "2017-12-31": -59.626, "2017-09-30": 112.867, "2017-06-30": -17.916, "2017-03-31": "-64.34200", "2016-12-31": -49.292, "2016-09-30": 7.89, "2016-06-30": 34.154, "2016-03-31": "-59.33200", "2015-12-31": -45.76, "2014-12-31": 31.97, "2013-12-31": -58.91}, "Cash Flow From Operating Activities": {"2020-09-30": 60.953, "2020-06-30": -165.607, "2020-03-31": "10.98300", "2019-12-31": 175.936, "2019-09-30": 150.926, "2019-06-30": 91.235, "2019-03-31": "10.03200", "2018-12-31": 96.324, "2018-09-30": -49.806, "2018-06-30": 272.566, "2018-03-31": "265.46500", "2017-12-31": 356.873, "2017-09-30": 455.287, "2017-06-30": 250.32, "2017-03-31": "232.13200", "2016-12-31": 309.263, "2016-09-30": 277.457, "2016-06-30": 308.1, "2016-03-31": "238.02000", "2015-12-31": 115.16, "2014-12-31": 60.19, "2013-12-31": 889.53}, "Net Change In Property, Plant, And Equipment": {"2020-09-30": -56.762, "2020-06-30": -75.859, "2020-03-31": "-2.59900", "2019-12-31": -828.546, "2019-09-30": -81.793, "2019-06-30": -146.341, "2019-03-31": "-149.49900", "2018-12-31": 21.513, "2018-09-30": 2591.609, "2018-06-30": -103.816, "2018-03-31": "-197.19000", "2017-12-31": -131.4131, "2017-09-30": -420.8359, "2017-06-30": -168.641, "2017-03-31": "-110.61900", "2016-12-31": -805.53, "2016-09-30": 719.674, "2016-06-30": -11.323, "2016-03-31": "97.17900", "2015-12-31": 0, "2014-12-31": 0, "2013-12-31": 0}, "Net Change In Intangible Assets": {"2020-09-30": 0, "2020-06-30": 0, "2020-03-31": "", "2019-12-31": 0, "2019-09-30": 0, "2019-06-30": 0, "2019-03-31": "", "2018-12-31": 0, "2018-09-30": 0, "2018-06-30": 0, "2018-03-31": "", "2017-12-31": 0, "2017-09-30": 0, "2017-06-30": 0, "2017-03-31": "", "2016-12-31": 0, "2016-09-30": 0, "2016-06-30": 0, "2016-03-31": "", "2015-12-31": 0, "2014-12-31": 0, "2013-12-31": 0}, "Net Acquisitions/Divestitures": {"2020-09-30": 0, "2020-06-30": 0, "2020-03-31": "", "2019-12-31": 0, "2019-09-30": 0, "2019-06-30": 0, "2019-03-31": "", "2018-12-31": 0, "2018-09-30": 0, "2018-06-30": 0, "2018-03-31": "", "2017-12-31": 0, "2017-09-30": 0, "2017-06-30": 0, "2017-03-31": "", "2016-12-31": 0, "2016-09-30": 0, "2016-06-30": 0, "2016-03-31": "", "2015-12-31": 0, "2014-12-31": 0, "2013-12-31": 0}, "Net Change In Short-term Investments": {"2020-09-30": 0, "2020-06-30": 0, "2020-03-31": "", "2019-12-31": -168.777, "2019-09-30": 0, "2019-06-30": 0, "2019-03-31": "348.02000", "2018-12-31": 122.867, "2018-09-30": 2, "2018-06-30": 21.436, "2018-03-31": "58.56400", "2017-12-31": 3.888, "2017-09-30": 0, "2017-06-30": 47.076, "2017-03-31": "", "2016-12-31": 5.464, "2016-09-30": -1.177, "2016-06-30": 8.754, "2016-03-31": "46.40900", "2015-12-31": 0, "2014-12-31": 0, "2013-12-31": 0}, "Net Change In Long-Term Investments": {"2020-09-30": -23.726, "2020-06-30": -37.838, "2020-03-31": "13.85400", "2019-12-31": 64.338, "2019-09-30": -52.275, "2019-06-30": 9.57, "2019-03-31": "-323.65500", "2018-12-31": -54.043, "2018-09-30": 197.807, "2018-06-30": 30.491, "2018-03-31": "5.89200", "2017-12-31": -32.242, "2017-09-30": -13.341, "2017-06-30": -36.74, "2017-03-31": "7.57200", "2016-12-31": -17.586, "2016-09-30": -14.131, "2016-06-30": -50.385, "2016-03-31": "-30.77300", "2015-12-31": 0, "2014-12-31": 0, "2013-12-31": 0}, "Net Change In Investments - Total": {"2020-09-30": -23.726, "2020-06-30": -37.838, "2020-03-31": "13.85400", "2019-12-31": -104.439, "2019-09-30": -52.275, "2019-06-30": 9.57, "2019-03-31": "24.36500", "2018-12-31": 68.824, "2018-09-30": 199.807, "2018-06-30": 51.927, "2018-03-31": "64.45600", "2017-12-31": -28.354, "2017-09-30": -13.341, "2017-06-30": 10.336, "2017-03-31": "7.57200", "2016-12-31": 562.043, "2016-09-30": -15.308, "2016-06-30": -41.631, "2016-03-31": "15.63600", "2015-12-31": 367.85, "2014-12-31": -839.35, "2013-12-31": 158.02}, "Investing Activities - Other": {"2020-09-30": 0, "2020-06-30": 0, "2020-03-31": "", "2019-12-31": 0, "2019-09-30": 0, "2019-06-30": 0, "2019-03-31": "", "2018-12-31": 0, "2018-09-30": 0, "2018-06-30": 0, "2018-03-31": "", "2017-12-31": 0, "2017-09-30": 0, "2017-06-30": 0, "2017-03-31": "", "2016-12-31": 0.118, "2016-09-30": 29.188, "2016-06-30": 0.014, "2016-03-31": "-0.08000", "2015-12-31": -2.68, "2014-12-31": -5.42, "2013-12-31": 8.83}, "Cash Flow From Investing Activities": {"2020-09-30": -80.488, "2020-06-30": -113.697, "2020-03-31": "11.25500", "2019-12-31": -932.985, "2019-09-30": -134.068, "2019-06-30": -136.771, "2019-03-31": "-125.13400", "2018-12-31": 90.337, "2018-09-30": 2791.416, "2018-06-30": -51.889, "2018-03-31": "-132.73400", "2017-12-31": -159.767, "2017-09-30": -434.177, "2017-06-30": -158.305, "2017-03-31": "-103.04700", "2016-12-31": -243.359, "2016-09-30": 733.554, "2016-06-30": -52.94, "2016-03-31": "112.73500", "2015-12-31": 365.17, "2014-12-31": -844.78, "2013-12-31": 166.86}, "Net Long-Term Debt": {"2020-09-30": -272.226, "2020-06-30": 308.792, "2020-03-31": "23.31300", "2019-12-31": 603.959, "2019-09-30": 35.413, "2019-06-30": 352.418, "2019-03-31": "901.26400", "2018-12-31": -128.717, "2018-09-30": 5273.633, "2018-06-30": 17.718, "2018-03-31": "94.35600", "2017-12-31": -658.94, "2017-09-30": 467.954, "2017-06-30": 70.955, "2017-03-31": "135.37600", "2016-12-31": -31.5409, "2016-09-30": -422.442, "2016-06-30": -30.379, "2016-03-31": "-350.37500", "2015-12-31": 0, "2014-12-31": 0, "2013-12-31": 0}, "Net Current Debt": {"2020-09-30": 0, "2020-06-30": 0, "2020-03-31": "", "2019-12-31": 0, "2019-09-30": 0, "2019-06-30": 0, "2019-03-31": "", "2018-12-31": 0, "2018-09-30": 0, "2018-06-30": 0, "2018-03-31": "", "2017-12-31": 0, "2017-09-30": 0, "2017-06-30": 0, "2017-03-31": "", "2016-12-31": 0, "2016-09-30": 0, "2016-06-30": 0, "2016-03-31": "", "2015-12-31": 0, "2014-12-31": 0, "2013-12-31": 0}, "Debt Issuance/Retirement Net - Total": {"2020-09-30": -272.226, "2020-06-30": 308.792, "2020-03-31": "23.31300", "2019-12-31": 603.959, "2019-09-30": 35.413, "2019-06-30": 352.418, "2019-03-31": "901.26400", "2018-12-31": -128.717, "2018-09-30": 5273.633, "2018-06-30": 17.718, "2018-03-31": "94.35600", "2017-12-31": -658.94, "2017-09-30": 467.954, "2017-06-30": 70.955, "2017-03-31": "135.37600", "2016-12-31": -31.534, "2016-09-30": -422.442, "2016-06-30": -30.379, "2016-03-31": "-350.37500", "2015-12-31": -635.56, "2014-12-31": 295.78, "2013-12-31": 345.59}, "Net Common Equity Issued/Repurchased": {"2020-09-30": 296.53, "2020-06-30": 0, "2020-03-31": "-15.87300", "2019-12-31": 293.318, "2019-09-30": -3.661, "2019-06-30": -16.265, "2019-03-31": "-319.52500", "2018-12-31": -6.524, "2018-09-30": 200, "2018-06-30": 0, "2018-03-31": "", "2017-12-31": 544.999, "2017-09-30": -190.756, "2017-06-30": -5.927, "2017-03-31": "-71.10500", "2016-12-31": -34.021, "2016-09-30": 0, "2016-06-30": 0, "2016-03-31": "", "2015-12-31": 0, "2014-12-31": 0, "2013-12-31": 0}, "Net Total Equity Issued/Repurchased": {"2020-09-30": 296.192, "2020-06-30": 0.441, "2020-03-31": "-44.26000", "2019-12-31": 293.254, "2019-09-30": -3.824, "2019-06-30": -16.265, "2019-03-31": "-334.08100", "2018-12-31": -6.524, "2018-09-30": 200, "2018-06-30": 0, "2018-03-31": "", "2017-12-31": 544.999, "2017-09-30": -190.756, "2017-06-30": -5.927, "2017-03-31": "-71.10500", "2016-12-31": -34.02, "2016-09-30": 0, "2016-06-30": 0, "2016-03-31": "", "2015-12-31": 446.23, "2014-12-31": 402.25, "2013-12-31": -958.05}, "Total Common And Preferred Stock Dividends Paid": {"2020-09-30": -19.992, "2020-06-30": -28.122, "2020-03-31": "-21.61100", "2019-12-31": -57.77, "2019-09-30": -28.349, "2019-06-30": -219.377, "2019-03-31": "-507.51700", "2018-12-31": -46.3, "2018-09-30": -9518.102, "2018-06-30": -217.893, "2018-03-31": "-217.56500", "2017-12-31": -214.135, "2017-09-30": -202.5539, "2017-06-30": -202.7271, "2017-03-31": "-433.89000", "2016-12-31": -183.178, "2016-09-30": -172.911, "2016-06-30": -172.466, "2016-03-31": "-172.74500", "2015-12-31": -76.49, "2014-12-31": -56.73, "2013-12-31": -493.56}, "Financial Activities - Other": {"2020-09-30": -6.377, "2020-06-30": 0.034, "2020-03-31": "31.68800", "2019-12-31": -43.971, "2019-09-30": -30.899, "2019-06-30": -64.516, "2019-03-31": "-2.09100", "2018-12-31": -11.959, "2018-09-30": 1343.825, "2018-06-30": -1.366, "2018-03-31": "3.97000", "2017-12-31": -14.847, "2017-09-30": 16.811, "2017-06-30": 15.399, "2017-03-31": "5.12400", "2016-12-31": 0.814, "2016-09-30": 14.828, "2016-06-30": -19.131, "2016-03-31": "8.56900", "2015-12-31": -25.3, "2014-12-31": -13.95, "2013-12-31": 2.08}, "Cash Flow From Financial Activities": {"2020-09-30": -2.403, "2020-06-30": 281.145, "2020-03-31": "-10.87000", "2019-12-31": 795.472, "2019-09-30": -27.659, "2019-06-30": 52.26, "2019-03-31": "57.57500", "2018-12-31": -193.501, "2018-09-30": -2700.644, "2018-06-30": -201.541, "2018-03-31": "-119.23900", "2017-12-31": -342.923, "2017-09-30": 91.455, "2017-06-30": -122.3, "2017-03-31": "-364.49500", "2016-12-31": -247.918, "2016-09-30": -580.525, "2016-06-30": -221.976, "2016-03-31": "-514.55100", "2015-12-31": -291.11, "2014-12-31": 627.34, "2013-12-31": -1103.93}, "Net Cash Flow": {"2020-09-30": -21.938, "2020-06-30": 1.841, "2020-03-31": "11.36800", "2019-12-31": 38.423, "2019-09-30": -10.801, "2019-06-30": 6.724, "2019-03-31": "-57.52700", "2018-12-31": -6.84, "2018-09-30": 40.966, "2018-06-30": 19.136, "2018-03-31": "13.49200", "2017-12-31": -149.831, "2017-09-30": 116.454, "2017-06-30": -34.162, "2017-03-31": "-232.22700", "2016-12-31": -182.014, "2016-09-30": 430.486, "2016-06-30": 33.184, "2016-03-31": "-163.79600", "2015-12-31": 189.23, "2014-12-31": -157.26, "2013-12-31": -47.54}, "Stock-Based Compensation": {"2020-09-30": 0, "2020-06-30": 0, "2020-03-31": "", "2019-12-31": 0, "2019-09-30": 0, "2019-06-30": 0, "2019-03-31": "", "2018-12-31": 0, "2018-09-30": 0, "2018-06-30": 0, "2018-03-31": "", "2017-12-31": 0, "2017-09-30": 0, "2017-06-30": 0, "2017-03-31": "", "2016-12-31": 0, "2016-09-30": 0, "2016-06-30": 0, "2016-03-31": "", "2015-12-31": 0, "2014-12-31": 0, "2013-12-31": 0}, "Common Stock Dividends Paid": {"2020-09-30": -16.008, "2020-06-30": -20.153, "2020-03-31": "-21.61100", "2019-12-31": -53.784, "2019-09-30": -24.366, "2019-06-30": -215.392, "2019-03-31": "-503.53300", "2018-12-31": -38.333, "2018-09-30": -9514.117, "2018-06-30": -213.909, "2018-03-31": "-213.58100", "2017-12-31": -210.151, "2017-09-30": -198.57, "2017-06-30": -198.743, "2017-03-31": "-429.90600", "2016-12-31": -179.197, "2016-09-30": -168.927, "2016-06-30": -168.483, "2016-03-31": "-168.76100", "2015-12-31": 0, "2014-12-31": 0, "2013-12-31": 0}}, "financial ratios": {"Current Ratio": {"2019-12-31": "", "2018-12-31": "", "2017-12-31": "", "2016-12-31": "", "2015-12-31": "", "2014-12-31": "", "2013-12-31": ""}, "Long-term Debt / Capital": {"2019-12-31": "0.05890", "2018-12-31": "0.06920", "2017-12-31": "0.02260", "2016-12-31": "0.02320", "2015-12-31": "0.02420", "2014-12-31": "0.02610", "2013-12-31": ""}, "Debt/Equity Ratio": {"2019-12-31": "4.88880", "2018-12-31": "4.61040", "2017-12-31": "1.46500", "2016-12-31": "1.45240", "2015-12-31": "1.73590", "2014-12-31": "2.10140", "2013-12-31": ""}, "Gross Margin": {"2019-12-31": "", "2018-12-31": "", "2017-12-31": "", "2016-12-31": "", "2015-12-31": "", "2014-12-31": "", "2013-12-31": ""}, "Operating Margin": {"2019-12-31": "12.15380", "2018-12-31": "20.72040", "2017-12-31": "36.00970", "2016-12-31": "34.10490", "2015-12-31": "38.43300", "2014-12-31": "37.13240", "2013-12-31": "33.80570"}, "EBIT Margin": {"2019-12-31": "12.15380", "2018-12-31": "20.72040", "2017-12-31": "36.00970", "2016-12-31": "34.10490", "2015-12-31": "38.43300", "2014-12-31": "37.13240", "2013-12-31": "33.80570"}, "EBITDA Margin": {"2019-12-31": "44.89370", "2018-12-31": "53.22200", "2017-12-31": "67.43050", "2016-12-31": "64.01860", "2015-12-31": "67.11930", "2014-12-31": "67.08100", "2013-12-31": "66.67590"}, "Pre-Tax Profit Margin": {"2019-12-31": "14.74310", "2018-12-31": "145.14610", "2017-12-31": "21.10210", "2016-12-31": "43.72590", "2015-12-31": "39.72100", "2014-12-31": "13.56650", "2013-12-31": "10.47500"}, "Net Profit Margin": {"2019-12-31": "27.67830", "2018-12-31": "197.60280", "2017-12-31": "27.55310", "2016-12-31": "54.22810", "2015-12-31": "56.51740", "2014-12-31": "25.63200", "2013-12-31": "11.60290"}, "Asset Turnover": {"2019-12-31": "0.07120", "2018-12-31": "0.10840", "2017-12-31": "0.09970", "2016-12-31": "0.10320", "2015-12-31": "0.09990", "2014-12-31": "0.10030", "2013-12-31": ""}, "Inventory Turnover Ratio": {"2019-12-31": "", "2018-12-31": "", "2017-12-31": "", "2016-12-31": "", "2015-12-31": "", "2014-12-31": "", "2013-12-31": ""}, "Receiveable Turnover": {"2019-12-31": "", "2018-12-31": "", "2017-12-31": "", "2016-12-31": "", "2015-12-31": "", "2014-12-31": "", "2013-12-31": ""}, "Days Sales In Receivables": {"2019-12-31": "", "2018-12-31": "", "2017-12-31": "", "2016-12-31": "", "2015-12-31": "", "2014-12-31": "", "2013-12-31": ""}, "ROE - Return On Equity": {"2019-12-31": "15.75180", "2018-12-31": "164.35630", "2017-12-31": "7.70210", "2016-12-31": "15.46660", "2015-12-31": "17.27690", "2014-12-31": "5.34710", "2013-12-31": ""}, "Return On Tangible Equity": {"2019-12-31": "14.59470", "2018-12-31": "150.02290", "2017-12-31": "7.49260", "2016-12-31": "15.03640", "2015-12-31": "16.77360", "2014-12-31": "5.17870", "2013-12-31": ""}, "ROA - Return On Assets": {"2019-12-31": "2.18860", "2018-12-31": "21.87600", "2017-12-31": "2.85630", "2016-12-31": "5.75500", "2015-12-31": "5.78890", "2014-12-31": "1.57430", "2013-12-31": ""}, "ROI - Return On Investment": {"2019-12-31": "13.73520", "2018-12-31": "139.64780", "2017-12-31": "7.32300", "2016-12-31": "14.68830", "2015-12-31": "16.36730", "2014-12-31": "5.04340", "2013-12-31": ""}, "Book Value Per Share": {"2019-12-31": "2.90650", "2018-12-31": "2.53510", "2017-12-31": "9.30050", "2016-12-31": "9.84140", "2015-12-31": "9.41560", "2014-12-31": "8.68510", "2013-12-31": ""}, "Operating Cash Flow Per Share": {"2019-12-31": 0.6687, "2018-12-31": -0.7295, "2017-12-31": 0.1733, "2016-12-31": 0.0694, "2015-12-31": 0.1183, "2014-12-31": 0.053, "2013-12-31": 0.9523}, "Free Cash Flow Per Share": {"2019-12-31": -5.5283, "2018-12-31": 2.6671, "2017-12-31": -1.3072, "2016-12-31": 0.5915, "2015-12-31": 1.047, "2014-12-31": -0.8549, "2013-12-31": 1.0123}}, "financial ratios, quarterly": {"Current Ratio": {"2020-09-30": "", "2020-06-30": "", "2020-03-31": "", "2019-12-31": "", "2019-09-30": "", "2019-06-30": "", "2019-03-31": "", "2018-12-31": "", "2018-09-30": "", "2018-06-30": "", "2018-03-31": "", "2017-12-31": "", "2017-09-30": "", "2017-06-30": "", "2017-03-31": "", "2016-12-31": "", "2016-09-30": "", "2016-06-30": "", "2016-03-31": "", "2015-12-31": "", "2014-12-31": "", "2013-12-31": ""}, "Long-term Debt / Capital": {"2020-09-30": "0.05710", "2020-06-30": "0.06360", "2020-03-31": "0.05910", "2019-12-31": "0.05890", "2019-09-30": "0.08370", "2019-06-30": "0.09100", "2019-03-31": "0.08650", "2018-12-31": "0.06920", "2018-09-30": "0.10380", "2018-06-30": "0.02330", "2018-03-31": "0.02300", "2017-12-31": "0.02260", "2017-09-30": "0.02400", "2017-06-30": "0.02370", "2017-03-31": "0.02350", "2016-12-31": "0.02320", "2016-09-30": "", "2016-06-30": "", "2016-03-31": "", "2015-12-31": "", "2014-12-31": "", "2013-12-31": ""}, "Debt/Equity Ratio": {"2020-09-30": "4.85430", "2020-06-30": "5.53330", "2020-03-31": "4.91540", "2019-12-31": "4.88880", "2019-09-30": "6.42980", "2019-06-30": "6.81970", "2019-03-31": "6.29190", "2018-12-31": "4.61040", "2018-09-30": "7.42410", "2018-06-30": "1.51190", "2018-03-31": "1.49980", "2017-12-31": "1.46500", "2017-09-30": "1.63300", "2017-06-30": "1.49380", "2017-03-31": "1.48820", "2016-12-31": "1.45240", "2016-09-30": "", "2016-06-30": "", "2016-03-31": "", "2015-12-31": "", "2014-12-31": "", "2013-12-31": ""}, "Gross Margin": {"2020-09-30": "", "2020-06-30": "", "2020-03-31": "", "2019-12-31": "", "2019-09-30": "", "2019-06-30": "", "2019-03-31": "", "2018-12-31": "", "2018-09-30": "", "2018-06-30": "", "2018-03-31": "", "2017-12-31": "", "2017-09-30": "", "2017-06-30": "", "2017-03-31": "", "2016-12-31": "", "2016-09-30": "", "2016-06-30": "", "2016-03-31": "", "2015-12-31": "", "2014-12-31": "", "2013-12-31": ""}, "Operating Margin": {"2020-09-30": "6.22150", "2020-06-30": "-4.37560", "2020-03-31": "18.05640", "2019-12-31": "30.90280", "2019-09-30": "14.88890", "2019-06-30": "-27.09180", "2019-03-31": "24.58560", "2018-12-31": "33.44160", "2018-09-30": "-14.13670", "2018-06-30": "36.27850", "2018-03-31": "25.69450", "2017-12-31": "38.93820", "2017-09-30": "37.74590", "2017-06-30": "32.88850", "2017-03-31": "34.05580", "2016-12-31": "41.51300", "2016-09-30": "27.66800", "2016-06-30": "38.19360", "2016-03-31": "28.66080", "2015-12-31": "", "2014-12-31": "", "2013-12-31": ""}, "EBIT Margin": {"2020-09-30": "6.22150", "2020-06-30": "-4.37560", "2020-03-31": "18.05640", "2019-12-31": "30.90280", "2019-09-30": "14.88890", "2019-06-30": "-27.09180", "2019-03-31": "24.58560", "2018-12-31": "33.44160", "2018-09-30": "-14.13670", "2018-06-30": "36.27850", "2018-03-31": "25.69450", "2017-12-31": "38.93810", "2017-09-30": "37.74590", "2017-06-30": "32.88850", "2017-03-31": "34.05580", "2016-12-31": "41.51300", "2016-09-30": "27.66800", "2016-06-30": "38.19360", "2016-03-31": "28.66080", "2015-12-31": "", "2014-12-31": "", "2013-12-31": ""}, "EBITDA Margin": {"2020-09-30": "", "2020-06-30": "", "2020-03-31": "", "2019-12-31": "", "2019-09-30": "", "2019-06-30": "", "2019-03-31": "", "2018-12-31": "", "2018-09-30": "", "2018-06-30": "", "2018-03-31": "", "2017-12-31": "", "2017-09-30": "", "2017-06-30": "", "2017-03-31": "", "2016-12-31": "", "2016-09-30": "", "2016-06-30": "", "2016-03-31": "", "2015-12-31": "", "2014-12-31": "", "2013-12-31": ""}, "Pre-Tax Profit Margin": {"2020-09-30": "-38.05140", "2020-06-30": "-48.25530", "2020-03-31": "-25.47510", "2019-12-31": "141.48100", "2019-09-30": "-26.81640", "2019-06-30": "-70.28850", "2019-03-31": "-14.28010", "2018-12-31": "58.27890", "2018-09-30": "535.92520", "2018-06-30": "13.80650", "2018-03-31": "5.47160", "2017-12-31": "17.66150", "2017-09-30": "34.11870", "2017-06-30": "18.24950", "2017-03-31": "14.42000", "2016-12-31": "20.77900", "2016-09-30": "116.48250", "2016-06-30": "22.18120", "2016-03-31": "20.73240", "2015-12-31": "", "2014-12-31": "", "2013-12-31": ""}, "Net Profit Margin": {"2020-09-30": "-46.49260", "2020-06-30": "-55.82630", "2020-03-31": "-20.27280", "2019-12-31": "146.61760", "2019-09-30": "-8.90980", "2019-06-30": "-62.93620", "2019-03-31": "8.40900", "2018-12-31": "57.46580", "2018-09-30": "746.88870", "2018-06-30": "16.05350", "2018-03-31": "11.15290", "2017-12-31": "30.85270", "2017-09-30": "38.51950", "2017-06-30": "21.92870", "2017-03-31": "18.21830", "2016-12-31": "38.74470", "2016-09-30": "120.86610", "2016-06-30": "31.66840", "2016-03-31": "30.93680", "2015-12-31": "", "2014-12-31": "", "2013-12-31": ""}, "Asset Turnover": {"2020-09-30": "0.01660", "2020-06-30": "0.01690", "2020-03-31": "0.01860", "2019-12-31": "0.02050", "2019-09-30": "0.01960", "2019-06-30": "0.01920", "2019-03-31": "0.01980", "2018-12-31": "0.02170", "2018-09-30": "0.02570", "2018-06-30": "0.02520", "2018-03-31": "0.02470", "2017-12-31": "0.02690", "2017-09-30": "0.02480", "2017-06-30": "0.02490", "2017-03-31": "0.02520", "2016-12-31": "0.02680", "2016-09-30": "", "2016-06-30": "", "2016-03-31": "", "2015-12-31": "", "2014-12-31": "", "2013-12-31": ""}, "Inventory Turnover Ratio": {"2020-09-30": "", "2020-06-30": "", "2020-03-31": "", "2019-12-31": "", "2019-09-30": "", "2019-06-30": "", "2019-03-31": "", "2018-12-31": "", "2018-09-30": "", "2018-06-30": "", "2018-03-31": "", "2017-12-31": "", "2017-09-30": "", "2017-06-30": "", "2017-03-31": "", "2016-12-31": "", "2016-09-30": "", "2016-06-30": "", "2016-03-31": "", "2015-12-31": "", "2014-12-31": "", "2013-12-31": ""}, "Receiveable Turnover": {"2020-09-30": "", "2020-06-30": "", "2020-03-31": "", "2019-12-31": "", "2019-09-30": "", "2019-06-30": "", "2019-03-31": "", "2018-12-31": "", "2018-09-30": "", "2018-06-30": "", "2018-03-31": "", "2017-12-31": "", "2017-09-30": "", "2017-06-30": "", "2017-03-31": "", "2016-12-31": "", "2016-09-30": "", "2016-06-30": "", "2016-03-31": "", "2015-12-31": "", "2014-12-31": "", "2013-12-31": ""}, "Days Sales In Receivables": {"2020-09-30": "", "2020-06-30": "", "2020-03-31": "", "2019-12-31": "", "2019-09-30": "", "2019-06-30": "", "2019-03-31": "", "2018-12-31": "", "2018-09-30": "", "2018-06-30": "", "2018-03-31": "", "2017-12-31": "", "2017-09-30": "", "2017-06-30": "", "2017-03-31": "", "2016-12-31": "", "2016-09-30": "", "2016-06-30": "", "2016-03-31": "", "2015-12-31": "", "2014-12-31": "", "2013-12-31": ""}, "ROE - Return On Equity": {"2020-09-30": "-6.01200", "2020-06-30": "-8.28560", "2020-03-31": "-3.30260", "2019-12-31": "24.38610", "2019-09-30": "-1.82560", "2019-06-30": "-14.58150", "2019-03-31": "1.97730", "2018-12-31": "11.44930", "2018-09-30": "241.29060", "2018-06-30": "1.13870", "2018-03-31": "0.77380", "2017-12-31": "2.33200", "2017-09-30": "2.77730", "2017-06-30": "1.55320", "2017-03-31": "1.32310", "2016-12-31": "2.85270", "2016-09-30": "", "2016-06-30": "", "2016-03-31": "", "2015-12-31": "", "2014-12-31": "", "2013-12-31": ""}, "Return On Tangible Equity": {"2020-09-30": "-5.58480", "2020-06-30": "-7.62530", "2020-03-31": "-3.05920", "2019-12-31": "22.59480", "2019-09-30": "-1.62990", "2019-06-30": "-12.86830", "2019-03-31": "1.75760", "2018-12-31": "10.45080", "2018-09-30": "208.49030", "2018-06-30": "1.10680", "2018-03-31": "0.75240", "2017-12-31": "2.26860", "2017-09-30": "2.69710", "2017-06-30": "1.50900", "2017-03-31": "1.28580", "2016-12-31": "2.77340", "2016-09-30": "", "2016-06-30": "", "2016-03-31": "", "2015-12-31": "", "2014-12-31": "", "2013-12-31": ""}, "ROA - Return On Assets": {"2020-09-30": "-0.86270", "2020-06-30": "-1.04250", "2020-03-31": "-0.46200", "2019-12-31": "3.38830", "2019-09-30": "-0.19190", "2019-06-30": "-1.41030", "2019-03-31": "0.20140", "2018-12-31": "1.52390", "2018-09-30": "19.37740", "2018-06-30": "0.41310", "2018-03-31": "0.28330", "2017-12-31": "0.86480", "2017-09-30": "0.97000", "2017-06-30": "0.57600", "2017-03-31": "0.49120", "2016-12-31": "1.06150", "2016-09-30": "", "2016-06-30": "", "2016-03-31": "", "2015-12-31": "", "2014-12-31": "", "2013-12-31": ""}, "ROI - Return On Investment": {"2020-09-30": "-5.26610", "2020-06-30": "-7.14050", "2020-03-31": "-2.87840", "2019-12-31": "21.26410", "2019-09-30": "-1.49340", "2019-06-30": "-11.69750", "2019-03-31": "1.60560", "2018-12-31": "9.72810", "2018-09-30": "186.85150", "2018-06-30": "1.08100", "2018-03-31": "0.73510", "2017-12-31": "2.21720", "2017-09-30": "2.63240", "2017-06-30": "1.47330", "2017-03-31": "1.25570", "2016-12-31": "2.70920", "2016-09-30": "", "2016-06-30": "", "2016-03-31": "", "2015-12-31": "", "2014-12-31": "", "2013-12-31": ""}, "Book Value Per Share": {"2020-09-30": "2.93520", "2020-06-30": "2.66620", "2020-03-31": "2.88310", "2019-12-31": "2.90650", "2019-09-30": "2.01860", "2019-06-30": "1.86200", "2019-03-31": "1.99870", "2018-12-31": "2.53510", "2018-09-30": "1.67700", "2018-06-30": "9.00890", "2018-03-31": "9.13840", "2017-12-31": "9.30050", "2017-09-30": "9.61240", "2017-06-30": "9.64110", "2017-03-31": "9.72520", "2016-12-31": "9.84140", "2016-09-30": "", "2016-06-30": "", "2016-03-31": "", "2015-12-31": "", "2014-12-31": "", "2013-12-31": ""}, "Operating Cash Flow Per Share": {"2020-09-30": -0.0647, "2020-06-30": 0.2902, "2020-03-31": "-0.04430", "2019-12-31": 3.7955, "2019-09-30": -2.3429, "2019-06-30": -0.2517, "2019-03-31": "0.10460", "2018-12-31": 0.0117, "2018-09-30": 0.0648, "2018-06-30": 0.2839, "2018-03-31": "0.27640", "2017-12-31": 0.3689, "2017-09-30": 0.487, "2017-06-30": 0.2659, "2017-03-31": "0.24450", "2016-12-31": 0.3279, "2016-09-30": 0.2881, "2016-06-30": 0.323, "2016-03-31": "0.25050", "2015-12-31": 0, "2014-12-31": 0, "2013-12-31": 0}, "Free Cash Flow Per Share": {"2020-09-30": 0.072, "2020-06-30": 0.4045, "2020-03-31": "-0.03380", "2019-12-31": -3.611, "2019-09-30": 0.9559, "2019-06-30": 1.7368, "2019-03-31": "-1.45420", "2018-12-31": -0.4021, "2018-09-30": 3.311, "2018-06-30": 0.1758, "2018-03-31": "0.07110", "2017-12-31": 0.2359, "2017-09-30": 0.0379, "2017-06-30": 0.0869, "2017-03-31": "0.12800", "2016-12-31": -0.5148, "2016-09-30": 1.0407, "2016-06-30": 0.3108, "2016-03-31": "0.35280", "2015-12-31": 0, "2014-12-31": 0, "2013-12-31": 0}}, "revenue": {"Brookfield Property REIT Annual Revenue (Millions of US $)": {"2019": "$1,564", "2018": "$2,064", "2017": "$2,328", "2016": "$2,346", "2015": "$2,404", "2014": "$2,536", "2013": "$2,486"}, "Brookfield Property REIT Quarterly Revenue (Millions of US $)": {"2020-09-30": "$367", "2020-06-30": "$374", "2020-03-31": "$404", "2019-12-31": "$451", "2019-09-30": "$375", "2019-06-30": "$361", "2019-03-31": "$376", "2018-12-31": "$414", "2018-09-30": "$493", "2018-06-30": "$583", "2018-03-31": "$574", "2017-12-31": "$627", "2017-09-30": "$578", "2017-06-30": "$556", "2017-03-31": "$566", "2016-12-31": "$610", "2016-09-30": "$554", "2016-06-30": "$575", "2016-03-31": "$607", "2015-12-31": "", "2014-12-31": "", "2013-12-31": ""}}, "gross-profit": {"Brookfield Property REIT Annual Gross Profit (Millions of US $)": {"2019": "$952", "2018": "$1,375", "2017": "$1,609", "2016": "$1,641", "2015": "$1,657", "2014": "$1,752", "2013": "$1,671"}, "Brookfield Property REIT Quarterly Gross Profit (Millions of US $)": {"2020-09-30": "$195", "2020-06-30": "$225", "2020-03-31": "$236", "2019-12-31": "$294", "2019-09-30": "$221", "2019-06-30": "$212", "2019-03-31": "$226", "2018-12-31": "$266", "2018-09-30": "$320", "2018-06-30": "$401", "2018-03-31": "$388", "2017-12-31": "$453", "2017-09-30": "$396", "2017-06-30": "$377", "2017-03-31": "$383", "2016-12-31": "$272", "2016-09-30": "$373", "2016-06-30": "$395", "2016-03-31": "$430", "2015-12-31": "", "2014-12-31": "", "2013-12-31": ""}}, "operating-income": {"Brookfield Property REIT Annual Operating Income (Millions of US $)": {"2019": "$190", "2018": "$428", "2017": "$838", "2016": "$800", "2015": "$924", "2014": "$942", "2013": "$840"}, "Brookfield Property REIT Quarterly Operating Income (Millions of US $)": {"2020-09-30": "$23", "2020-06-30": "$-16", "2020-03-31": "$73", "2019-12-31": "$140", "2019-09-30": "$56", "2019-06-30": "$-98", "2019-03-31": "$93", "2018-12-31": "$138", "2018-09-30": "$-70", "2018-06-30": "$212", "2018-03-31": "$148", "2017-12-31": "$244", "2017-09-30": "$218", "2017-06-30": "$183", "2017-03-31": "$193", "2016-12-31": "$253", "2016-09-30": "$153", "2016-06-30": "$219", "2016-03-31": "$174", "2015-12-31": "", "2014-12-31": "", "2013-12-31": ""}}, "ebitda": {"Brookfield Property REIT Annual EBITDA (Millions of US $)": {"2019": "$702", "2018": "$1,099", "2017": "$1,570", "2016": "$1,502", "2015": "$1,613", "2014": "$1,701", "2013": "$1,658"}, "Brookfield Property REIT Quarterly EBITDA (Millions of US $)": {"2020-09-30": "$192", "2020-06-30": "$152", "2020-03-31": "$245", "2019-12-31": "$277", "2019-09-30": "$184", "2019-06-30": "$18", "2019-03-31": "$224", "2018-12-31": "$267", "2018-09-30": "$101", "2018-06-30": "$394", "2018-03-31": "$336", "2017-12-31": "$439", "2017-09-30": "$386", "2017-06-30": "$366", "2017-03-31": "$378", "2016-12-31": "$425", "2016-09-30": "$347", "2016-06-30": "$387", "2016-03-31": "$343", "2015-12-31": "", "2014-12-31": "", "2013-12-31": ""}}, "net-income": {"Brookfield Property REIT Annual Net Income (Millions of US $)": {"2019": "$433", "2018": "$4,079", "2017": "$641", "2016": "$1,272", "2015": "$1,359", "2014": "$650", "2013": "$288"}, "Brookfield Property REIT Quarterly Net Income (Millions of US $)": {"2020-09-30": "$-171", "2020-06-30": "$-209", "2020-03-31": "$-82", "2019-12-31": "$662", "2019-09-30": "$-33", "2019-06-30": "$-227", "2019-03-31": "$32", "2018-12-31": "$238", "2018-09-30": "$3,683", "2018-06-30": "$94", "2018-03-31": "$64", "2017-12-31": "$194", "2017-09-30": "$223", "2017-06-30": "$122", "2017-03-31": "$103", "2016-12-31": "$236", "2016-09-30": "$670", "2016-06-30": "$182", "2016-03-31": "$188", "2015-12-31": "", "2014-12-31": "", "2013-12-31": ""}}, "eps-earnings-per-share-diluted": {"Brookfield Property REIT Annual EPS": {"2019": "$1.32", "2018": "$4.15", "2017": "$0.68", "2016": "$1.34", "2015": "$1.43", "2014": "$0.69", "2013": "$0.31"}, "Brookfield Property REIT Quarterly EPS": {"2020-09-30": "$0.33", "2020-06-30": "$0.33", "2020-03-31": "$0.33", "2019-12-31": "$0.33", "2019-09-30": "$0.33", "2019-06-30": "$0.33", "2019-03-31": "$0.33", "2018-12-31": "$-0.68", "2018-09-30": "$4.68", "2018-06-30": "$0.09", "2018-03-31": "$0.06", "2017-12-31": "$0.21", "2017-09-30": "$0.23", "2017-06-30": "$0.13", "2017-03-31": "$0.11", "2016-12-31": "$0.25", "2016-09-30": "$0.70", "2016-06-30": "$0.19", "2016-03-31": "$0.20", "2015-12-31": "$0.00", "2014-12-31": "$0.00", "2013-12-31": "$0.00"}}, "shares-outstanding": {"Brookfield Property REIT Annual Shares Outstanding (Millions of Shares)": {"2019": "328", "2018": "918", "2017": "948", "2016": "952", "2015": "951", "2014": "945", "2013": "934"}, "Brookfield Property REIT Quarterly Shares Outstanding (Millions of Shares)": {"2020-09-30": "-517", "2020-06-30": "-629", "2020-03-31": "-248", "2019-12-31": "328", "2019-09-30": "-101", "2019-06-30": "-689", "2019-03-31": "96", "2018-12-31": "918", "2018-09-30": "781", "2018-06-30": "960", "2018-03-31": "960", "2017-12-31": "948", "2017-09-30": "940", "2017-06-30": "945", "2017-03-31": "950", "2016-12-31": "952", "2016-09-30": "956", "2016-06-30": "952", "2016-03-31": "950", "2015-12-31": "", "2014-12-31": "", "2013-12-31": ""}}, "total-assets": {"Brookfield Property REIT Annual Total Assets (Millions of US $)": {"2019": "$21,973", "2018": "$19,034", "2017": "$23,348", "2016": "$22,733", "2015": "$24,074", "2014": "$25,282", "2013": "$0"}, "Brookfield Property REIT Quarterly Total Assets (Millions of US $)": {"2020-09-30": "$22,052", "2020-06-30": "$22,216", "2020-03-31": "$21,744", "2019-12-31": "$21,973", "2019-09-30": "$19,171", "2019-06-30": "$18,797", "2019-03-31": "$19,007", "2018-12-31": "$19,034", "2018-09-30": "$19,158", "2018-06-30": "$23,133", "2018-03-31": "$23,258", "2017-12-31": "$23,348", "2017-09-30": "$23,326", "2017-06-30": "$22,277", "2017-03-31": "$22,467", "2016-12-31": "$22,733", "2016-09-30": "$0", "2016-06-30": "$0", "2016-03-31": "$0", "2015-12-31": "$24,074", "2014-12-31": "$25,282", "2013-12-31": "$0"}}, "cash-on-hand": {"Brookfield Property REIT Annual Cash on Hand (Millions of US $)": {"2019": "$198", "2018": "$247", "2017": "$165", "2016": "$475", "2015": "$357", "2014": "$372", "2013": "$"}, "Brookfield Property REIT Quarterly Cash on Hand (Millions of US $)": {"2020-09-30": "$173", "2020-06-30": "$210", "2020-03-31": "$224", "2019-12-31": "$198", "2019-09-30": "$189", "2019-06-30": "$200", "2019-03-31": "$201", "2018-12-31": "$247", "2018-09-30": "$261", "2018-06-30": "$195", "2018-03-31": "$178", "2017-12-31": "$165", "2017-09-30": "$311", "2017-06-30": "$228", "2017-03-31": "$253", "2016-12-31": "$475", "2016-09-30": "", "2016-06-30": "", "2016-03-31": "", "2015-12-31": "$357", "2014-12-31": "$372", "2013-12-31": ""}}, "long-term-debt": {"Brookfield Property REIT Annual Long Term Debt (Millions of US $)": {"2019": "$206", "2018": "$206", "2017": "$206", "2016": "$206", "2015": "$206", "2014": "$206", "2013": "$"}, "Brookfield Property REIT Quarterly Long Term Debt (Millions of US $)": {"2020-09-30": "$206", "2020-06-30": "$206", "2020-03-31": "$206", "2019-12-31": "$206", "2019-09-30": "$206", "2019-06-30": "$206", "2019-03-31": "$206", "2018-12-31": "$206", "2018-09-30": "$206", "2018-06-30": "$206", "2018-03-31": "$206", "2017-12-31": "$206", "2017-09-30": "$206", "2017-06-30": "$206", "2017-03-31": "$206", "2016-12-31": "$206", "2016-09-30": "", "2016-06-30": "", "2016-03-31": "", "2015-12-31": "$206", "2014-12-31": "$206", "2013-12-31": ""}}, "total-liabilities": {"Brookfield Property REIT Annual Total Liabilities (Millions of US $)": {"2019": "$18,678", "2018": "$16,258", "2017": "$14,447", "2016": "$14,032", "2015": "$15,765", "2014": "$17,596", "2013": "$0"}, "Brookfield Property REIT Quarterly Total Liabilities (Millions of US $)": {"2020-09-30": "$18,645", "2020-06-30": "$19,179", "2020-03-31": "$18,461", "2019-12-31": "$18,678", "2019-09-30": "$16,914", "2019-06-30": "$16,737", "2019-03-31": "$16,829", "2018-12-31": "$16,258", "2018-09-30": "$17,377", "2018-06-30": "$14,499", "2018-03-31": "$14,501", "2017-12-31": "$14,447", "2017-09-30": "$14,937", "2017-06-30": "$13,774", "2017-03-31": "$13,884", "2016-12-31": "$14,032", "2016-09-30": "$0", "2016-06-30": "$0", "2016-03-31": "$0", "2015-12-31": "$15,765", "2014-12-31": "$17,596", "2013-12-31": "$0"}}, "total-share-holder-equity": {"Brookfield Property REIT Annual Share Holder Equity (Millions of US $)": {"2019": "$3,295", "2018": "$2,775", "2017": "$8,900", "2016": "$8,701", "2015": "$8,308", "2014": "$7,686", "2013": "$0"}, "Brookfield Property REIT Quarterly Share Holder Equity (Millions of US $)": {"2020-09-30": "$3,407", "2020-06-30": "$3,037", "2020-03-31": "$3,284", "2019-12-31": "$3,295", "2019-09-30": "$2,257", "2019-06-30": "$2,060", "2019-03-31": "$2,178", "2018-12-31": "$2,775", "2018-09-30": "$1,781", "2018-06-30": "$8,634", "2018-03-31": "$8,758", "2017-12-31": "$8,900", "2017-09-30": "$8,389", "2017-06-30": "$8,504", "2017-03-31": "$8,583", "2016-12-31": "$8,701", "2016-09-30": "$0", "2016-06-30": "$0", "2016-03-31": "$0", "2015-12-31": "$8,308", "2014-12-31": "$7,686", "2013-12-31": "$0"}}, "profit-margins": {"current": "12.55%"}, "gross margin": {"2020-09-30": "59.52%", "2020-06-30": "60.85%", "2020-03-31": "60.53%", "2019-12-31": "60.97%", "2019-09-30": "60.62%", "2019-06-30": "62.29%", "2019-03-31": "65.01%", "2018-12-31": "66.62%", "2018-09-30": "68.60%", "2018-06-30": "69.35%", "2018-03-31": "69.12%", "2017-12-31": "69.14%", "2017-09-30": "61.82%", "2017-06-30": "61.46%", "2017-03-31": "61.74%", "2016-12-31": "62.66%"}, "operating margin": {"2020-09-30": "13.78%", "2020-06-30": "15.77%", "2020-03-31": "10.75%", "2019-12-31": "12.22%", "2019-09-30": "12.39%", "2019-06-30": "3.83%", "2019-03-31": "19.99%", "2018-12-31": "20.74%", "2018-09-30": "23.45%", "2018-06-30": "34.80%", "2018-03-31": "33.96%", "2017-12-31": "36.01%", "2017-09-30": "36.67%", "2017-06-30": "34.21%", "2017-03-31": "35.49%", "2016-12-31": "34.06%"}, "ebitda margin": {"2020-09-30": "54.26%", "2020-06-30": "53.49%", "2020-03-31": "45.51%", "2019-12-31": "44.98%", "2019-09-30": "45.41%", "2019-06-30": "37.10%", "2019-03-31": "52.84%", "2018-12-31": "53.20%", "2018-09-30": "55.78%", "2018-06-30": "65.83%", "2018-03-31": "65.40%", "2017-12-31": "67.43%", "2017-09-30": "67.32%", "2017-06-30": "66.32%", "2017-03-31": "66.68%", "2016-12-31": "64.02%"}, "pre tax profit margin": {"2020-09-30": "13.47%", "2020-06-30": "15.84%", "2020-03-31": "11.38%", "2019-12-31": "14.72%", "2019-09-30": "-11.01%", "2019-06-30": "156.69%", "2019-03-31": "156.00%", "2018-12-31": "145.16%", "2018-09-30": "125.87%", "2018-06-30": "17.78%", "2018-03-31": "18.84%", "2017-12-31": "21.10%", "2017-09-30": "21.95%", "2017-06-30": "41.82%", "2017-03-31": "42.60%", "2016-12-31": "43.73%"}, "net profit margin": {"2020-09-30": "12.53%", "2020-06-30": "21.07%", "2020-03-31": "20.11%", "2019-12-31": "27.77%", "2019-09-30": "0.66%", "2019-06-30": "226.64%", "2019-03-31": "216.88%", "2018-12-31": "197.63%", "2018-09-30": "177.21%", "2018-06-30": "24.34%", "2018-03-31": "25.82%", "2017-12-31": "27.59%", "2017-09-30": "29.61%", "2017-06-30": "49.48%", "2017-03-31": "51.67%", "2016-12-31": "54.39%"}, "pe ratio": {"current": "0.00", "2021-02-05": "27.08", "2020-09-30": "18.18", "2020-06-30": "0.00", "2020-03-31": "0.00", "2019-12-31": "0.00", "2019-09-30": "0.00", "2019-06-30": "50.16"}, "price sales": {"2021-02-05": "0.00", "2020-09-30": "0.00", "2020-06-30": "0.00", "2020-03-31": "0.00", "2019-12-31": "15.59", "2019-09-30": "123.81", "2019-06-30": "3.69"}, "price book": {"current": "0.31", "2021-02-05": "6.09", "2020-09-30": "4.09", "2020-06-30": "3.56", "2020-03-31": "2.72", "2019-12-31": "5.75", "2019-09-30": "9.01", "2019-06-30": "8.89", "2019-03-31": "8.82", "2018-12-31": "5.38", "2018-09-30": "10.56"}, "price fcf": {"2021-02-05": "", "2020-09-30": "$-3.17", "2020-06-30": "$-2.28", "2020-03-31": "$-0.95", "2019-12-31": "$-2.37", "2019-09-30": "$0.84", "2019-06-30": "$3.44"}, "net worth": {"value": "$0.7B"}, "current ratio": {"2020-09-30": "0.05", "2020-06-30": "0.04", "2020-03-31": "0.03", "2019-12-31": "0.03", "2019-09-30": "0.03", "2019-06-30": "0.05", "2019-03-31": "0.05", "2018-12-31": "0.05", "2018-09-30": "0.06", "2018-06-30": "0.06", "2018-03-31": "0.07", "2017-12-31": "0.07", "2017-09-30": "0.07", "2017-06-30": "0.09", "2017-03-31": "0.10", "2016-12-31": "0.11", "2016-09-30": "0.00", "2016-06-30": "0.00", "2016-03-31": "0.00", "2015-12-31": "0.05", "2014-12-31": "0.00", "2013-12-31": "0.00"}, "quick ratio": {"2020-09-30": "0.00", "2020-06-30": "0.00", "2020-03-31": "0.00", "2019-12-31": "0.00", "2019-09-30": "0.00", "2019-06-30": "0.00", "2019-03-31": "0.00", "2018-12-31": "0.00", "2018-09-30": "0.00", "2018-06-30": "0.00", "2018-03-31": "0.00", "2017-12-31": "0.00", "2017-09-30": "0.00", "2017-06-30": "0.00", "2017-03-31": "0.00", "2016-12-31": "0.00", "2016-09-30": "0.00", "2016-06-30": "0.00", "2016-03-31": "0.00", "2015-12-31": "0.00", "2014-12-31": "0.00", "2013-12-31": "0.00"}, "debt equity ratio": {"current": "0.07", "2020-09-30": "5.47", "2020-06-30": "6.31", "2020-03-31": "5.62", "2019-12-31": "5.67", "2019-09-30": "7.49", "2019-06-30": "8.12", "2019-03-31": "7.73", "2018-12-31": "5.86", "2018-09-30": "9.76", "2018-06-30": "1.68", "2018-03-31": "1.66", "2017-12-31": "1.62", "2017-09-30": "1.78", "2017-06-30": "1.62", "2017-03-31": "1.62", "2016-12-31": "1.61", "2016-09-30": "0.00", "2016-06-30": "0.00", "2016-03-31": "0.00", "2015-12-31": "1.90", "2014-12-31": "2.29", "2013-12-31": "0.00"}, "return on equity": {"2020-09-30": "6.14%", "2020-06-30": "11.39%", "2020-03-31": "11.75%", "2019-12-31": "17.73%", "2019-09-30": "0.43%", "2019-06-30": "169.48%", "2019-03-31": "105.34%", "2018-12-31": "74.34%", "2018-09-30": "57.49%", "2018-06-30": "6.63%", "2018-03-31": "6.98%", "2017-12-31": "7.47%", "2017-09-30": "8.01%", "2017-06-30": "17.54%", "2017-03-31": "27.56%", "2016-12-31": "58.66%"}, "return on assets": {"2020-09-30": "0.91%", "2020-06-30": "1.59%", "2020-03-31": "1.57%", "2019-12-31": "2.20%", "2019-09-30": "0.05%", "2019-06-30": "19.61%", "2019-03-31": "20.15%", "2018-12-31": "19.29%", "2018-09-30": "18.16%", "2018-06-30": "2.47%", "2018-03-31": "2.62%", "2017-12-31": "2.81%", "2017-09-30": "3.01%", "2017-06-30": "6.70%", "2017-03-31": "10.54%", "2016-12-31": "22.45%"}, "return on investments": {"2020-09-30": "6.35%", "2020-06-30": "7.97%", "2020-03-31": "5.84%", "2019-12-31": "7.20%", "2019-09-30": "7.49%", "2019-06-30": "2.62%", "2019-03-31": "9.21%", "2018-12-31": "7.52%", "2018-09-30": "7.39%", "2018-06-30": "9.26%", "2018-03-31": "8.97%", "2017-12-31": "9.52%", "2017-09-30": "9.68%", "2017-06-30": "11.85%", "2017-03-31": "18.49%", "2016-12-31": "35.88%"}, "return on tangible equity": {"2020-09-30": "6.14%", "2020-06-30": "11.39%", "2020-03-31": "11.75%", "2019-12-31": "17.73%", "2019-09-30": "0.43%", "2019-06-30": "169.48%", "2019-03-31": "105.34%", "2018-12-31": "74.34%", "2018-09-30": "57.49%", "2018-06-30": "6.63%", "2018-03-31": "6.98%", "2017-12-31": "7.47%", "2017-09-30": "8.01%", "2017-06-30": "17.54%", "2017-03-31": "27.56%", "2016-12-31": "58.66%"}, "dividend yield history": {"last payout": "$1.33", "last yield": "7.44%"}}