{"ticker": "BRO", "price": {"title": "Brown & Brown Historical Annual Stock Price Data", "value": 44.77, "historical": {"2021": {"Average Stock Price": "45.9036", "Year Open": "46.3500", "Year High": "48.0200", "Year Low": "42.9600", "Year Close": "44.7700", "Annual % Change": "-5.57%"}, "2020": {"Average Stock Price": "42.8858", "Year Open": "39.6100", "Year High": "48.5100", "Year Low": "31.6600", "Year Close": "47.4100", "Annual % Change": "20.09%"}, "2019": {"Average Stock Price": "33.4633", "Year Open": "27.0700", "Year High": "40.2500", "Year Low": "26.7300", "Year Close": "39.4800", "Annual % Change": "43.25%"}, "2018": {"Average Stock Price": "27.8492", "Year Open": "25.5400", "Year High": "31.3400", "Year Low": "24.8400", "Year Close": "27.5600", "Annual % Change": "7.11%"}, "2017": {"Average Stock Price": "22.6554", "Year Open": "22.4100", "Year High": "25.9650", "Year Low": "20.6600", "Year Close": "25.7300", "Annual % Change": "14.71%"}, "2016": {"Average Stock Price": "18.1777", "Year Open": "15.8150", "Year High": "22.5550", "Year Low": "14.4350", "Year Close": "22.4300", "Annual % Change": "39.75%"}, "2015": {"Average Stock Price": "16.2221", "Year Open": "16.2800", "Year High": "17.2350", "Year Low": "15.3700", "Year Close": "16.0500", "Annual % Change": "-2.46%"}, "2014": {"Average Stock Price": "15.5723", "Year Open": "15.5700", "Year High": "16.6300", "Year Low": "14.1400", "Year Close": "16.4550", "Annual % Change": "4.84%"}, "2013": {"Average Stock Price": "15.6366", "Year Open": "13.0850", "Year High": "17.0600", "Year Low": "13.0850", "Year Close": "15.6950", "Annual % Change": "23.29%"}, "2012": {"Average Stock Price": "12.7015", "Year Open": "11.3650", "Year High": "13.8200", "Year Low": "11.1450", "Year Close": "12.7300", "Annual % Change": "12.51%"}, "2011": {"Average Stock Price": "11.5585", "Year Open": "12.2800", "Year High": "13.4550", "Year Low": "8.5000", "Year Close": "11.3150", "Annual % Change": "-5.47%"}, "2010": {"Average Stock Price": "9.9202", "Year Open": "9.0050", "Year High": "12.1000", "Year Low": "8.2500", "Year Close": "11.9700", "Annual % Change": "33.22%"}, "2009": {"Average Stock Price": "9.4117", "Year Open": "10.2050", "Year High": "10.6950", "Year Low": "7.8250", "Year Close": "8.9850", "Annual % Change": "-14.02%"}, "2008": {"Average Stock Price": "9.7409", "Year Open": "11.7000", "Year High": "11.9800", "Year Low": "8.2950", "Year Close": "10.4500", "Annual % Change": "-11.06%"}, "2007": {"Average Stock Price": "13.1635", "Year Open": "14.1150", "Year High": "14.4800", "Year Low": "11.5500", "Year Close": "11.7500", "Annual % Change": "-16.70%"}, "2006": {"Average Stock Price": "15.1413", "Year Open": "15.4700", "Year High": "17.6150", "Year Low": "13.7100", "Year Close": "14.1050", "Annual % Change": "-7.63%"}, "2005": {"Average Stock Price": "12.0015", "Year Open": "11.0000", "Year High": "15.6200", "Year Low": "10.6500", "Year Close": "15.2700", "Annual % Change": "40.25%"}, "2004": {"Average Stock Price": "10.1429", "Year Open": "8.2150", "Year High": "11.6500", "Year Low": "8.0200", "Year Close": "10.8875", "Annual % Change": "33.55%"}, "2003": {"Average Stock Price": "7.9877", "Year Open": "8.2300", "Year High": "9.3600", "Year Low": "6.8225", "Year Close": "8.1525", "Annual % Change": "0.90%"}, "2002": {"Average Stock Price": "7.8852", "Year Open": "6.8050", "Year High": "9.0325", "Year Low": "6.1850", "Year Close": "8.0800", "Annual % Change": "18.39%"}, "2001": {"Average Stock Price": "5.5978", "Year Open": "4.1800", "Year High": "7.7025", "Year Low": "3.8625", "Year Close": "6.8250", "Annual % Change": "56.00%"}, "2000": {"Average Stock Price": "3.1040", "Year Open": "2.3675", "Year High": "4.4300", "Year Low": "1.9531", "Year Close": "4.3750", "Annual % Change": "82.72%"}, "1999": {"Average Stock Price": "2.1958", "Year Open": "2.1913", "Year High": "2.5081", "Year Low": "1.8556", "Year Close": "2.3944", "Annual % Change": "9.64%"}, "1998": {"Average Stock Price": "2.2388", "Year Open": "1.8383", "Year High": "2.6056", "Year Low": "1.8100", "Year Close": "2.1838", "Annual % Change": "17.46%"}, "1997": {"Average Stock Price": "1.4130", "Year Open": "1.1042", "Year High": "1.9583", "Year Low": "1.0625", "Year Close": "1.8592", "Annual % Change": "68.38%"}, "1996": {"Average Stock Price": "1.0277", "Year Open": "1.0129", "Year High": "1.1458", "Year Low": "0.9479", "Year Close": "1.1042", "Annual % Change": "6.51%"}, "1995": {"Average Stock Price": "0.9739", "Year Open": "0.9063", "Year High": "1.0521", "Year Low": "0.8438", "Year Close": "1.0367", "Annual % Change": "14.39%"}, "1994": {"Average Stock Price": "0.8248", "Year Open": "0.7242", "Year High": "0.9479", "Year Low": "0.7083", "Year Close": "0.9063", "Annual % Change": "21.72%"}, "1993": {"Average Stock Price": "0.7712", "Year Open": "0.6771", "Year High": "0.8542", "Year Low": "0.6667", "Year Close": "0.7446", "Annual % Change": "6.69%"}}}, "market cap": {"value": "$12.72B"}, "income statement": {"Revenue": {"2020-12-31": "2613.40000", "2019-12-31": "2392.17100", "2018-12-31": "2014.24600", "2017-12-31": "1881.34700", "2016-12-31": "1766.62900", "2015-12-31": "1660.50900", "2014-12-31": "1575.79600", "2013-12-31": "1363.27900", "2012-12-31": "1200.03200", "2011-12-31": "1013.54200", "2010-12-31": "973.49200", "2009-12-31": "967.87700", "2008-12-31": "977.55400", "2007-12-31": "959.66700", "2006-12-31": "878.00400", "2005-12-31": "785.80700"}, "Cost Of Goods Sold": {"2020-12-31": "1436.40000", "2019-12-31": "1308.16500", "2018-12-31": "1068.91400", "2017-12-31": "994.65200", "2016-12-31": "925.21700", "2015-12-31": "856.95200", "2014-12-31": "811.11200", "2013-12-31": "683.00000", "2012-12-31": "608.50600", "2011-12-31": "508.67500", "2010-12-31": "487.82000", "2009-12-31": "484.68000", "2008-12-31": "485.78300", "2007-12-31": "444.10100", "2006-12-31": "404.89100", "2005-12-31": "374.94300"}, "Gross Profit": {"2020-12-31": "1177.00000", "2019-12-31": "1084.00600", "2018-12-31": "945.33200", "2017-12-31": "886.69510", "2016-12-31": "841.41200", "2015-12-31": "803.55700", "2014-12-31": "764.68400", "2013-12-31": "680.27910", "2012-12-31": "591.52600", "2011-12-31": "504.86700", "2010-12-31": "485.67200", "2009-12-31": "483.19700", "2008-12-31": "491.77100", "2007-12-31": "515.56600", "2006-12-31": "473.11300", "2005-12-31": "410.86400"}, "Research And Development Expenses": {"2020-12-31": "", "2019-12-31": "", "2018-12-31": "", "2017-12-31": "", "2016-12-31": "", "2015-12-31": "", "2014-12-31": "", "2013-12-31": "", "2012-12-31": "", "2011-12-31": "", "2010-12-31": "", "2009-12-31": "", "2008-12-31": "", "2007-12-31": "", "2006-12-31": "", "2005-12-31": ""}, "SG&A Expenses": {"2020-12-31": "", "2019-12-31": "", "2018-12-31": "", "2017-12-31": "", "2016-12-31": "", "2015-12-31": "", "2014-12-31": "", "2013-12-31": "22.60300", "2012-12-31": "15.86500", "2011-12-31": "11.19400", "2010-12-31": "6.84500", "2009-12-31": "7.35800", "2008-12-31": "7.31400", "2007-12-31": "5.66700", "2006-12-31": "5.41600", "2005-12-31": "3.33700"}, "Other Operating Income Or Expenses": {"2020-12-31": "-359.10000", "2019-12-31": "-365.70200", "2018-12-31": "-332.91200", "2017-12-31": "-290.51300", "2016-12-31": "-270.76600", "2015-12-31": "-253.43900", "2014-12-31": "-292.69100", "2013-12-31": "-198.21000", "2012-12-31": "-175.80700", "2011-12-31": "-141.87300", "2010-12-31": "-134.17700", "2009-12-31": "-143.38900", "2008-12-31": "-137.35200", "2007-12-31": "-131.37100", "2006-12-31": "-126.49200", "2005-12-31": "-105.62200"}, "Operating Expenses": {"2020-12-31": "1989.30000", "2019-12-31": "1866.24200", "2018-12-31": "1551.78400", "2017-12-31": "1431.62500", "2016-12-31": "1343.13000", "2015-12-31": "1257.95000", "2014-12-31": "1236.04700", "2013-12-31": "1005.67000", "2012-12-31": "895.22090", "2011-12-31": "743.02110", "2010-12-31": "707.39400", "2009-12-31": "713.12290", "2008-12-31": "705.05600", "2007-12-31": "648.14000", "2006-12-31": "597.96300", "2005-12-31": "541.67700"}, "Operating Income": {"2020-12-31": "624.09990", "2019-12-31": "525.92880", "2018-12-31": "462.46200", "2017-12-31": "449.72200", "2016-12-31": "423.49910", "2015-12-31": "402.55910", "2014-12-31": "339.74900", "2013-12-31": "357.60900", "2012-12-31": "304.81100", "2011-12-31": "270.52090", "2010-12-31": "266.09800", "2009-12-31": "254.75410", "2008-12-31": "272.49800", "2007-12-31": "311.52700", "2006-12-31": "280.04110", "2005-12-31": "244.13000"}, "Total Non-Operating Income/Expense": {"2020-12-31": "", "2019-12-31": "", "2018-12-31": "", "2017-12-31": "", "2016-12-31": "", "2015-12-31": "", "2014-12-31": "", "2013-12-31": "", "2012-12-31": "", "2011-12-31": "", "2010-12-31": "", "2009-12-31": "", "2008-12-31": "", "2007-12-31": "", "2006-12-31": "", "2005-12-31": ""}, "Pre-Tax Income": {"2020-12-31": "624.10000", "2019-12-31": "525.92900", "2018-12-31": "462.46200", "2017-12-31": "449.72200", "2016-12-31": "423.49900", "2015-12-31": "402.55900", "2014-12-31": "339.74900", "2013-12-31": "357.60900", "2012-12-31": "304.81100", "2011-12-31": "270.52100", "2010-12-31": "266.09800", "2009-12-31": "254.75400", "2008-12-31": "272.49800", "2007-12-31": "311.52700", "2006-12-31": "280.04100", "2005-12-31": "244.13000"}, "Income Taxes": {"2020-12-31": "143.60000", "2019-12-31": "127.41500", "2018-12-31": "118.20700", "2017-12-31": "50.09200", "2016-12-31": "166.00800", "2015-12-31": "159.24100", "2014-12-31": "132.85300", "2013-12-31": "140.49700", "2012-12-31": "120.76600", "2011-12-31": "106.52600", "2010-12-31": "104.34600", "2009-12-31": "101.46000", "2008-12-31": "106.37400", "2007-12-31": "120.56800", "2006-12-31": "107.69100", "2005-12-31": "93.57900"}, "Income After Taxes": {"2020-12-31": "480.50000", "2019-12-31": "398.51400", "2018-12-31": "344.25500", "2017-12-31": "399.63000", "2016-12-31": "257.49100", "2015-12-31": "243.31800", "2014-12-31": "206.89600", "2013-12-31": "217.11200", "2012-12-31": "184.04500", "2011-12-31": "163.99500", "2010-12-31": "161.75200", "2009-12-31": "153.29400", "2008-12-31": "166.12400", "2007-12-31": "190.95900", "2006-12-31": "172.35000", "2005-12-31": "150.55100"}, "Other Income": {"2020-12-31": "", "2019-12-31": "", "2018-12-31": "", "2017-12-31": "", "2016-12-31": "", "2015-12-31": "", "2014-12-31": "", "2013-12-31": "", "2012-12-31": "", "2011-12-31": "", "2010-12-31": "", "2009-12-31": "", "2008-12-31": "", "2007-12-31": "", "2006-12-31": "", "2005-12-31": ""}, "Income From Continuous Operations": {"2020-12-31": "480.50000", "2019-12-31": "398.51400", "2018-12-31": "344.25500", "2017-12-31": "399.63000", "2016-12-31": "257.49100", "2015-12-31": "243.31800", "2014-12-31": "206.89600", "2013-12-31": "217.11200", "2012-12-31": "184.04500", "2011-12-31": "163.99500", "2010-12-31": "161.75200", "2009-12-31": "153.29400", "2008-12-31": "166.12400", "2007-12-31": "190.95900", "2006-12-31": "172.35000", "2005-12-31": "150.55100"}, "Income From Discontinued Operations": {"2020-12-31": "", "2019-12-31": "", "2018-12-31": "", "2017-12-31": "", "2016-12-31": "", "2015-12-31": "", "2014-12-31": "", "2013-12-31": "", "2012-12-31": "", "2011-12-31": "", "2010-12-31": "", "2009-12-31": "", "2008-12-31": "", "2007-12-31": "", "2006-12-31": "", "2005-12-31": ""}, "Net Income": {"2020-12-31": "480.50000", "2019-12-31": "385.64100", "2018-12-31": "335.95800", "2017-12-31": "389.88400", "2016-12-31": "250.78600", "2015-12-31": "237.62300", "2014-12-31": "201.71000", "2013-12-31": "211.66600", "2012-12-31": "178.73200", "2011-12-31": "158.89600", "2010-12-31": "156.65500", "2009-12-31": "148.35700", "2008-12-31": "160.61800", "2007-12-31": "184.29800", "2006-12-31": "172.35000", "2005-12-31": "150.55100"}, "EBITDA": {"2020-12-31": "820.19980", "2019-12-31": "720.35280", "2018-12-31": "614.03700", "2017-12-31": "598.04410", "2016-12-31": "572.44710", "2015-12-31": "550.27510", "2014-12-31": "472.03900", "2013-12-31": "459.46600", "2012-12-31": "399.85400", "2011-12-31": "351.79990", "2010-12-31": "344.65000", "2009-12-31": "332.45010", "2008-12-31": "347.10500", "2007-12-31": "378.52800", "2006-12-31": "341.20510", "2005-12-31": "301.90500"}, "EBIT": {"2020-12-31": "683.09990", "2019-12-31": "589.58880", "2018-12-31": "503.04210", "2017-12-31": "488.03810", "2016-12-31": "462.98010", "2015-12-31": "441.80710", "2014-12-31": "368.15700", "2013-12-31": "374.04900", "2012-12-31": "320.90800", "2011-12-31": "284.65290", "2010-12-31": "280.56900", "2009-12-31": "269.35310", "2008-12-31": "287.18800", "2007-12-31": "325.32900", "2006-12-31": "293.39810", "2005-12-31": "258.59900"}, "Basic Shares Outstanding": {"2020-12-31": "274.33400", "2019-12-31": "272.47100", "2018-12-31": "270.97100", "2017-12-31": "272.58000", "2016-12-31": "272.27800", "2015-12-31": "275.62000", "2014-12-31": "281.88800", "2013-12-31": "282.06600", "2012-12-31": "278.72800", "2011-12-31": "277.16400", "2010-12-31": "275.84800", "2009-12-31": "274.34600", "2008-12-31": "272.63800", "2007-12-31": "271.15200", "2006-12-31": "279.26800", "2005-12-31": "277.12600"}, "Shares Outstanding": {"2020-12-31": "275.86700", "2019-12-31": "274.61600", "2018-12-31": "275.52100", "2017-12-31": "277.58600", "2016-12-31": "275.60800", "2015-12-31": "280.22400", "2014-12-31": "285.78200", "2013-12-31": "285.24800", "2012-12-31": "284.02000", "2011-12-31": "280.52800", "2010-12-31": "278.63600", "2009-12-31": "275.01400", "2008-12-31": "273.76800", "2007-12-31": "272.71400", "2006-12-31": "282.04000", "2005-12-31": "279.55200"}, "Basic EPS": {"2020-12-31": "1.70000", "2019-12-31": "1.42000", "2018-12-31": "1.24000", "2017-12-31": "1.43000", "2016-12-31": "0.92000", "2015-12-31": "0.86000", "2014-12-31": "0.71500", "2013-12-31": "0.75000", "2012-12-31": "0.64000", "2011-12-31": "0.57500", "2010-12-31": "0.57000", "2009-12-31": "0.54000", "2008-12-31": "0.59000", "2007-12-31": "0.68000", "2006-12-31": "0.61500", "2005-12-31": "0.54500"}, "EPS - Earnings Per Share": {"2020-12-31": "1.69000", "2019-12-31": "1.40000", "2018-12-31": "1.22000", "2017-12-31": "1.40000", "2016-12-31": "0.91000", "2015-12-31": "0.85000", "2014-12-31": "0.70500", "2013-12-31": "0.74000", "2012-12-31": "0.63000", "2011-12-31": "0.56500", "2010-12-31": "0.56000", "2009-12-31": "0.54000", "2008-12-31": "0.58500", "2007-12-31": "0.67500", "2006-12-31": "0.61000", "2005-12-31": "0.54000"}}, "income statement, quarterly": {"Revenue": {"2020-12-31": "642.10000", "2020-09-30": "673.96200", "2020-06-30": "598.80600", "2020-03-31": "698.49500", "2019-12-31": "578.98890", "2019-09-30": "618.68300", "2019-06-30": "575.21900", "2019-03-31": "619.28000", "2018-12-31": "508.74800", "2018-09-30": "530.85000", "2018-06-30": "473.18700", "2018-03-31": "501.46100", "2017-12-31": "474.31610", "2017-09-30": "475.64600", "2017-06-30": "466.30500", "2017-03-31": "465.08000", "2016-12-31": "433.66400", "2016-09-30": "462.27400", "2016-06-30": "446.51800", "2016-03-31": "424.17300", "2015-12-31": "404.59700", "2015-09-30": "432.16700", "2015-06-30": "419.44700", "2015-03-31": "404.29800", "2014-12-31": "393.02000", "2014-09-30": "421.41800", "2014-06-30": "397.76400", "2014-03-31": "363.59400", "2013-12-31": "343.16510", "2013-09-30": "359.31000", "2013-06-30": "325.79200", "2013-03-31": "335.01200", "2012-12-31": "302.83000", "2012-09-30": "303.80000", "2012-06-30": "290.91600", "2012-03-31": "302.48600", "2011-12-31": "244.09700", "2011-09-30": "260.40100", "2011-06-30": "246.81600", "2011-03-31": "262.22800", "2010-12-31": "229.93800", "2010-09-30": "247.61600", "2010-06-30": "243.66500", "2010-03-31": "252.27300", "2009-12-31": "214.16200", "2009-09-30": "243.76600", "2009-06-30": "246.36900", "2009-03-31": "263.58000", "2008-12-31": "232.09000", "2008-09-30": "247.02900", "2008-06-30": "241.72000", "2008-03-31": "256.71500", "2007-12-31": "217.22600", "2007-09-30": "237.28400", "2007-06-30": "246.64400", "2007-03-31": "258.51300", "2006-12-31": "214.65010", "2006-09-30": "211.96500", "2006-06-30": "220.80700", "2006-03-31": "230.58200", "2005-12-31": "196.85700", "2005-09-30": "190.64500", "2005-06-30": "195.93100", "2005-03-31": "202.37400"}, "Cost Of Goods Sold": {"2020-12-31": "377.40000", "2020-09-30": "362.76700", "2020-06-30": "346.51500", "2020-03-31": "349.62400", "2019-12-31": "334.59810", "2019-09-30": "331.12000", "2019-06-30": "309.61000", "2019-03-31": "332.83700", "2018-12-31": "278.01190", "2018-09-30": "268.04500", "2018-06-30": "251.95800", "2018-03-31": "270.89900", "2017-12-31": "258.20700", "2017-09-30": "246.06200", "2017-06-30": "244.51700", "2017-03-31": "245.86600", "2016-12-31": "232.40300", "2016-09-30": "237.65300", "2016-06-30": "231.10200", "2016-03-31": "224.05900", "2015-12-31": "211.53300", "2015-09-30": "216.15600", "2015-06-30": "217.60100", "2015-03-31": "211.66200", "2014-12-31": "227.47900", "2014-09-30": "203.12600", "2014-06-30": "196.39700", "2014-03-31": "184.11000", "2013-12-31": "179.46000", "2013-09-30": "180.52800", "2013-06-30": "163.51400", "2013-03-31": "159.49800", "2012-12-31": "158.46700", "2012-09-30": "149.69100", "2012-06-30": "150.75200", "2012-03-31": "149.59600", "2011-12-31": "129.38900", "2011-09-30": "126.87700", "2011-06-30": "125.85200", "2011-03-31": "126.55700", "2010-12-31": "122.26400", "2010-09-30": "122.00100", "2010-06-30": "121.37200", "2010-03-31": "122.18300", "2009-12-31": "115.10700", "2009-09-30": "119.60700", "2009-06-30": "122.62500", "2009-03-31": "127.34100", "2008-12-31": "121.91000", "2008-09-30": "122.17200", "2008-06-30": "120.51400", "2008-03-31": "121.18700", "2007-12-31": "110.16400", "2007-09-30": "110.49100", "2007-06-30": "112.63600", "2007-03-31": "110.81000", "2006-12-31": "100.16000", "2006-09-30": "100.82100", "2006-06-30": "103.18000", "2006-03-31": "100.73000", "2005-12-31": "96.45000", "2005-09-30": "94.00900", "2005-06-30": "94.10000", "2005-03-31": "90.38400"}, "Gross Profit": {"2020-12-31": "264.70000", "2020-09-30": "311.19500", "2020-06-30": "252.29100", "2020-03-31": "348.87100", "2019-12-31": "244.39080", "2019-09-30": "287.56300", "2019-06-30": "265.60900", "2019-03-31": "286.44300", "2018-12-31": "230.73610", "2018-09-30": "262.80500", "2018-06-30": "221.22900", "2018-03-31": "230.56200", "2017-12-31": "216.10910", "2017-09-30": "229.58400", "2017-06-30": "221.78800", "2017-03-31": "219.21400", "2016-12-31": "201.26100", "2016-09-30": "224.62100", "2016-06-30": "215.41600", "2016-03-31": "200.11400", "2015-12-31": "193.06400", "2015-09-30": "216.01100", "2015-06-30": "201.84600", "2015-03-31": "192.63600", "2014-12-31": "165.54110", "2014-09-30": "218.29200", "2014-06-30": "201.36700", "2014-03-31": "179.48400", "2013-12-31": "163.70510", "2013-09-30": "178.78200", "2013-06-30": "162.27800", "2013-03-31": "175.51400", "2012-12-31": "144.36310", "2012-09-30": "154.10900", "2012-06-30": "140.16400", "2012-03-31": "152.89000", "2011-12-31": "114.70800", "2011-09-30": "133.52400", "2011-06-30": "120.96400", "2011-03-31": "135.67100", "2010-12-31": "107.67400", "2010-09-30": "125.61500", "2010-06-30": "122.29300", "2010-03-31": "130.09000", "2009-12-31": "99.05500", "2009-09-30": "124.15900", "2009-06-30": "123.74400", "2009-03-31": "136.23900", "2008-12-31": "110.18000", "2008-09-30": "124.85700", "2008-06-30": "121.20600", "2008-03-31": "135.52800", "2007-12-31": "107.06200", "2007-09-30": "126.79300", "2007-06-30": "134.00800", "2007-03-31": "147.70300", "2006-12-31": "114.49000", "2006-09-30": "111.14400", "2006-06-30": "117.62700", "2006-03-31": "129.85200", "2005-12-31": "100.40700", "2005-09-30": "96.63600", "2005-06-30": "101.83100", "2005-03-31": "111.99000"}, "Research And Development Expenses": {"2020-12-31": "", "2020-09-30": "", "2020-06-30": "", "2020-03-31": "", "2019-12-31": "", "2019-09-30": "", "2019-06-30": "", "2019-03-31": "", "2018-12-31": "", "2018-09-30": "", "2018-06-30": "", "2018-03-31": "", "2017-12-31": "", "2017-09-30": "", "2017-06-30": "", "2017-03-31": "", "2016-12-31": "", "2016-09-30": "", "2016-06-30": "", "2016-03-31": "", "2015-12-31": "", "2015-09-30": "", "2015-06-30": "", "2015-03-31": "", "2014-12-31": "", "2014-09-30": "", "2014-06-30": "", "2014-03-31": "", "2013-12-31": "", "2013-09-30": "", "2013-06-30": "", "2013-03-31": "", "2012-12-31": "", "2012-09-30": "", "2012-06-30": "", "2012-03-31": "", "2011-12-31": "", "2011-09-30": "", "2011-06-30": "", "2011-03-31": "", "2010-12-31": "", "2010-09-30": "", "2010-06-30": "", "2010-03-31": "", "2009-12-31": "", "2009-09-30": "", "2009-06-30": "", "2009-03-31": "", "2008-12-31": "", "2008-09-30": "", "2008-06-30": "", "2008-03-31": "", "2007-12-31": "", "2007-09-30": "", "2007-06-30": "", "2007-03-31": "", "2006-12-31": "", "2006-09-30": "", "2006-06-30": "", "2006-03-31": "", "2005-12-31": "", "2005-09-30": "", "2005-06-30": "", "2005-03-31": ""}, "SG&A Expenses": {"2020-12-31": "", "2020-09-30": "", "2020-06-30": "", "2020-03-31": "", "2019-12-31": "", "2019-09-30": "", "2019-06-30": "", "2019-03-31": "", "2018-12-31": "", "2018-09-30": "", "2018-06-30": "", "2018-03-31": "", "2017-12-31": "", "2017-09-30": "", "2017-06-30": "", "2017-03-31": "", "2016-12-31": "", "2016-09-30": "", "2016-06-30": "", "2016-03-31": "", "2015-12-31": "", "2015-09-30": "", "2015-06-30": "", "2015-03-31": "", "2014-12-31": "", "2014-09-30": "5.64000", "2014-06-30": "5.99400", "2014-03-31": "7.51500", "2013-12-31": "7.69900", "2013-09-30": "7.43100", "2013-06-30": "3.62300", "2013-03-31": "3.85000", "2012-12-31": "4.47200", "2012-09-30": "3.90800", "2012-06-30": "3.73800", "2012-03-31": "3.74700", "2011-12-31": "2.85600", "2011-09-30": "2.85600", "2011-06-30": "2.70900", "2011-03-31": "2.77300", "2010-12-31": "1.61500", "2010-09-30": "1.49500", "2010-06-30": "1.78000", "2010-03-31": "1.95500", "2009-12-31": "2.11500", "2009-09-30": "1.73200", "2009-06-30": "1.69500", "2009-03-31": "1.81600", "2008-12-31": "1.75100", "2008-09-30": "1.81900", "2008-06-30": "1.80000", "2008-03-31": "1.94400", "2007-12-31": "1.34000", "2007-09-30": "1.49100", "2007-06-30": "1.33400", "2007-03-31": "1.50200", "2006-12-31": "0.81500", "2006-09-30": "0.83700", "2006-06-30": "1.43400", "2006-03-31": "2.33000", "2005-12-31": "0.97700", "2005-09-30": "0.68100", "2005-06-30": "0.78800", "2005-03-31": "0.89100"}, "Other Operating Income Or Expenses": {"2020-12-31": "-81.30000", "2020-09-30": "-105.72700", "2020-06-30": "-76.17200", "2020-03-31": "-95.91500", "2019-12-31": "-93.70600", "2019-09-30": "-87.32400", "2019-06-30": "-94.17400", "2019-03-31": "-90.49800", "2018-12-31": "-88.22400", "2018-09-30": "-84.44600", "2018-06-30": "-83.88300", "2018-03-31": "-76.35900", "2017-12-31": "-73.90800", "2017-09-30": "-68.84800", "2017-06-30": "-76.91000", "2017-03-31": "-70.84700", "2016-12-31": "-69.72200", "2016-09-30": "-70.76600", "2016-06-30": "-69.53800", "2016-03-31": "-60.74000", "2015-12-31": "-60.91300", "2015-09-30": "-65.92600", "2015-06-30": "-64.40100", "2015-03-31": "-62.19900", "2014-12-31": "-108.19400", "2014-09-30": "-65.23000", "2014-06-30": "-60.72300", "2014-03-31": "-58.54400", "2013-12-31": "-52.85900", "2013-09-30": "-49.43700", "2013-06-30": "-48.05300", "2013-03-31": "-47.86100", "2012-12-31": "-46.54700", "2012-09-30": "-44.63200", "2012-06-30": "-41.61600", "2012-03-31": "-43.01200", "2011-12-31": "-31.72800", "2011-09-30": "-37.62400", "2011-06-30": "-36.54400", "2011-03-31": "-35.97700", "2010-12-31": "-33.95700", "2010-09-30": "-31.49400", "2010-06-30": "-33.08900", "2010-03-31": "-35.63700", "2009-12-31": "-36.38200", "2009-09-30": "-35.52300", "2009-06-30": "-35.62000", "2009-03-31": "-35.86400", "2008-12-31": "-35.35900", "2008-09-30": "-36.40500", "2008-06-30": "-34.38400", "2008-03-31": "-31.20400", "2007-12-31": "-34.96200", "2007-09-30": "-32.92800", "2007-06-30": "-31.55800", "2007-03-31": "-31.92300", "2006-12-31": "-35.88700", "2006-09-30": "-29.50200", "2006-06-30": "-30.13400", "2006-03-31": "-30.96900", "2005-12-31": "-26.86200", "2005-09-30": "-25.63800", "2005-06-30": "-25.98000", "2005-03-31": "-27.14200"}, "Operating Expenses": {"2020-12-31": "511.20000", "2020-09-30": "515.43400", "2020-06-30": "469.40500", "2020-03-31": "493.24200", "2019-12-31": "476.94010", "2019-09-30": "466.84500", "2019-06-30": "451.69700", "2019-03-31": "470.76000", "2018-12-31": "408.13690", "2018-09-30": "388.35000", "2018-06-30": "372.27700", "2018-03-31": "383.02000", "2017-12-31": "367.98200", "2017-09-30": "351.22700", "2017-06-30": "358.30300", "2017-03-31": "354.11300", "2016-12-31": "338.76280", "2016-09-30": "345.30200", "2016-06-30": "337.44100", "2016-03-31": "321.62400", "2015-12-31": "309.55990", "2015-09-30": "319.33700", "2015-06-30": "318.53300", "2015-03-31": "310.52000", "2014-12-31": "354.57390", "2014-09-30": "308.73300", "2014-06-30": "295.98300", "2014-03-31": "276.75700", "2013-12-31": "266.72310", "2013-09-30": "263.85500", "2013-06-30": "239.57100", "2013-03-31": "235.52100", "2012-12-31": "233.60300", "2012-09-30": "222.15100", "2012-06-30": "219.77100", "2012-03-31": "219.69600", "2011-12-31": "184.40610", "2011-09-30": "187.70900", "2011-06-30": "185.34800", "2011-03-31": "185.55800", "2010-12-31": "177.97100", "2010-09-30": "174.58200", "2010-06-30": "175.65200", "2010-03-31": "179.18900", "2009-12-31": "173.08490", "2009-09-30": "176.27500", "2009-06-30": "179.39000", "2009-03-31": "184.37300", "2008-12-31": "177.86400", "2008-09-30": "179.93500", "2008-06-30": "175.12600", "2008-03-31": "172.13100", "2007-12-31": "163.73200", "2007-09-30": "161.84900", "2007-06-30": "162.14800", "2007-03-31": "160.41100", "2006-12-31": "152.57700", "2006-09-30": "146.40000", "2006-06-30": "149.84000", "2006-03-31": "149.14600", "2005-12-31": "139.39700", "2005-09-30": "134.95600", "2005-06-30": "135.46300", "2005-03-31": "131.86100"}, "Operating Income": {"2020-12-31": "130.90000", "2020-09-30": "158.52800", "2020-06-30": "129.40100", "2020-03-31": "205.25300", "2019-12-31": "102.04880", "2019-09-30": "151.83800", "2019-06-30": "123.52200", "2019-03-31": "148.52010", "2018-12-31": "100.61110", "2018-09-30": "142.49990", "2018-06-30": "100.91000", "2018-03-31": "118.44100", "2017-12-31": "106.33410", "2017-09-30": "124.41900", "2017-06-30": "108.00200", "2017-03-31": "110.96700", "2016-12-31": "94.90110", "2016-09-30": "116.97200", "2016-06-30": "109.07700", "2016-03-31": "102.54900", "2015-12-31": "95.03710", "2015-09-30": "112.83000", "2015-06-30": "100.91400", "2015-03-31": "93.77800", "2014-12-31": "38.44610", "2014-09-30": "112.68500", "2014-06-30": "101.78100", "2014-03-31": "86.83700", "2013-12-31": "76.44200", "2013-09-30": "95.45500", "2013-06-30": "86.22100", "2013-03-31": "99.49100", "2012-12-31": "69.22710", "2012-09-30": "81.64900", "2012-06-30": "71.14500", "2012-03-31": "82.79000", "2011-12-31": "59.69090", "2011-09-30": "72.69200", "2011-06-30": "61.46800", "2011-03-31": "76.67000", "2010-12-31": "51.96700", "2010-09-30": "73.03400", "2010-06-30": "68.01300", "2010-03-31": "73.08400", "2009-12-31": "41.07710", "2009-09-30": "67.49100", "2009-06-30": "66.97900", "2009-03-31": "79.20700", "2008-12-31": "54.22600", "2008-09-30": "67.09400", "2008-06-30": "66.59400", "2008-03-31": "84.58400", "2007-12-31": "53.49400", "2007-09-30": "75.43500", "2007-06-30": "84.49600", "2007-03-31": "98.10200", "2006-12-31": "62.07310", "2006-09-30": "65.56500", "2006-06-30": "70.96700", "2006-03-31": "81.43600", "2005-12-31": "57.46000", "2005-09-30": "55.68900", "2005-06-30": "60.46800", "2005-03-31": "70.51300"}, "Total Non-Operating Income/Expense": {"2020-12-31": "", "2020-09-30": "", "2020-06-30": "", "2020-03-31": "", "2019-12-31": "", "2019-09-30": "", "2019-06-30": "", "2019-03-31": "", "2018-12-31": "", "2018-09-30": "", "2018-06-30": "", "2018-03-31": "", "2017-12-31": "", "2017-09-30": "", "2017-06-30": "", "2017-03-31": "", "2016-12-31": "", "2016-09-30": "", "2016-06-30": "", "2016-03-31": "", "2015-12-31": "", "2015-09-30": "", "2015-06-30": "", "2015-03-31": "", "2014-12-31": "", "2014-09-30": "", "2014-06-30": "", "2014-03-31": "", "2013-12-31": "", "2013-09-30": "", "2013-06-30": "", "2013-03-31": "", "2012-12-31": "", "2012-09-30": "", "2012-06-30": "", "2012-03-31": "", "2011-12-31": "", "2011-09-30": "", "2011-06-30": "", "2011-03-31": "", "2010-12-31": "", "2010-09-30": "", "2010-06-30": "", "2010-03-31": "", "2009-12-31": "", "2009-09-30": "", "2009-06-30": "", "2009-03-31": "", "2008-12-31": "", "2008-09-30": "", "2008-06-30": "", "2008-03-31": "", "2007-12-31": "", "2007-09-30": "", "2007-06-30": "", "2007-03-31": "", "2006-12-31": "", "2006-09-30": "", "2006-06-30": "", "2006-03-31": "", "2005-12-31": "", "2005-09-30": "", "2005-06-30": "", "2005-03-31": ""}, "Pre-Tax Income": {"2020-12-31": "130.90000", "2020-09-30": "158.52800", "2020-06-30": "129.40100", "2020-03-31": "205.25300", "2019-12-31": "102.04900", "2019-09-30": "151.83800", "2019-06-30": "123.52200", "2019-03-31": "148.52000", "2018-12-31": "100.61100", "2018-09-30": "142.50000", "2018-06-30": "100.91000", "2018-03-31": "118.44100", "2017-12-31": "106.33400", "2017-09-30": "124.41900", "2017-06-30": "108.00200", "2017-03-31": "110.96700", "2016-12-31": "94.90100", "2016-09-30": "116.97200", "2016-06-30": "109.07700", "2016-03-31": "102.54900", "2015-12-31": "95.03700", "2015-09-30": "112.83000", "2015-06-30": "100.91400", "2015-03-31": "93.77800", "2014-12-31": "38.44600", "2014-09-30": "112.68500", "2014-06-30": "101.78100", "2014-03-31": "86.83700", "2013-12-31": "76.44200", "2013-09-30": "95.45500", "2013-06-30": "86.22100", "2013-03-31": "99.49100", "2012-12-31": "69.22700", "2012-09-30": "81.64900", "2012-06-30": "71.14500", "2012-03-31": "82.79000", "2011-12-31": "59.69100", "2011-09-30": "72.69200", "2011-06-30": "61.46800", "2011-03-31": "76.67000", "2010-12-31": "51.96700", "2010-09-30": "73.03400", "2010-06-30": "68.01300", "2010-03-31": "73.08400", "2009-12-31": "41.07700", "2009-09-30": "67.49100", "2009-06-30": "66.97900", "2009-03-31": "79.20700", "2008-12-31": "54.22600", "2008-09-30": "67.09400", "2008-06-30": "66.59400", "2008-03-31": "84.58400", "2007-12-31": "53.49400", "2007-09-30": "75.43500", "2007-06-30": "84.49600", "2007-03-31": "98.10200", "2006-12-31": "62.07300", "2006-09-30": "65.56500", "2006-06-30": "70.96700", "2006-03-31": "81.43600", "2005-12-31": "57.46000", "2005-09-30": "55.68900", "2005-06-30": "60.46800", "2005-03-31": "70.51300"}, "Income Taxes": {"2020-12-31": "33.60000", "2020-09-30": "24.54900", "2020-06-30": "32.61700", "2020-03-31": "52.85300", "2019-12-31": "25.53000", "2019-09-30": "36.33200", "2019-06-30": "30.92900", "2019-03-31": "34.62400", "2018-12-31": "27.15900", "2018-09-30": "36.44700", "2018-06-30": "26.98800", "2018-03-31": "27.61300", "2017-12-31": "-81.17100", "2017-09-30": "48.50600", "2017-06-30": "41.90000", "2017-03-31": "40.85700", "2016-12-31": "37.27500", "2016-09-30": "45.42700", "2016-06-30": "42.82700", "2016-03-31": "40.47900", "2015-12-31": "37.10200", "2015-09-30": "45.40300", "2015-06-30": "39.90900", "2015-03-31": "36.82700", "2014-12-31": "14.05100", "2014-09-30": "44.35400", "2014-06-30": "40.02600", "2014-03-31": "34.42200", "2013-12-31": "29.21700", "2013-09-30": "37.70600", "2013-06-30": "34.21400", "2013-03-31": "39.36000", "2012-12-31": "26.59000", "2012-09-30": "32.14500", "2012-06-30": "28.67400", "2012-03-31": "33.35700", "2011-12-31": "23.19700", "2011-09-30": "28.51900", "2011-06-30": "24.43300", "2011-03-31": "30.37700", "2010-12-31": "19.82100", "2010-09-30": "28.74100", "2010-06-30": "26.82800", "2010-03-31": "28.95600", "2009-12-31": "17.42400", "2009-09-30": "26.53000", "2009-06-30": "26.31100", "2009-03-31": "31.19500", "2008-12-31": "20.85300", "2008-09-30": "26.50100", "2008-06-30": "26.19600", "2008-03-31": "32.82400", "2007-12-31": "20.49000", "2007-09-30": "29.21900", "2007-06-30": "32.48400", "2007-03-31": "38.37500", "2006-12-31": "24.45000", "2006-09-30": "25.29500", "2006-06-30": "26.53600", "2006-03-31": "31.41000", "2005-12-31": "21.74300", "2005-09-30": "20.90600", "2005-06-30": "23.43500", "2005-03-31": "27.49500"}, "Income After Taxes": {"2020-12-31": "97.30000", "2020-09-30": "133.97900", "2020-06-30": "96.78400", "2020-03-31": "152.40000", "2019-12-31": "76.51900", "2019-09-30": "115.50600", "2019-06-30": "92.59300", "2019-03-31": "113.89600", "2018-12-31": "73.45200", "2018-09-30": "106.05300", "2018-06-30": "73.92200", "2018-03-31": "90.82800", "2017-12-31": "187.50500", "2017-09-30": "75.91300", "2017-06-30": "66.10200", "2017-03-31": "70.11000", "2016-12-31": "57.62600", "2016-09-30": "71.54500", "2016-06-30": "66.25000", "2016-03-31": "62.07000", "2015-12-31": "57.93500", "2015-09-30": "67.42700", "2015-06-30": "61.00500", "2015-03-31": "56.95100", "2014-12-31": "24.39500", "2014-09-30": "68.33100", "2014-06-30": "61.75500", "2014-03-31": "52.41500", "2013-12-31": "47.22500", "2013-09-30": "57.74900", "2013-06-30": "52.00700", "2013-03-31": "60.13100", "2012-12-31": "42.63700", "2012-09-30": "49.50400", "2012-06-30": "42.47100", "2012-03-31": "49.43300", "2011-12-31": "36.49400", "2011-09-30": "44.17300", "2011-06-30": "37.03500", "2011-03-31": "46.29300", "2010-12-31": "32.14600", "2010-09-30": "44.29300", "2010-06-30": "41.18500", "2010-03-31": "44.12800", "2009-12-31": "23.65300", "2009-09-30": "40.96100", "2009-06-30": "40.66800", "2009-03-31": "48.01200", "2008-12-31": "33.37300", "2008-09-30": "40.59300", "2008-06-30": "40.39800", "2008-03-31": "51.76000", "2007-12-31": "33.00400", "2007-09-30": "46.21600", "2007-06-30": "52.01200", "2007-03-31": "59.72700", "2006-12-31": "37.62300", "2006-09-30": "40.27000", "2006-06-30": "44.43100", "2006-03-31": "50.02600", "2005-12-31": "35.71700", "2005-09-30": "34.78300", "2005-06-30": "37.03300", "2005-03-31": "43.01800"}, "Other Income": {"2020-12-31": "", "2020-09-30": "", "2020-06-30": "", "2020-03-31": "", "2019-12-31": "", "2019-09-30": "", "2019-06-30": "", "2019-03-31": "", "2018-12-31": "", "2018-09-30": "", "2018-06-30": "", "2018-03-31": "", "2017-12-31": "", "2017-09-30": "", "2017-06-30": "", "2017-03-31": "", "2016-12-31": "", "2016-09-30": "", "2016-06-30": "", "2016-03-31": "", "2015-12-31": "", "2015-09-30": "", "2015-06-30": "", "2015-03-31": "", "2014-12-31": "", "2014-09-30": "", "2014-06-30": "", "2014-03-31": "", "2013-12-31": "", "2013-09-30": "", "2013-06-30": "", "2013-03-31": "", "2012-12-31": "", "2012-09-30": "", "2012-06-30": "", "2012-03-31": "", "2011-12-31": "", "2011-09-30": "", "2011-06-30": "", "2011-03-31": "", "2010-12-31": "", "2010-09-30": "", "2010-06-30": "", "2010-03-31": "", "2009-12-31": "", "2009-09-30": "", "2009-06-30": "", "2009-03-31": "", "2008-12-31": "", "2008-09-30": "", "2008-06-30": "", "2008-03-31": "", "2007-12-31": "", "2007-09-30": "", "2007-06-30": "", "2007-03-31": "", "2006-12-31": "", "2006-09-30": "", "2006-06-30": "", "2006-03-31": "", "2005-12-31": "", "2005-09-30": "", "2005-06-30": "", "2005-03-31": ""}, "Income From Continuous Operations": {"2020-12-31": "97.30000", "2020-09-30": "133.97900", "2020-06-30": "96.78400", "2020-03-31": "152.40000", "2019-12-31": "76.51900", "2019-09-30": "115.50600", "2019-06-30": "92.59300", "2019-03-31": "113.89600", "2018-12-31": "73.45200", "2018-09-30": "106.05300", "2018-06-30": "73.92200", "2018-03-31": "90.82800", "2017-12-31": "187.50500", "2017-09-30": "75.91300", "2017-06-30": "66.10200", "2017-03-31": "70.11000", "2016-12-31": "57.62600", "2016-09-30": "71.54500", "2016-06-30": "66.25000", "2016-03-31": "62.07000", "2015-12-31": "57.93500", "2015-09-30": "67.42700", "2015-06-30": "61.00500", "2015-03-31": "56.95100", "2014-12-31": "24.39500", "2014-09-30": "68.33100", "2014-06-30": "61.75500", "2014-03-31": "52.41500", "2013-12-31": "47.22500", "2013-09-30": "57.74900", "2013-06-30": "52.00700", "2013-03-31": "60.13100", "2012-12-31": "42.63700", "2012-09-30": "49.50400", "2012-06-30": "42.47100", "2012-03-31": "49.43300", "2011-12-31": "36.49400", "2011-09-30": "44.17300", "2011-06-30": "37.03500", "2011-03-31": "46.29300", "2010-12-31": "32.14600", "2010-09-30": "44.29300", "2010-06-30": "41.18500", "2010-03-31": "44.12800", "2009-12-31": "23.65300", "2009-09-30": "40.96100", "2009-06-30": "40.66800", "2009-03-31": "48.01200", "2008-12-31": "33.37300", "2008-09-30": "40.59300", "2008-06-30": "40.39800", "2008-03-31": "51.76000", "2007-12-31": "33.00400", "2007-09-30": "46.21600", "2007-06-30": "52.01200", "2007-03-31": "59.72700", "2006-12-31": "37.62300", "2006-09-30": "40.27000", "2006-06-30": "44.43100", "2006-03-31": "50.02600", "2005-12-31": "35.71700", "2005-09-30": "34.78300", "2005-06-30": "37.03300", "2005-03-31": "43.01800"}, "Income From Discontinued Operations": {"2020-12-31": "", "2020-09-30": "", "2020-06-30": "", "2020-03-31": "", "2019-12-31": "", "2019-09-30": "", "2019-06-30": "", "2019-03-31": "", "2018-12-31": "", "2018-09-30": "", "2018-06-30": "", "2018-03-31": "", "2017-12-31": "", "2017-09-30": "", "2017-06-30": "", "2017-03-31": "", "2016-12-31": "", "2016-09-30": "", "2016-06-30": "", "2016-03-31": "", "2015-12-31": "", "2015-09-30": "", "2015-06-30": "", "2015-03-31": "", "2014-12-31": "", "2014-09-30": "", "2014-06-30": "", "2014-03-31": "", "2013-12-31": "", "2013-09-30": "", "2013-06-30": "", "2013-03-31": "", "2012-12-31": "", "2012-09-30": "", "2012-06-30": "", "2012-03-31": "", "2011-12-31": "", "2011-09-30": "", "2011-06-30": "", "2011-03-31": "", "2010-12-31": "", "2010-09-30": "", "2010-06-30": "", "2010-03-31": "", "2009-12-31": "", "2009-09-30": "", "2009-06-30": "", "2009-03-31": "", "2008-12-31": "", "2008-09-30": "", "2008-06-30": "", "2008-03-31": "", "2007-12-31": "", "2007-09-30": "", "2007-06-30": "", "2007-03-31": "", "2006-12-31": "", "2006-09-30": "", "2006-06-30": "", "2006-03-31": "", "2005-12-31": "", "2005-09-30": "", "2005-06-30": "", "2005-03-31": ""}, "Net Income": {"2020-12-31": "97.30000", "2020-09-30": "130.23900", "2020-06-30": "93.20400", "2020-03-31": "147.20800", "2019-12-31": "73.63900", "2019-09-30": "111.73400", "2019-06-30": "89.57300", "2019-03-31": "110.69500", "2018-12-31": "71.39100", "2018-09-30": "103.33700", "2018-06-30": "72.30400", "2018-03-31": "88.92600", "2017-12-31": "182.93900", "2017-09-30": "74.06100", "2017-06-30": "64.46000", "2017-03-31": "68.42400", "2016-12-31": "56.14100", "2016-09-30": "69.67200", "2016-06-30": "64.35400", "2016-03-31": "60.61900", "2015-12-31": "56.60700", "2015-09-30": "65.86200", "2015-06-30": "59.56600", "2015-03-31": "55.58800", "2014-12-31": "23.79700", "2014-09-30": "66.65000", "2014-06-30": "60.22400", "2014-03-31": "51.03900", "2013-12-31": "45.87000", "2013-09-30": "56.12300", "2013-06-30": "50.85000", "2013-03-31": "58.82300", "2012-12-31": "41.49900", "2012-09-30": "48.07600", "2012-06-30": "41.22300", "2012-03-31": "47.93400", "2011-12-31": "35.34600", "2011-09-30": "42.77800", "2011-06-30": "35.87000", "2011-03-31": "44.90200", "2010-12-31": "31.09900", "2010-09-30": "42.93200", "2010-06-30": "39.89000", "2010-03-31": "42.73400", "2009-12-31": "22.91100", "2009-09-30": "39.65100", "2009-06-30": "39.35100", "2009-03-31": "46.44400", "2008-12-31": "29.20900", "2008-09-30": "39.25100", "2008-06-30": "40.39800", "2008-03-31": "51.76000", "2007-12-31": "26.34300", "2007-09-30": "46.21600", "2007-06-30": "52.01200", "2007-03-31": "59.72700", "2006-12-31": "37.62300", "2006-09-30": "40.27000", "2006-06-30": "44.43100", "2006-03-31": "50.02600", "2005-12-31": "35.71700", "2005-09-30": "34.78300", "2005-06-30": "37.03300", "2005-03-31": "43.01800"}, "EBITDA": {"2020-12-31": "", "2020-09-30": "206.03200", "2020-06-30": "176.68000", "2020-03-31": "253.47500", "2019-12-31": "151.22380", "2019-09-30": "200.77300", "2019-06-30": "171.96200", "2019-03-31": "196.39400", "2018-12-31": "142.91310", "2018-09-30": "178.75490", "2018-06-30": "137.75600", "2018-03-31": "154.61300", "2017-12-31": "142.61510", "2017-09-30": "161.14900", "2017-06-30": "145.48300", "2017-03-31": "148.79700", "2016-12-31": "131.97910", "2016-09-30": "154.28300", "2016-06-30": "146.33400", "2016-03-31": "139.85100", "2015-12-31": "132.19010", "2015-09-30": "149.32000", "2015-06-30": "137.89900", "2015-03-31": "130.86600", "2014-12-31": "76.54210", "2014-09-30": "147.42200", "2014-06-30": "134.65000", "2014-03-31": "113.42500", "2013-12-31": "103.14700", "2013-09-30": "121.91400", "2013-06-30": "110.60200", "2013-03-31": "123.80300", "2012-12-31": "93.34410", "2012-09-30": "105.56900", "2012-06-30": "94.81000", "2012-03-31": "106.13100", "2011-12-31": "80.12390", "2011-09-30": "93.04400", "2011-06-30": "81.71100", "2011-03-31": "96.92100", "2010-12-31": "72.10200", "2010-09-30": "92.62600", "2010-06-30": "87.42400", "2010-03-31": "92.49800", "2009-12-31": "60.55810", "2009-09-30": "86.90400", "2009-06-30": "86.42900", "2009-03-31": "98.55900", "2008-12-31": "73.07000", "2008-09-30": "86.63300", "2008-06-30": "85.02200", "2008-03-31": "102.38000", "2007-12-31": "70.76000", "2007-09-30": "92.37400", "2007-06-30": "101.11600", "2007-03-31": "114.27800", "2006-12-31": "77.78810", "2006-09-30": "80.80500", "2006-06-30": "86.05900", "2006-03-31": "96.55300", "2005-12-31": "72.56800", "2005-09-30": "70.31700", "2005-06-30": "75.06300", "2005-03-31": "83.95700"}, "EBIT": {"2020-12-31": "147.60000", "2020-09-30": "171.76190", "2020-06-30": "143.21000", "2020-03-31": "220.54400", "2019-12-31": "117.90380", "2019-09-30": "168.15200", "2019-06-30": "139.81500", "2019-03-31": "163.71800", "2018-12-31": "112.50510", "2018-09-30": "151.46290", "2018-06-30": "110.96200", "2018-03-31": "128.11200", "2017-12-31": "115.70110", "2017-09-30": "133.81200", "2017-06-30": "117.87600", "2017-03-31": "120.64900", "2016-12-31": "104.76510", "2016-09-30": "126.85500", "2016-06-30": "118.91400", "2016-03-31": "112.44600", "2015-12-31": "104.88110", "2015-09-30": "122.71200", "2015-06-30": "110.58500", "2015-03-31": "103.62900", "2014-12-31": "48.48000", "2014-09-30": "119.98300", "2014-06-30": "108.78500", "2014-03-31": "90.90900", "2013-12-31": "80.76600", "2013-09-30": "99.59000", "2013-06-30": "90.21800", "2013-03-31": "103.47500", "2012-12-31": "73.23100", "2012-09-30": "85.65500", "2012-06-30": "75.14500", "2012-03-31": "86.87700", "2011-12-31": "63.04290", "2011-09-30": "76.25700", "2011-06-30": "65.07600", "2011-03-31": "80.27700", "2010-12-31": "55.59100", "2010-09-30": "76.64100", "2010-06-30": "71.64500", "2010-03-31": "76.69200", "2009-12-31": "44.78810", "2009-09-30": "71.11300", "2009-06-30": "70.61100", "2009-03-31": "82.84100", "2008-12-31": "57.87100", "2008-09-30": "70.96100", "2008-06-30": "70.33800", "2008-03-31": "88.01800", "2007-12-31": "56.85100", "2007-09-30": "78.83000", "2007-06-30": "87.91200", "2007-03-31": "101.73600", "2006-12-31": "65.35010", "2006-09-30": "68.79400", "2006-06-30": "74.29600", "2006-03-31": "84.95800", "2005-12-31": "61.03800", "2005-09-30": "59.32700", "2005-06-30": "64.17900", "2005-03-31": "74.05500"}, "Basic Shares Outstanding": {"2020-12-31": "275.91400", "2020-09-30": "275.51500", "2020-06-30": "273.10000", "2020-03-31": "272.77600", "2019-12-31": "272.47100", "2019-09-30": "272.96200", "2019-06-30": "272.56300", "2019-03-31": "272.67900", "2018-12-31": "270.97100", "2018-09-30": "271.00800", "2018-06-30": "270.08100", "2018-03-31": "270.17200", "2017-12-31": "272.58000", "2017-09-30": "272.69200", "2017-06-30": "273.38400", "2017-03-31": "273.48700", "2016-12-31": "272.27800", "2016-09-30": "272.92200", "2016-06-30": "271.98400", "2016-03-31": "271.09600", "2015-12-31": "275.62000", "2015-09-30": "275.36800", "2015-06-30": "275.03600", "2015-03-31": "278.72000", "2014-12-31": "281.88800", "2014-09-30": "281.83000", "2014-06-30": "282.50000", "2014-03-31": "283.22000", "2013-12-31": "282.06600", "2013-09-30": "282.27800", "2013-06-30": "281.67200", "2013-03-31": "281.59200", "2012-12-31": "278.72800", "2012-09-30": "278.93000", "2012-06-30": "278.17200", "2012-03-31": "278.00200", "2011-12-31": "277.16400", "2011-09-30": "277.38000", "2011-06-30": "276.75800", "2011-03-31": "276.70200", "2010-12-31": "275.84800", "2010-09-30": "276.18600", "2010-06-30": "275.37000", "2010-03-31": "275.24600", "2009-12-31": "274.34600", "2009-09-30": "274.55800", "2009-06-30": "273.87800", "2009-03-31": "273.87000", "2008-12-31": "272.63800", "2008-09-30": "272.81800", "2008-06-30": "281.44600", "2008-03-31": "281.40800", "2007-12-31": "271.15200", "2007-09-30": "281.18600", "2007-06-30": "280.76800", "2007-03-31": "280.44200", "2006-12-31": "279.26800", "2006-09-30": "279.33600", "2006-06-30": "279.02200", "2006-03-31": "278.76600", "2005-12-31": "277.12600", "2005-09-30": "276.96800", "2005-06-30": "276.62400", "2005-03-31": "276.64800"}, "Shares Outstanding": {"2020-12-31": "277.39800", "2020-09-30": "276.93300", "2020-06-30": "274.36200", "2020-03-31": "274.86100", "2019-12-31": "274.61600", "2019-09-30": "275.07500", "2019-06-30": "274.40200", "2019-03-31": "275.01400", "2018-12-31": "275.52100", "2018-09-30": "275.28200", "2018-06-30": "275.90800", "2018-03-31": "275.71400", "2017-12-31": "277.58600", "2017-09-30": "277.78600", "2017-06-30": "278.20200", "2017-03-31": "278.05200", "2016-12-31": "275.60800", "2016-09-30": "276.36400", "2016-06-30": "275.16200", "2016-03-31": "273.88000", "2015-12-31": "280.22400", "2015-09-30": "280.08200", "2015-06-30": "279.65600", "2015-03-31": "282.97400", "2014-12-31": "285.78200", "2014-09-30": "285.92800", "2014-06-30": "286.06400", "2014-03-31": "286.61800", "2013-12-31": "285.24800", "2013-09-30": "285.57800", "2013-06-30": "286.04200", "2013-03-31": "285.89400", "2012-12-31": "284.02000", "2012-09-30": "284.19400", "2012-06-30": "283.65600", "2012-03-31": "283.00000", "2011-12-31": "280.52800", "2011-09-30": "280.88600", "2011-06-30": "279.88400", "2011-03-31": "281.29600", "2010-12-31": "278.63600", "2010-09-30": "279.01400", "2010-06-30": "278.21000", "2010-03-31": "275.58200", "2009-12-31": "275.01400", "2009-09-30": "275.34200", "2009-06-30": "274.60800", "2009-03-31": "274.44000", "2008-12-31": "273.76800", "2008-09-30": "273.88200", "2008-06-30": "282.53000", "2008-03-31": "282.65400", "2007-12-31": "272.71400", "2007-09-30": "282.57600", "2007-06-30": "282.24000", "2007-03-31": "282.38800", "2006-12-31": "282.04000", "2006-09-30": "282.05400", "2006-06-30": "282.01200", "2006-03-31": "281.64600", "2005-12-31": "279.55200", "2005-09-30": "279.27600", "2005-06-30": "278.95200", "2005-03-31": "278.84400"}, "Basic EPS": {"2020-12-31": "0.34000", "2020-09-30": "0.47000", "2020-06-30": "0.34000", "2020-03-31": "0.54000", "2019-12-31": "0.27000", "2019-09-30": "0.41000", "2019-06-30": "0.33000", "2019-03-31": "0.41000", "2018-12-31": "0.26000", "2018-09-30": "0.38000", "2018-06-30": "0.27000", "2018-03-31": "0.33000", "2017-12-31": "0.67000", "2017-09-30": "0.27000", "2017-06-30": "0.24000", "2017-03-31": "0.25000", "2016-12-31": "0.20500", "2016-09-30": "0.25500", "2016-06-30": "0.23500", "2016-03-31": "0.22500", "2015-12-31": "0.20500", "2015-09-30": "0.24000", "2015-06-30": "0.21500", "2015-03-31": "0.20000", "2014-12-31": "0.08500", "2014-09-30": "0.23500", "2014-06-30": "0.21500", "2014-03-31": "0.18000", "2013-12-31": "0.16000", "2013-09-30": "0.20000", "2013-06-30": "0.18000", "2013-03-31": "0.21000", "2012-12-31": "0.15000", "2012-09-30": "0.17000", "2012-06-30": "0.15000", "2012-03-31": "0.17000", "2011-12-31": "0.13000", "2011-09-30": "0.15500", "2011-06-30": "0.13000", "2011-03-31": "0.16000", "2010-12-31": "0.11500", "2010-09-30": "0.15500", "2010-06-30": "0.14500", "2010-03-31": "0.15500", "2009-12-31": "0.08000", "2009-09-30": "0.14500", "2009-06-30": "0.14500", "2009-03-31": "0.17000", "2008-12-31": "0.11500", "2008-09-30": "0.14500", "2008-06-30": "0.14500", "2008-03-31": "0.18500", "2007-12-31": "0.11500", "2007-09-30": "0.16500", "2007-06-30": "0.18500", "2007-03-31": "0.21500", "2006-12-31": "0.13000", "2006-09-30": "0.14500", "2006-06-30": "0.16000", "2006-03-31": "0.18000", "2005-12-31": "0.13000", "2005-09-30": "0.12500", "2005-06-30": "0.13500", "2005-03-31": "0.15500"}, "EPS - Earnings Per Share": {"2020-12-31": "0.34000", "2020-09-30": "0.47000", "2020-06-30": "0.34000", "2020-03-31": "0.54000", "2019-12-31": "0.26000", "2019-09-30": "0.41000", "2019-06-30": "0.33000", "2019-03-31": "0.40000", "2018-12-31": "0.26000", "2018-09-30": "0.38000", "2018-06-30": "0.26000", "2018-03-31": "0.32000", "2017-12-31": "0.65000", "2017-09-30": "0.27000", "2017-06-30": "0.23000", "2017-03-31": "0.25000", "2016-12-31": "0.20500", "2016-09-30": "0.25000", "2016-06-30": "0.23500", "2016-03-31": "0.22000", "2015-12-31": "0.20500", "2015-09-30": "0.23500", "2015-06-30": "0.21500", "2015-03-31": "0.19500", "2014-12-31": "0.08000", "2014-09-30": "0.23500", "2014-06-30": "0.21000", "2014-03-31": "0.18000", "2013-12-31": "0.16000", "2013-09-30": "0.19500", "2013-06-30": "0.18000", "2013-03-31": "0.20500", "2012-12-31": "0.14500", "2012-09-30": "0.17000", "2012-06-30": "0.14500", "2012-03-31": "0.17000", "2011-12-31": "0.12500", "2011-09-30": "0.15000", "2011-06-30": "0.13000", "2011-03-31": "0.16000", "2010-12-31": "0.10500", "2010-09-30": "0.15500", "2010-06-30": "0.14500", "2010-03-31": "0.15500", "2009-12-31": "0.08000", "2009-09-30": "0.14500", "2009-06-30": "0.14500", "2009-03-31": "0.17000", "2008-12-31": "0.11000", "2008-09-30": "0.14500", "2008-06-30": "0.14500", "2008-03-31": "0.18500", "2007-12-31": "0.11500", "2007-09-30": "0.16500", "2007-06-30": "0.18500", "2007-03-31": "0.21000", "2006-12-31": "0.12500", "2006-09-30": "0.14500", "2006-06-30": "0.16000", "2006-03-31": "0.18000", "2005-12-31": "0.12500", "2005-09-30": "0.12500", "2005-06-30": "0.13500", "2005-03-31": "0.15500"}}, "balance sheet": {"Cash On Hand": {"2020-12-31": "1271.90000", "2019-12-31": "962.97500", "2018-12-31": "777.59600", "2017-12-31": "824.08800", "2016-12-31": "781.28300", "2015-12-31": "673.17300", "2014-12-31": "729.81700", "2013-12-31": "452.96100", "2012-12-31": "384.38500", "2011-12-31": "416.84000", "2010-12-31": "396.57800", "2009-12-31": "352.37000", "2008-12-31": "223.30700", "2007-12-31": "292.63800", "2006-12-31": "330.67700", "2005-12-31": "330.45200"}, "Receivables": {"2020-12-31": "1142.70000", "2019-12-31": "1001.33900", "2018-12-31": "910.21100", "2017-12-31": "1024.22200", "2016-12-31": "580.56500", "2015-12-31": "465.85300", "2014-12-31": "437.57500", "2013-12-31": "395.91500", "2012-12-31": "302.72500", "2011-12-31": "240.25700", "2010-12-31": "214.44600", "2009-12-31": "209.46200", "2008-12-31": "244.51500", "2007-12-31": "240.68000", "2006-12-31": "282.44000", "2005-12-31": "257.93000"}, "Inventory": {"2020-12-31": "", "2019-12-31": "", "2018-12-31": "", "2017-12-31": "", "2016-12-31": "", "2015-12-31": "", "2014-12-31": "", "2013-12-31": "", "2012-12-31": "", "2011-12-31": "", "2010-12-31": "", "2009-12-31": "", "2008-12-31": "", "2007-12-31": "", "2006-12-31": "", "2005-12-31": ""}, "Pre-Paid Expenses": {"2020-12-31": "", "2019-12-31": "", "2018-12-31": "", "2017-12-31": "", "2016-12-31": "", "2015-12-31": "", "2014-12-31": "", "2013-12-31": "", "2012-12-31": "", "2011-12-31": "", "2010-12-31": "", "2009-12-31": "", "2008-12-31": "", "2007-12-31": "", "2006-12-31": "", "2005-12-31": ""}, "Other Current Assets": {"2020-12-31": "", "2019-12-31": "", "2018-12-31": "", "2017-12-31": "", "2016-12-31": "", "2015-12-31": "", "2014-12-31": "", "2013-12-31": "", "2012-12-31": "", "2011-12-31": "", "2010-12-31": "", "2009-12-31": "", "2008-12-31": "", "2007-12-31": "", "2006-12-31": "", "2005-12-31": ""}, "Total Current Assets": {"2020-12-31": "2414.60000", "2019-12-31": "1964.31400", "2018-12-31": "1687.80700", "2017-12-31": "1848.31000", "2016-12-31": "1361.84800", "2015-12-31": "1139.02600", "2014-12-31": "1167.39200", "2013-12-31": "848.87600", "2012-12-31": "687.11000", "2011-12-31": "657.09700", "2010-12-31": "611.02400", "2009-12-31": "561.83200", "2008-12-31": "467.82200", "2007-12-31": "533.31800", "2006-12-31": "613.11700", "2005-12-31": "588.38200"}, "Property, Plant, And Equipment": {"2020-12-31": "201.10000", "2019-12-31": "148.62700", "2018-12-31": "100.39500", "2017-12-31": "77.08600", "2016-12-31": "75.80700", "2015-12-31": "81.75300", "2014-12-31": "84.66800", "2013-12-31": "74.73300", "2012-12-31": "74.33700", "2011-12-31": "61.36000", "2010-12-31": "59.71300", "2009-12-31": "61.46700", "2008-12-31": "63.52000", "2007-12-31": "62.32700", "2006-12-31": "44.17000", "2005-12-31": "39.39800"}, "Long-Term Investments": {"2020-12-31": "43.30000", "2019-12-31": "39.70300", "2018-12-31": "30.26200", "2017-12-31": "38.91400", "2016-12-31": "38.09600", "2015-12-31": "31.82600", "2014-12-31": "31.01900", "2013-12-31": "10.64000", "2012-12-31": "8.18300", "2011-12-31": "7.62700", "2010-12-31": "7.67800", "2009-12-31": "8.21300", "2008-12-31": "7.51100", "2007-12-31": "2.89200", "2006-12-31": "18.73500", "2005-12-31": "11.16900"}, "Goodwill And Intangible Assets": {"2020-12-31": "5445.60000", "2019-12-31": "4662.86200", "2018-12-31": "4331.59300", "2017-12-31": "3357.08400", "2016-12-31": "3382.85600", "2015-12-31": "3331.36300", "2014-12-31": "3245.25300", "2013-12-31": "2625.06100", "2012-12-31": "2278.05200", "2011-12-31": "1819.65100", "2010-12-31": "1676.72700", "2009-12-31": "1543.25900", "2008-12-31": "1518.99900", "2007-12-31": "1289.65700", "2006-12-31": "1080.59000", "2005-12-31": "926.94700"}, "Other Long-Term Assets": {"2020-12-31": "674.90000", "2019-12-31": "623.02710", "2018-12-31": "538.61100", "2017-12-31": "426.15600", "2016-12-31": "404.12700", "2015-12-31": "395.87600", "2014-12-31": "402.69500", "2013-12-31": "60.92200", "2012-12-31": "55.96800", "2011-12-31": "41.41300", "2010-12-31": "25.59600", "2009-12-31": "37.66400", "2008-12-31": "47.55700", "2007-12-31": "55.25700", "2006-12-31": "51.34000", "2005-12-31": "42.76400"}, "Total Long-Term Assets": {"2020-12-31": "6364.89900", "2019-12-31": "5474.21900", "2018-12-31": "5000.86100", "2017-12-31": "3899.24000", "2016-12-31": "3900.88600", "2015-12-31": "3865.45300", "2014-12-31": "3789.06600", "2013-12-31": "2800.63200", "2012-12-31": "2440.94800", "2011-12-31": "1949.91400", "2010-12-31": "1789.79000", "2009-12-31": "1662.39400", "2008-12-31": "1651.75800", "2007-12-31": "1427.34100", "2006-12-31": "1194.83500", "2005-12-31": "1020.27800"}, "Total Assets": {"2020-12-31": "8966.50000", "2019-12-31": "7622.82100", "2018-12-31": "6688.66800", "2017-12-31": "5747.55000", "2016-12-31": "5262.73400", "2015-12-31": "5004.47900", "2014-12-31": "4956.45800", "2013-12-31": "3649.50800", "2012-12-31": "3128.05800", "2011-12-31": "2607.01100", "2010-12-31": "2400.81400", "2009-12-31": "2224.22600", "2008-12-31": "2119.58000", "2007-12-31": "1960.65900", "2006-12-31": "1807.95200", "2005-12-31": "1608.66000"}, "Total Current Liabilities": {"2020-12-31": "2354.40000", "2019-12-31": "2045.36100", "2018-12-31": "1782.98600", "2017-12-31": "1987.47400", "2016-12-31": "1445.15700", "2015-12-31": "1328.54700", "2014-12-31": "1269.15300", "2013-12-31": "906.87700", "2012-12-31": "567.78100", "2011-12-31": "481.62000", "2010-12-31": "470.15700", "2009-12-31": "478.95300", "2008-12-31": "522.64300", "2007-12-31": "556.12300", "2006-12-31": "590.66700", "2005-12-31": "582.81800"}, "Long Term Debt": {"2020-12-31": "2025.90000", "2019-12-31": "1500.34300", "2018-12-31": "1456.99000", "2017-12-31": "856.14100", "2016-12-31": "1018.37200", "2015-12-31": "1071.61800", "2014-12-31": "1152.84600", "2013-12-31": "380.00000", "2012-12-31": "450.00000", "2011-12-31": "250.03300", "2010-12-31": "250.06700", "2009-12-31": "250.20900", "2008-12-31": "253.61600", "2007-12-31": "227.70700", "2006-12-31": "226.25200", "2005-12-31": "214.17900"}, "Other Non-Current Liabilities": {"2020-12-31": "314.90000", "2019-12-31": "230.70600", "2018-12-31": "132.39200", "2017-12-31": "65.05100", "2016-12-31": "81.30800", "2015-12-31": "93.58900", "2014-12-31": "79.21700", "2013-12-31": "63.78600", "2012-12-31": "65.31400", "2011-12-31": "53.34300", "2010-12-31": "27.76400", "2009-12-31": "9.58100", "2008-12-31": "11.43700", "2007-12-31": "13.63500", "2006-12-31": "11.96700", "2005-12-31": "11.83000"}, "Total Long Term Liabilities": {"2020-12-31": "2685.00000", "2019-12-31": "2059.32600", "2018-12-31": "1905.11400", "2017-12-31": "1177.37700", "2016-12-31": "1457.36600", "2015-12-31": "1526.15600", "2014-12-31": "1573.56000", "2013-12-31": "735.49000", "2012-12-31": "752.94400", "2011-12-31": "481.42800", "2010-12-31": "424.31300", "2009-12-31": "375.39900", "2008-12-31": "355.19600", "2007-12-31": "307.07800", "2006-12-31": "287.94000", "2005-12-31": "261.49800"}, "Total Liabilities": {"2020-12-31": "5212.30000", "2019-12-31": "4272.54200", "2018-12-31": "3688.10000", "2017-12-31": "3164.85100", "2016-12-31": "2902.52300", "2015-12-31": "2854.70300", "2014-12-31": "2842.71300", "2013-12-31": "1642.36700", "2012-12-31": "1320.72500", "2011-12-31": "963.04800", "2010-12-31": "894.47000", "2009-12-31": "854.35200", "2008-12-31": "877.83900", "2007-12-31": "863.20100", "2006-12-31": "878.60700", "2005-12-31": "844.31600"}, "Common Stock Net": {"2020-12-31": "30.00000", "2019-12-31": "29.71100", "2018-12-31": "29.33800", "2017-12-31": "28.68900", "2016-12-31": "14.81100", "2015-12-31": "14.64200", "2014-12-31": "14.58700", "2013-12-31": "14.54200", "2012-12-31": "14.38800", "2011-12-31": "14.33500", "2010-12-31": "14.27900", "2009-12-31": "14.20800", "2008-12-31": "14.15400", "2007-12-31": "14.06700", "2006-12-31": "14.00200", "2005-12-31": "13.93800"}, "Retained Earnings (Accumulated Deficit)": {"2020-12-31": "3520.60000", "2019-12-31": "3140.76200", "2018-12-31": "2833.62200", "2017-12-31": "2456.59900", "2016-12-31": "2134.64000", "2015-12-31": "1947.41100", "2014-12-31": "1768.20100", "2013-12-31": "1620.63900", "2012-12-31": "1457.07300", "2011-12-31": "1322.56200", "2010-12-31": "1205.06100", "2009-12-31": "1087.80500", "2008-12-31": "977.40700", "2007-12-31": "851.49000", "2006-12-31": "695.65600", "2005-12-31": "552.64700"}, "Comprehensive Income": {"2020-12-31": "", "2019-12-31": "", "2018-12-31": "", "2017-12-31": "", "2016-12-31": "", "2015-12-31": "", "2014-12-31": "", "2013-12-31": "", "2012-12-31": "", "2011-12-31": "0.00700", "2010-12-31": "0.00700", "2009-12-31": "0.00500", "2008-12-31": "0.01300", "2007-12-31": "0.01300", "2006-12-31": "9.14400", "2005-12-31": "4.44600"}, "Other Share Holders Equity": {"2020-12-31": "", "2019-12-31": "", "2018-12-31": "", "2017-12-31": "", "2016-12-31": "", "2015-12-31": "", "2014-12-31": "", "2013-12-31": "", "2012-12-31": "", "2011-12-31": "", "2010-12-31": "", "2009-12-31": "", "2008-12-31": "", "2007-12-31": "", "2006-12-31": "", "2005-12-31": ""}, "Share Holder Equity": {"2020-12-31": "3754.20000", "2019-12-31": "3350.27900", "2018-12-31": "3000.56800", "2017-12-31": "2582.69900", "2016-12-31": "2360.21100", "2015-12-31": "2149.77600", "2014-12-31": "2113.74500", "2013-12-31": "2007.14100", "2012-12-31": "1807.33300", "2011-12-31": "1643.96300", "2010-12-31": "1506.34400", "2009-12-31": "1369.87400", "2008-12-31": "1241.74100", "2007-12-31": "1097.45800", "2006-12-31": "929.34500", "2005-12-31": "764.34400"}, "Total Liabilities And Share Holders Equity": {"2020-12-31": "8966.50000", "2019-12-31": "7622.82100", "2018-12-31": "6688.66800", "2017-12-31": "5747.55000", "2016-12-31": "5262.73400", "2015-12-31": "5004.47900", "2014-12-31": "4956.45800", "2013-12-31": "3649.50800", "2012-12-31": "3128.05800", "2011-12-31": "2607.01100", "2010-12-31": "2400.81400", "2009-12-31": "2224.22600", "2008-12-31": "2119.58000", "2007-12-31": "1960.65900", "2006-12-31": "1807.95200", "2005-12-31": "1608.66000"}}, "balance sheet, quarterly": {"Cash On Hand": {"2020-12-31": "1271.90000", "2020-09-30": "1501.84100", "2020-06-30": "1062.20400", "2020-03-31": "775.17800", "2019-12-31": "962.97500", "2019-09-30": "874.59500", "2019-06-30": "814.78100", "2019-03-31": "624.88700", "2018-12-31": "777.59600", "2018-09-30": "724.68700", "2018-06-30": "787.15900", "2018-03-31": "826.37700", "2017-12-31": "824.08800", "2017-09-30": "823.20700", "2017-06-30": "876.93000", "2017-03-31": "826.08900", "2016-12-31": "781.28300", "2016-09-30": "766.96200", "2016-06-30": "731.58500", "2016-03-31": "632.92100", "2015-12-31": "673.17300", "2015-09-30": "666.46400", "2015-06-30": "658.50000", "2015-03-31": "625.54000", "2014-12-31": "729.81700", "2014-09-30": "657.93800", "2014-06-30": "609.46100", "2014-03-31": "502.88900", "2013-12-31": "452.96100", "2013-09-30": "418.28000", "2013-06-30": "596.06300", "2013-03-31": "526.97400", "2012-12-31": "384.38500", "2012-09-30": "442.77400", "2012-06-30": "386.25200", "2012-03-31": "345.23300", "2011-12-31": "416.84000", "2011-09-30": "480.53000", "2011-06-30": "398.93900", "2011-03-31": "381.31700", "2010-12-31": "396.57800", "2010-09-30": "418.46900", "2010-06-30": "438.85900", "2010-03-31": "375.16500", "2009-12-31": "352.37000", "2009-09-30": "345.09000", "2009-06-30": "350.11500", "2009-03-31": "267.27900", "2008-12-31": "223.30700", "2008-09-30": "240.61600", "2008-06-30": "215.63000", "2008-03-31": "256.34000", "2007-12-31": "292.63800", "2007-09-30": "301.17100", "2007-06-30": "308.45100", "2007-03-31": "342.11800", "2006-12-31": "330.67700", "2006-09-30": "340.69800", "2006-06-30": "309.10700", "2006-03-31": "329.76800", "2005-12-31": "330.45200", "2005-09-30": "311.99300", "2005-06-30": "279.44400", "2005-03-31": "283.11400"}, "Receivables": {"2020-12-31": "1142.70000", "2020-09-30": "1127.98600", "2020-06-30": "1126.10600", "2020-03-31": "1033.67600", "2019-12-31": "1001.33900", "2019-09-30": "1205.39900", "2019-06-30": "991.24500", "2019-03-31": "898.48800", "2018-12-31": "910.21100", "2018-09-30": "834.89400", "2018-06-30": "825.45700", "2018-03-31": "842.31500", "2017-12-31": "1024.22200", "2017-09-30": "2686.22900", "2017-06-30": "522.14900", "2017-03-31": "525.53000", "2016-12-31": "580.56500", "2016-09-30": "801.45600", "2016-06-30": "533.03900", "2016-03-31": "488.13100", "2015-12-31": "465.85300", "2015-09-30": "461.62100", "2015-06-30": "494.78600", "2015-03-31": "444.24700", "2014-12-31": "437.57500", "2014-09-30": "415.49500", "2014-06-30": "461.22200", "2014-03-31": "404.47100", "2013-12-31": "395.91500", "2013-09-30": "365.70500", "2013-06-30": "310.48600", "2013-03-31": "303.88200", "2012-12-31": "302.72500", "2012-09-30": "282.97200", "2012-06-30": "295.75800", "2012-03-31": "293.99300", "2011-12-31": "240.25700", "2011-09-30": "212.05100", "2011-06-30": "247.71800", "2011-03-31": "232.68800", "2010-12-31": "214.44600", "2010-09-30": "224.29900", "2010-06-30": "233.59700", "2010-03-31": "211.89700", "2009-12-31": "209.46200", "2009-09-30": "238.52500", "2009-06-30": "235.46300", "2009-03-31": "230.83800", "2008-12-31": "244.51500", "2008-09-30": "256.47900", "2008-06-30": "264.16600", "2008-03-31": "231.47100", "2007-12-31": "240.68000", "2007-09-30": "271.60600", "2007-06-30": "273.81100", "2007-03-31": "244.13100", "2006-12-31": "282.44000", "2006-09-30": "268.19500", "2006-06-30": "276.73000", "2006-03-31": "245.35700", "2005-12-31": "257.93000", "2005-09-30": "235.11600", "2005-06-30": "217.20900", "2005-03-31": "214.70200"}, "Inventory": {"2020-12-31": "", "2020-09-30": "", "2020-06-30": "", "2020-03-31": "", "2019-12-31": "", "2019-09-30": "", "2019-06-30": "", "2019-03-31": "", "2018-12-31": "", "2018-09-30": "", "2018-06-30": "", "2018-03-31": "", "2017-12-31": "", "2017-09-30": "", "2017-06-30": "", "2017-03-31": "", "2016-12-31": "", "2016-09-30": "", "2016-06-30": "", "2016-03-31": "", "2015-12-31": "", "2015-09-30": "", "2015-06-30": "", "2015-03-31": "", "2014-12-31": "", "2014-09-30": "", "2014-06-30": "", "2014-03-31": "", "2013-12-31": "", "2013-09-30": "", "2013-06-30": "", "2013-03-31": "", "2012-12-31": "", "2012-09-30": "", "2012-06-30": "", "2012-03-31": "", "2011-12-31": "", "2011-09-30": "", "2011-06-30": "", "2011-03-31": "", "2010-12-31": "", "2010-09-30": "", "2010-06-30": "", "2010-03-31": "", "2009-12-31": "", "2009-09-30": "", "2009-06-30": "", "2009-03-31": "", "2008-12-31": "", "2008-09-30": "", "2008-06-30": "", "2008-03-31": "", "2007-12-31": "", "2007-09-30": "", "2007-06-30": "", "2007-03-31": "", "2006-12-31": "", "2006-09-30": "", "2006-06-30": "", "2006-03-31": "", "2005-12-31": "", "2005-09-30": "", "2005-06-30": "", "2005-03-31": ""}, "Pre-Paid Expenses": {"2020-12-31": "", "2020-09-30": "", "2020-06-30": "", "2020-03-31": "", "2019-12-31": "", "2019-09-30": "", "2019-06-30": "", "2019-03-31": "", "2018-12-31": "", "2018-09-30": "", "2018-06-30": "", "2018-03-31": "", "2017-12-31": "", "2017-09-30": "", "2017-06-30": "", "2017-03-31": "", "2016-12-31": "", "2016-09-30": "", "2016-06-30": "", "2016-03-31": "", "2015-12-31": "", "2015-09-30": "", "2015-06-30": "", "2015-03-31": "", "2014-12-31": "", "2014-09-30": "", "2014-06-30": "", "2014-03-31": "", "2013-12-31": "", "2013-09-30": "", "2013-06-30": "", "2013-03-31": "", "2012-12-31": "", "2012-09-30": "", "2012-06-30": "", "2012-03-31": "", "2011-12-31": "", "2011-09-30": "", "2011-06-30": "", "2011-03-31": "", "2010-12-31": "", "2010-09-30": "", "2010-06-30": "", "2010-03-31": "", "2009-12-31": "", "2009-09-30": "", "2009-06-30": "", "2009-03-31": "", "2008-12-31": "", "2008-09-30": "", "2008-06-30": "", "2008-03-31": "", "2007-12-31": "", "2007-09-30": "", "2007-06-30": "", "2007-03-31": "", "2006-12-31": "", "2006-09-30": "", "2006-06-30": "", "2006-03-31": "", "2005-12-31": "", "2005-09-30": "", "2005-06-30": "", "2005-03-31": ""}, "Other Current Assets": {"2020-12-31": "", "2020-09-30": "", "2020-06-30": "", "2020-03-31": "", "2019-12-31": "", "2019-09-30": "", "2019-06-30": "", "2019-03-31": "", "2018-12-31": "", "2018-09-30": "", "2018-06-30": "", "2018-03-31": "", "2017-12-31": "", "2017-09-30": "", "2017-06-30": "", "2017-03-31": "", "2016-12-31": "", "2016-09-30": "", "2016-06-30": "", "2016-03-31": "", "2015-12-31": "", "2015-09-30": "", "2015-06-30": "", "2015-03-31": "", "2014-12-31": "", "2014-09-30": "", "2014-06-30": "", "2014-03-31": "", "2013-12-31": "", "2013-09-30": "", "2013-06-30": "", "2013-03-31": "", "2012-12-31": "", "2012-09-30": "", "2012-06-30": "", "2012-03-31": "", "2011-12-31": "", "2011-09-30": "", "2011-06-30": "", "2011-03-31": "", "2010-12-31": "", "2010-09-30": "", "2010-06-30": "", "2010-03-31": "", "2009-12-31": "", "2009-09-30": "", "2009-06-30": "", "2009-03-31": "", "2008-12-31": "", "2008-09-30": "", "2008-06-30": "", "2008-03-31": "", "2007-12-31": "", "2007-09-30": "", "2007-06-30": "", "2007-03-31": "", "2006-12-31": "", "2006-09-30": "", "2006-06-30": "", "2006-03-31": "", "2005-12-31": "", "2005-09-30": "", "2005-06-30": "", "2005-03-31": ""}, "Total Current Assets": {"2020-12-31": "2414.60000", "2020-09-30": "2629.82700", "2020-06-30": "2188.31000", "2020-03-31": "1808.85400", "2019-12-31": "1964.31400", "2019-09-30": "2079.99400", "2019-06-30": "1806.02600", "2019-03-31": "1523.37500", "2018-12-31": "1687.80700", "2018-09-30": "1559.58100", "2018-06-30": "1612.61600", "2018-03-31": "1668.69200", "2017-12-31": "1848.31000", "2017-09-30": "3509.43600", "2017-06-30": "1399.07900", "2017-03-31": "1351.61900", "2016-12-31": "1361.84800", "2016-09-30": "1568.41800", "2016-06-30": "1264.62400", "2016-03-31": "1121.05200", "2015-12-31": "1139.02600", "2015-09-30": "1128.08500", "2015-06-30": "1153.28600", "2015-03-31": "1069.78700", "2014-12-31": "1167.39200", "2014-09-30": "1073.43300", "2014-06-30": "1070.68300", "2014-03-31": "907.36000", "2013-12-31": "848.87600", "2013-09-30": "783.98500", "2013-06-30": "906.54900", "2013-03-31": "830.85600", "2012-12-31": "687.11000", "2012-09-30": "725.74600", "2012-06-30": "682.01000", "2012-03-31": "639.22600", "2011-12-31": "657.09700", "2011-09-30": "692.58100", "2011-06-30": "646.65700", "2011-03-31": "614.00500", "2010-12-31": "611.02400", "2010-09-30": "642.76800", "2010-06-30": "672.45600", "2010-03-31": "587.06200", "2009-12-31": "561.83200", "2009-09-30": "583.61500", "2009-06-30": "585.57800", "2009-03-31": "498.11700", "2008-12-31": "467.82200", "2008-09-30": "497.09500", "2008-06-30": "479.79600", "2008-03-31": "487.81100", "2007-12-31": "533.31800", "2007-09-30": "572.77700", "2007-06-30": "582.26200", "2007-03-31": "586.24900", "2006-12-31": "613.11700", "2006-09-30": "608.89300", "2006-06-30": "585.83700", "2006-03-31": "575.12500", "2005-12-31": "588.38200", "2005-09-30": "547.10900", "2005-06-30": "496.65300", "2005-03-31": "497.81600"}, "Property, Plant, And Equipment": {"2020-12-31": "201.10000", "2020-09-30": "187.61100", "2020-06-30": "174.37600", "2020-03-31": "159.36100", "2019-12-31": "148.62700", "2019-09-30": "128.88900", "2019-06-30": "122.51100", "2019-03-31": "117.36400", "2018-12-31": "100.39500", "2018-09-30": "89.77200", "2018-06-30": "85.21300", "2018-03-31": "81.13100", "2017-12-31": "77.08600", "2017-09-30": "71.29600", "2017-06-30": "72.74700", "2017-03-31": "72.60700", "2016-12-31": "75.80700", "2016-09-30": "77.77100", "2016-06-30": "80.48800", "2016-03-31": "80.89900", "2015-12-31": "81.75300", "2015-09-30": "81.33800", "2015-06-30": "82.80500", "2015-03-31": "83.22000", "2014-12-31": "84.66800", "2014-09-30": "88.17600", "2014-06-30": "86.37000", "2014-03-31": "74.57600", "2013-12-31": "74.73300", "2013-09-30": "74.48200", "2013-06-30": "72.92900", "2013-03-31": "73.06700", "2012-12-31": "74.33700", "2012-09-30": "73.19100", "2012-06-30": "70.98600", "2012-03-31": "68.29800", "2011-12-31": "61.36000", "2011-09-30": "59.80700", "2011-06-30": "60.03900", "2011-03-31": "59.57400", "2010-12-31": "59.71300", "2010-09-30": "59.72100", "2010-06-30": "60.07400", "2010-03-31": "60.32500", "2009-12-31": "61.46700", "2009-09-30": "62.32400", "2009-06-30": "63.18900", "2009-03-31": "63.35400", "2008-12-31": "63.52000", "2008-09-30": "63.67300", "2008-06-30": "64.22300", "2008-03-31": "62.19900", "2007-12-31": "62.32700", "2007-09-30": "58.32200", "2007-06-30": "58.49300", "2007-03-31": "58.05900", "2006-12-31": "44.17000", "2006-09-30": "44.63000", "2006-06-30": "43.73000", "2006-03-31": "41.72600", "2005-12-31": "39.39800", "2005-09-30": "38.52600", "2005-06-30": "38.48900", "2005-03-31": "37.45100"}, "Long-Term Investments": {"2020-12-31": "43.30000", "2020-09-30": "42.95400", "2020-06-30": "39.70300", "2020-03-31": "39.93500", "2019-12-31": "39.70300", "2019-09-30": "38.07200", "2019-06-30": "35.43800", "2019-03-31": "28.04600", "2018-12-31": "30.26200", "2018-09-30": "29.99500", "2018-06-30": "31.25300", "2018-03-31": "38.39800", "2017-12-31": "38.91400", "2017-09-30": "43.24100", "2017-06-30": "41.04000", "2017-03-31": "37.77500", "2016-12-31": "38.09600", "2016-09-30": "39.59400", "2016-06-30": "39.06900", "2016-03-31": "34.39500", "2015-12-31": "31.82600", "2015-09-30": "33.48800", "2015-06-30": "31.92400", "2015-03-31": "29.65300", "2014-12-31": "31.01900", "2014-09-30": "31.44100", "2014-06-30": "31.49400", "2014-03-31": "10.96700", "2013-12-31": "10.64000", "2013-09-30": "11.69300", "2013-06-30": "12.20500", "2013-03-31": "7.22800", "2012-12-31": "8.18300", "2012-09-30": "8.17600", "2012-06-30": "7.72900", "2012-03-31": "7.64500", "2011-12-31": "7.62700", "2011-09-30": "7.61200", "2011-06-30": "7.73700", "2011-03-31": "7.48100", "2010-12-31": "7.67800", "2010-09-30": "7.66900", "2010-06-30": "8.13500", "2010-03-31": "8.34500", "2009-12-31": "8.21300", "2009-09-30": "8.21900", "2009-06-30": "7.64000", "2009-03-31": "7.47100", "2008-12-31": "7.51100", "2008-09-30": "7.28700", "2008-06-30": "6.62500", "2008-03-31": "4.67300", "2007-12-31": "2.89200", "2007-09-30": "3.67300", "2007-06-30": "3.28600", "2007-03-31": "12.98900", "2006-12-31": "18.73500", "2006-09-30": "14.50500", "2006-06-30": "12.45500", "2006-03-31": "11.88600", "2005-12-31": "11.16900", "2005-09-30": "11.93300", "2005-06-30": "10.77100", "2005-03-31": "11.64700"}, "Goodwill And Intangible Assets": {"2020-12-31": "5445.60000", "2020-09-30": "5101.14500", "2020-06-30": "4988.66200", "2020-03-31": "4814.45000", "2019-12-31": "4662.86200", "2019-09-30": "4625.68300", "2019-06-30": "4451.24400", "2019-03-31": "4420.85600", "2018-12-31": "4331.59300", "2018-09-30": "3609.86000", "2018-06-30": "3486.40800", "2018-03-31": "3377.72900", "2017-12-31": "3357.08400", "2017-09-30": "3357.54200", "2017-06-30": "3363.97800", "2017-03-31": "3361.35000", "2016-12-31": "3382.85600", "2016-09-30": "3398.50500", "2016-06-30": "3410.69900", "2016-03-31": "3355.19000", "2015-12-31": "3331.36300", "2015-09-30": "3317.10100", "2015-06-30": "3331.96200", "2015-03-31": "3262.70400", "2014-12-31": "3245.25300", "2014-09-30": "3318.20700", "2014-06-30": "3338.24100", "2014-03-31": "2608.06500", "2013-12-31": "2625.06100", "2013-09-30": "2616.23800", "2013-06-30": "2261.59500", "2013-03-31": "2259.96800", "2012-12-31": "2278.05200", "2012-09-30": "2253.94900", "2012-06-30": "2252.10600", "2012-03-31": "2230.68700", "2011-12-31": "1819.65100", "2011-09-30": "1750.88700", "2011-06-30": "1749.99400", "2011-03-31": "1710.88700", "2010-12-31": "1676.72700", "2010-09-30": "1646.18400", "2010-06-30": "1561.93700", "2010-03-31": "1557.08100", "2009-12-31": "1543.25900", "2009-09-30": "1540.89800", "2009-06-30": "1538.74100", "2009-03-31": "1537.86100", "2008-12-31": "1518.99900", "2008-09-30": "1489.45700", "2008-06-30": "1463.10700", "2008-03-31": "1355.64200", "2007-12-31": "1289.65700", "2007-09-30": "1224.53900", "2007-06-30": "1189.48200", "2007-03-31": "1124.76100", "2006-12-31": "1080.59000", "2006-09-30": "1085.64800", "2006-06-30": "1036.27900", "2006-03-31": "1010.27500", "2005-12-31": "926.94700", "2005-09-30": "890.67700", "2005-06-30": "887.15300", "2005-03-31": "882.21600"}, "Other Long-Term Assets": {"2020-12-31": "674.90000", "2020-09-30": "647.53800", "2020-06-30": "619.68500", "2020-03-31": "566.15400", "2019-12-31": "623.02700", "2019-09-30": "614.60700", "2019-06-30": "565.52100", "2019-03-31": "542.06800", "2018-12-31": "538.61100", "2018-09-30": "513.59800", "2018-06-30": "486.06700", "2018-03-31": "449.13300", "2017-12-31": "426.15600", "2017-09-30": "432.76200", "2017-06-30": "402.16500", "2017-03-31": "374.09300", "2016-12-31": "404.12700", "2016-09-30": "420.77800", "2016-06-30": "396.44500", "2016-03-31": "387.29700", "2015-12-31": "395.87600", "2015-09-30": "425.02800", "2015-06-30": "404.80700", "2015-03-31": "379.67200", "2014-12-31": "402.69500", "2014-09-30": "415.11500", "2014-06-30": "387.37200", "2014-03-31": "60.94100", "2013-12-31": "60.92200", "2013-09-30": "47.12200", "2013-06-30": "57.99100", "2013-03-31": "43.20000", "2012-12-31": "55.96800", "2012-09-30": "54.87500", "2012-06-30": "68.17900", "2012-03-31": "56.01200", "2011-12-31": "41.41300", "2011-09-30": "41.57900", "2011-06-30": "52.30200", "2011-03-31": "43.81400", "2010-12-31": "25.59600", "2010-09-30": "31.46900", "2010-06-30": "34.21000", "2010-03-31": "36.62400", "2009-12-31": "37.66400", "2009-09-30": "43.06600", "2009-06-30": "35.06400", "2009-03-31": "40.51300", "2008-12-31": "47.55700", "2008-09-30": "49.78900", "2008-06-30": "59.08200", "2008-03-31": "75.82400", "2007-12-31": "55.25700", "2007-09-30": "56.04800", "2007-06-30": "51.16900", "2007-03-31": "45.34900", "2006-12-31": "51.34000", "2006-09-30": "49.49200", "2006-06-30": "36.93000", "2006-03-31": "43.39000", "2005-12-31": "42.76400", "2005-09-30": "37.49400", "2005-06-30": "34.37000", "2005-03-31": "32.39500"}, "Total Long-Term Assets": {"2020-12-31": "6364.89900", "2020-09-30": "5979.24800", "2020-06-30": "5822.42600", "2020-03-31": "5579.90000", "2019-12-31": "5474.21900", "2019-09-30": "5407.25100", "2019-06-30": "5174.71400", "2019-03-31": "5108.33400", "2018-12-31": "5000.86100", "2018-09-30": "4243.22500", "2018-06-30": "4088.94100", "2018-03-31": "3946.39100", "2017-12-31": "3899.24000", "2017-09-30": "3904.84100", "2017-06-30": "3879.93000", "2017-03-31": "3845.82500", "2016-12-31": "3900.88600", "2016-09-30": "3953.60900", "2016-06-30": "3942.25300", "2016-03-31": "3871.90800", "2015-12-31": "3865.45300", "2015-09-30": "3874.10700", "2015-06-30": "3867.55100", "2015-03-31": "3769.15500", "2014-12-31": "3789.06600", "2014-09-30": "3872.31500", "2014-06-30": "3859.78900", "2014-03-31": "2766.92900", "2013-12-31": "2800.63200", "2013-09-30": "2770.80300", "2013-06-30": "2419.77100", "2013-03-31": "2399.50400", "2012-12-31": "2440.94800", "2012-09-30": "2408.98300", "2012-06-30": "2415.28100", "2012-03-31": "2378.22100", "2011-12-31": "1949.91400", "2011-09-30": "1868.72200", "2011-06-30": "1878.21500", "2011-03-31": "1829.99100", "2010-12-31": "1789.79000", "2010-09-30": "1745.04300", "2010-06-30": "1664.35600", "2010-03-31": "1662.37500", "2009-12-31": "1662.39400", "2009-09-30": "1654.50700", "2009-06-30": "1644.63400", "2009-03-31": "1649.19900", "2008-12-31": "1651.75800", "2008-09-30": "1610.20600", "2008-06-30": "1593.03700", "2008-03-31": "1498.33800", "2007-12-31": "1427.34100", "2007-09-30": "1342.58200", "2007-06-30": "1302.43000", "2007-03-31": "1241.15800", "2006-12-31": "1194.83500", "2006-09-30": "1194.27500", "2006-06-30": "1129.39400", "2006-03-31": "1107.27700", "2005-12-31": "1020.27800", "2005-09-30": "978.63000", "2005-06-30": "970.78300", "2005-03-31": "963.70900"}, "Total Assets": {"2020-12-31": "8966.50000", "2020-09-30": "8795.37900", "2020-06-30": "8201.05800", "2020-03-31": "7582.34500", "2019-12-31": "7622.82100", "2019-09-30": "7680.66400", "2019-06-30": "7164.76700", "2019-03-31": "6806.28900", "2018-12-31": "6688.66800", "2018-09-30": "5802.80600", "2018-06-30": "5701.55700", "2018-03-31": "5615.08300", "2017-12-31": "5747.55000", "2017-09-30": "7414.27700", "2017-06-30": "5279.00900", "2017-03-31": "5197.44400", "2016-12-31": "5262.73400", "2016-09-30": "5522.02700", "2016-06-30": "5206.87700", "2016-03-31": "4992.96000", "2015-12-31": "5004.47900", "2015-09-30": "5002.19200", "2015-06-30": "5020.83700", "2015-03-31": "4838.94200", "2014-12-31": "4956.45800", "2014-09-30": "4945.74800", "2014-06-30": "4930.47200", "2014-03-31": "3674.28900", "2013-12-31": "3649.50800", "2013-09-30": "3554.78800", "2013-06-30": "3326.32000", "2013-03-31": "3230.36000", "2012-12-31": "3128.05800", "2012-09-30": "3134.72900", "2012-06-30": "3097.29100", "2012-03-31": "3017.44700", "2011-12-31": "2607.01100", "2011-09-30": "2561.30300", "2011-06-30": "2524.87200", "2011-03-31": "2443.99600", "2010-12-31": "2400.81400", "2010-09-30": "2387.81100", "2010-06-30": "2336.81200", "2010-03-31": "2249.43700", "2009-12-31": "2224.22600", "2009-09-30": "2238.12200", "2009-06-30": "2230.21200", "2009-03-31": "2147.31600", "2008-12-31": "2119.58000", "2008-09-30": "2107.30100", "2008-06-30": "2072.83300", "2008-03-31": "1986.14900", "2007-12-31": "1960.65900", "2007-09-30": "1915.35900", "2007-06-30": "1884.69200", "2007-03-31": "1827.40700", "2006-12-31": "1807.95200", "2006-09-30": "1803.16800", "2006-06-30": "1715.23100", "2006-03-31": "1682.40200", "2005-12-31": "1608.66000", "2005-09-30": "1525.73900", "2005-06-30": "1467.43600", "2005-03-31": "1461.52500"}, "Total Current Liabilities": {"2020-12-31": "2354.40000", "2020-09-30": "2240.39100", "2020-06-30": "2258.27600", "2020-03-31": "1890.61900", "2019-12-31": "2045.36100", "2019-09-30": "2148.92400", "2019-06-30": "1907.11000", "2019-03-31": "1647.07300", "2018-12-31": "1782.98600", "2018-09-30": "1632.72700", "2018-06-30": "1656.70700", "2018-03-31": "1634.63200", "2017-12-31": "1987.47400", "2017-09-30": "3631.51400", "2017-06-30": "1419.53700", "2017-03-31": "1337.90800", "2016-12-31": "1445.15700", "2016-09-30": "1701.73500", "2016-06-30": "1457.65500", "2016-03-31": "1283.35600", "2015-12-31": "1328.54700", "2015-09-30": "1264.54700", "2015-06-30": "1328.33900", "2015-03-31": "1209.44700", "2014-12-31": "1269.15300", "2014-09-30": "1263.02600", "2014-06-30": "1270.61800", "2014-03-31": "792.49200", "2013-12-31": "906.87700", "2013-09-30": "861.78900", "2013-06-30": "661.81500", "2013-03-31": "617.31410", "2012-12-31": "567.78100", "2012-09-30": "623.59900", "2012-06-30": "641.27910", "2012-03-31": "601.22200", "2011-12-31": "481.62000", "2011-09-30": "488.28100", "2011-06-30": "502.97100", "2011-03-31": "459.84800", "2010-12-31": "470.15700", "2010-09-30": "594.32600", "2010-06-30": "504.08200", "2010-03-31": "455.64900", "2009-12-31": "478.95300", "2009-09-30": "507.94500", "2009-06-30": "552.88000", "2009-03-31": "506.57100", "2008-12-31": "522.64300", "2008-09-30": "540.97300", "2008-06-30": "558.30400", "2008-03-31": "508.34300", "2007-12-31": "556.12300", "2007-09-30": "543.81500", "2007-06-30": "570.21300", "2007-03-31": "549.77900", "2006-12-31": "590.66700", "2006-09-30": "645.31100", "2006-06-30": "606.84700", "2006-03-31": "612.70300", "2005-12-31": "582.81800", "2005-09-30": "534.86900", "2005-06-30": "517.87000", "2005-03-31": "505.62600"}, "Long Term Debt": {"2020-12-31": "2025.90000", "2020-09-30": "2042.67400", "2020-06-30": "1566.40900", "2020-03-31": "1483.35500", "2019-12-31": "1500.34300", "2019-09-30": "1513.56000", "2019-06-30": "1426.77700", "2019-03-31": "1439.99800", "2018-12-31": "1456.99000", "2018-09-30": "832.36100", "2018-06-30": "841.95900", "2018-03-31": "851.54800", "2017-12-31": "856.14100", "2017-09-30": "860.74100", "2017-06-30": "965.39100", "2017-03-31": "1005.04400", "2016-12-31": "1018.37200", "2016-09-30": "1031.69300", "2016-06-30": "1045.00400", "2016-03-31": "1058.32700", "2015-12-31": "1071.61800", "2015-09-30": "1118.58900", "2015-06-30": "1132.30000", "2015-03-31": "1146.01000", "2014-12-31": "1152.84600", "2014-09-30": "1159.68200", "2014-06-30": "1168.12500", "2014-03-31": "480.00000", "2013-12-31": "380.00000", "2013-09-30": "380.00000", "2013-06-30": "450.00000", "2013-03-31": "450.00000", "2012-12-31": "450.00000", "2012-09-30": "450.00000", "2012-06-30": "450.03300", "2012-03-31": "450.04300", "2011-12-31": "250.03300", "2011-09-30": "250.60300", "2011-06-30": "250.06700", "2011-03-31": "250.06700", "2010-12-31": "250.06700", "2010-09-30": "150.06700", "2010-06-30": "250.00000", "2010-03-31": "250.03000", "2009-12-31": "250.20900", "2009-09-30": "250.58900", "2009-06-30": "250.28900", "2009-03-31": "251.42700", "2008-12-31": "253.61600", "2008-09-30": "253.65500", "2008-06-30": "253.64900", "2008-03-31": "252.62700", "2007-12-31": "227.70700", "2007-09-30": "225.40300", "2007-06-30": "225.43200", "2007-03-31": "226.21600", "2006-12-31": "226.25200", "2006-09-30": "204.90100", "2006-06-30": "208.18100", "2006-03-31": "210.83200", "2005-12-31": "214.17900", "2005-09-30": "217.45500", "2005-06-30": "220.24600", "2005-03-31": "258.54500"}, "Other Non-Current Liabilities": {"2020-12-31": "314.90000", "2020-09-30": "304.82300", "2020-06-30": "295.58000", "2020-03-31": "228.37800", "2019-12-31": "230.70600", "2019-09-30": "204.53600", "2019-06-30": "170.18400", "2019-03-31": "160.10700", "2018-12-31": "132.39200", "2018-09-30": "113.98000", "2018-06-30": "87.10000", "2018-03-31": "69.65700", "2017-12-31": "65.05100", "2017-09-30": "56.14700", "2017-06-30": "62.75900", "2017-03-31": "70.37300", "2016-12-31": "81.30800", "2016-09-30": "87.16900", "2016-06-30": "80.87200", "2016-03-31": "89.16100", "2015-12-31": "93.58900", "2015-09-30": "85.70600", "2015-06-30": "106.90000", "2015-03-31": "85.42600", "2014-12-31": "79.21700", "2014-09-30": "72.18700", "2014-06-30": "72.69500", "2014-03-31": "63.42300", "2013-12-31": "63.78600", "2013-09-30": "63.95800", "2013-06-30": "63.25200", "2013-03-31": "58.90700", "2012-12-31": "65.31400", "2012-09-30": "62.85800", "2012-06-30": "64.95900", "2012-03-31": "65.78300", "2011-12-31": "53.34300", "2011-09-30": "38.78400", "2011-06-30": "39.00300", "2011-03-31": "36.50900", "2010-12-31": "27.76400", "2010-09-30": "31.15100", "2010-06-30": "18.96900", "2010-03-31": "19.17700", "2009-12-31": "9.58100", "2009-09-30": "16.89800", "2009-06-30": "15.22300", "2009-03-31": "14.59600", "2008-12-31": "11.43700", "2008-09-30": "11.91200", "2008-06-30": "12.22800", "2008-03-31": "14.30000", "2007-12-31": "13.63500", "2007-09-30": "12.56000", "2007-06-30": "12.57600", "2007-03-31": "13.93600", "2006-12-31": "11.96700", "2006-09-30": "12.56800", "2006-06-30": "12.68800", "2006-03-31": "13.30400", "2005-12-31": "11.83000", "2005-09-30": "9.04500", "2005-06-30": "9.07800", "2005-03-31": "10.27900"}, "Total Long Term Liabilities": {"2020-12-31": "2685.00000", "2020-09-30": "2680.39700", "2020-06-30": "2185.54700", "2020-03-31": "2035.13700", "2019-12-31": "2059.32600", "2019-09-30": "2040.12000", "2019-06-30": "1907.47100", "2019-03-31": "1900.96200", "2018-12-31": "1905.11400", "2018-09-30": "1230.67100", "2018-06-30": "1213.36800", "2018-03-31": "1209.85800", "2017-12-31": "1177.37700", "2017-09-30": "1299.11600", "2017-06-30": "1401.23900", "2017-03-31": "1443.74000", "2016-12-31": "1457.36600", "2016-09-30": "1495.52000", "2016-06-30": "1496.97500", "2016-03-31": "1511.07100", "2015-12-31": "1526.15600", "2015-09-30": "1551.91000", "2015-06-30": "1579.44400", "2015-03-31": "1568.03300", "2014-12-31": "1573.56000", "2014-09-30": "1577.42700", "2014-06-30": "1578.34000", "2014-03-31": "828.93700", "2013-12-31": "735.49000", "2013-09-30": "728.21500", "2013-06-30": "762.44700", "2013-03-31": "753.79000", "2012-12-31": "752.94400", "2012-09-30": "742.31600", "2012-06-30": "737.76500", "2012-03-31": "731.17500", "2011-12-31": "481.42800", "2011-09-30": "456.46100", "2011-06-30": "448.97000", "2011-03-31": "439.73600", "2010-12-31": "424.31300", "2010-09-30": "312.12300", "2010-06-30": "393.63600", "2010-03-31": "388.39100", "2009-12-31": "375.39900", "2009-09-30": "375.48300", "2009-06-30": "364.14700", "2009-03-31": "359.31200", "2008-12-31": "355.19600", "2008-09-30": "349.53900", "2008-06-30": "340.33600", "2008-03-31": "335.97500", "2007-12-31": "307.07800", "2007-09-30": "298.55900", "2007-06-30": "291.56400", "2007-03-31": "293.79000", "2006-12-31": "287.94000", "2006-09-30": "261.93500", "2006-06-30": "258.40000", "2006-03-31": "259.09700", "2005-12-31": "261.49800", "2005-09-30": "256.07100", "2005-06-30": "254.87900", "2005-03-31": "293.40000"}, "Total Liabilities": {"2020-12-31": "5212.30000", "2020-09-30": "5093.36900", "2020-06-30": "4617.54000", "2020-03-31": "4102.50400", "2019-12-31": "4272.54200", "2019-09-30": "4366.14100", "2019-06-30": "3984.13600", "2019-03-31": "3707.85800", "2018-12-31": "3688.10000", "2018-09-30": "2863.39800", "2018-06-30": "2870.07500", "2018-03-31": "2844.49000", "2017-12-31": "3164.85100", "2017-09-30": "4930.63000", "2017-06-30": "2820.77600", "2017-03-31": "2781.64800", "2016-12-31": "2902.52300", "2016-09-30": "3197.25500", "2016-06-30": "2954.63000", "2016-03-31": "2794.42700", "2015-12-31": "2854.70300", "2015-09-30": "2816.45700", "2015-06-30": "2907.78300", "2015-03-31": "2777.48000", "2014-12-31": "2842.71300", "2014-09-30": "2840.45300", "2014-06-30": "2848.95800", "2014-03-31": "1621.42900", "2013-12-31": "1642.36700", "2013-09-30": "1590.00400", "2013-06-30": "1424.26200", "2013-03-31": "1371.10400", "2012-12-31": "1320.72500", "2012-09-30": "1365.91500", "2012-06-30": "1379.04400", "2012-03-31": "1332.39700", "2011-12-31": "963.04800", "2011-09-30": "944.74200", "2011-06-30": "951.94100", "2011-03-31": "899.58400", "2010-12-31": "894.47000", "2010-09-30": "906.44900", "2010-06-30": "897.71800", "2010-03-31": "844.04000", "2009-12-31": "854.35200", "2009-09-30": "883.42800", "2009-06-30": "917.02700", "2009-03-31": "865.88300", "2008-12-31": "877.83900", "2008-09-30": "890.51200", "2008-06-30": "898.64000", "2008-03-31": "844.31800", "2007-12-31": "863.20100", "2007-09-30": "842.37400", "2007-06-30": "861.77700", "2007-03-31": "843.56900", "2006-12-31": "878.60700", "2006-09-30": "907.24600", "2006-06-30": "865.24700", "2006-03-31": "871.80000", "2005-12-31": "844.31600", "2005-09-30": "790.94000", "2005-06-30": "772.74900", "2005-03-31": "799.02600"}, "Common Stock Net": {"2020-12-31": "30.00000", "2020-09-30": "29.93700", "2020-06-30": "29.91500", "2020-03-31": "29.89300", "2019-12-31": "29.71100", "2019-09-30": "29.71400", "2019-06-30": "29.58200", "2019-03-31": "29.58400", "2018-12-31": "29.33800", "2018-09-30": "29.01100", "2018-06-30": "28.70800", "2018-03-31": "28.69600", "2017-12-31": "28.68900", "2017-09-30": "14.88400", "2017-06-30": "14.82600", "2017-03-31": "14.82800", "2016-12-31": "14.81100", "2016-09-30": "14.81100", "2016-06-30": "14.76900", "2016-03-31": "14.79700", "2015-12-31": "14.64200", "2015-09-30": "14.64100", "2015-06-30": "14.58700", "2015-03-31": "14.58700", "2014-12-31": "14.58700", "2014-09-30": "14.59000", "2014-06-30": "14.53900", "2014-03-31": "14.54100", "2013-12-31": "14.54200", "2013-09-30": "14.54400", "2013-06-30": "14.40500", "2013-03-31": "14.39900", "2012-12-31": "14.38800", "2012-09-30": "14.38200", "2012-06-30": "14.32800", "2012-03-31": "14.33200", "2011-12-31": "14.33500", "2011-09-30": "14.33800", "2011-06-30": "14.29200", "2011-03-31": "14.25500", "2010-12-31": "14.27900", "2010-09-30": "14.26400", "2010-06-30": "14.22200", "2010-03-31": "14.21300", "2009-12-31": "14.20800", "2009-09-30": "14.20500", "2009-06-30": "14.14800", "2009-03-31": "14.15500", "2008-12-31": "14.15400", "2008-09-30": "14.14100", "2008-06-30": "14.07100", "2008-03-31": "14.07200", "2007-12-31": "14.06700", "2007-09-30": "14.07100", "2007-06-30": "14.03400", "2007-03-31": "14.04000", "2006-12-31": "14.00200", "2006-09-30": "13.99700", "2006-06-30": "13.94800", "2006-03-31": "13.95200", "2005-12-31": "13.93800", "2005-09-30": "6.95000", "2005-06-30": "6.91400", "2005-03-31": "6.91600"}, "Retained Earnings (Accumulated Deficit)": {"2020-12-31": "3520.60000", "2020-09-30": "3451.88000", "2020-06-30": "3341.99000", "2020-03-31": "3269.35900", "2019-12-31": "3140.76200", "2019-09-30": "3088.17400", "2019-06-30": "2995.20600", "2019-03-31": "2925.17000", "2018-12-31": "2833.62200", "2018-09-30": "2782.50400", "2018-06-30": "2697.39600", "2018-03-31": "2644.19100", "2017-12-31": "2456.59900", "2017-09-30": "2290.01400", "2017-06-30": "2233.05600", "2017-03-31": "2185.90200", "2016-12-31": "2134.64000", "2016-09-30": "2095.95800", "2016-06-30": "2041.60200", "2016-03-31": "1992.51800", "2015-12-31": "1947.41100", "2015-09-30": "1906.74400", "2015-06-30": "1854.87700", "2015-03-31": "1809.36700", "2014-12-31": "1768.20100", "2014-09-30": "1759.59300", "2014-06-30": "1705.76700", "2014-03-31": "1658.50800", "2013-12-31": "1620.63900", "2013-09-30": "1587.94700", "2013-06-30": "1543.29900", "2013-03-31": "1504.25100", "2012-12-31": "1457.07300", "2012-09-30": "1427.37900", "2012-06-30": "1390.10900", "2012-03-31": "1359.81700", "2011-12-31": "1322.56200", "2011-09-30": "1298.25600", "2011-06-30": "1265.55300", "2011-03-31": "1239.95400", "2010-12-31": "1205.06100", "2010-09-30": "1184.32800", "2010-06-30": "1151.08800", "2010-03-31": "1120.91800", "2009-12-31": "1087.80500", "2009-09-30": "1075.16100", "2009-06-30": "1044.85200", "2009-03-31": "1014.80100", "2008-12-31": "977.40700", "2008-09-30": "954.64700", "2008-06-30": "923.95100", "2008-03-31": "893.40300", "2007-12-31": "851.49000", "2007-09-30": "828.33600", "2007-06-30": "790.57000", "2007-03-31": "746.98000", "2006-12-31": "695.65600", "2006-09-30": "666.43100", "2006-06-30": "633.15900", "2006-03-31": "595.70300", "2005-12-31": "552.64700", "2005-09-30": "523.87900", "2005-06-30": "494.64900", "2005-03-31": "463.14700"}, "Comprehensive Income": {"2020-12-31": "", "2020-09-30": "", "2020-06-30": "", "2020-03-31": "", "2019-12-31": "", "2019-09-30": "", "2019-06-30": "", "2019-03-31": "", "2018-12-31": "", "2018-09-30": "", "2018-06-30": "", "2018-03-31": "", "2017-12-31": "", "2017-09-30": "", "2017-06-30": "", "2017-03-31": "", "2016-12-31": "", "2016-09-30": "", "2016-06-30": "", "2016-03-31": "", "2015-12-31": "", "2015-09-30": "0.04000", "2015-06-30": "0.01500", "2015-03-31": "0.03500", "2014-12-31": "", "2014-09-30": "", "2014-06-30": "", "2014-03-31": "", "2013-12-31": "", "2013-09-30": "", "2013-06-30": "", "2013-03-31": "", "2012-12-31": "", "2012-09-30": "0.00000", "2012-06-30": "0.00000", "2012-03-31": "", "2011-12-31": "0.00700", "2011-09-30": "0.00100", "2011-06-30": "0.00500", "2011-03-31": "0.00600", "2010-12-31": "0.00700", "2010-09-30": "0.00500", "2010-06-30": "0.00300", "2010-03-31": "0.00500", "2009-12-31": "0.00500", "2009-09-30": "0.00400", "2009-06-30": "", "2009-03-31": "-0.00100", "2008-12-31": "0.01300", "2008-09-30": "0.01300", "2008-06-30": "0.00800", "2008-03-31": "0.01400", "2007-12-31": "0.01300", "2007-09-30": "0.05800", "2007-06-30": "0.07400", "2007-03-31": "5.92900", "2006-12-31": "9.14400", "2006-09-30": "6.56800", "2006-06-30": "5.29600", "2006-03-31": "4.93400", "2005-12-31": "4.44600", "2005-09-30": "4.78100", "2005-06-30": "3.75300", "2005-03-31": "3.98400"}, "Other Share Holders Equity": {"2020-12-31": "", "2020-09-30": "", "2020-06-30": "", "2020-03-31": "", "2019-12-31": "", "2019-09-30": "", "2019-06-30": "", "2019-03-31": "", "2018-12-31": "", "2018-09-30": "", "2018-06-30": "", "2018-03-31": "", "2017-12-31": "", "2017-09-30": "", "2017-06-30": "", "2017-03-31": "", "2016-12-31": "", "2016-09-30": "", "2016-06-30": "", "2016-03-31": "", "2015-12-31": "", "2015-09-30": "", "2015-06-30": "", "2015-03-31": "", "2014-12-31": "", "2014-09-30": "", "2014-06-30": "", "2014-03-31": "", "2013-12-31": "", "2013-09-30": "", "2013-06-30": "", "2013-03-31": "", "2012-12-31": "", "2012-09-30": "", "2012-06-30": "", "2012-03-31": "", "2011-12-31": "", "2011-09-30": "", "2011-06-30": "", "2011-03-31": "", "2010-12-31": "", "2010-09-30": "", "2010-06-30": "", "2010-03-31": "", "2009-12-31": "", "2009-09-30": "", "2009-06-30": "", "2009-03-31": "", "2008-12-31": "", "2008-09-30": "", "2008-06-30": "", "2008-03-31": "", "2007-12-31": "", "2007-09-30": "", "2007-06-30": "", "2007-03-31": "", "2006-12-31": "", "2006-09-30": "", "2006-06-30": "", "2006-03-31": "", "2005-12-31": "", "2005-09-30": "", "2005-06-30": "", "2005-03-31": ""}, "Share Holder Equity": {"2020-12-31": "3754.20000", "2020-09-30": "3702.01000", "2020-06-30": "3583.51800", "2020-03-31": "3479.84100", "2019-12-31": "3350.27900", "2019-09-30": "3314.52300", "2019-06-30": "3180.63100", "2019-03-31": "3098.43100", "2018-12-31": "3000.56800", "2018-09-30": "2939.40800", "2018-06-30": "2831.48200", "2018-03-31": "2770.59300", "2017-12-31": "2582.69900", "2017-09-30": "2483.64700", "2017-06-30": "2458.23300", "2017-03-31": "2415.79600", "2016-12-31": "2360.21100", "2016-09-30": "2324.77200", "2016-06-30": "2252.24700", "2016-03-31": "2198.53300", "2015-12-31": "2149.77600", "2015-09-30": "2185.73500", "2015-06-30": "2113.05400", "2015-03-31": "2061.46200", "2014-12-31": "2113.74500", "2014-09-30": "2105.29500", "2014-06-30": "2081.51400", "2014-03-31": "2052.86000", "2013-12-31": "2007.14100", "2013-09-30": "1964.78400", "2013-06-30": "1902.05800", "2013-03-31": "1859.25600", "2012-12-31": "1807.33300", "2012-09-30": "1768.81400", "2012-06-30": "1718.24700", "2012-03-31": "1685.05000", "2011-12-31": "1643.96300", "2011-09-30": "1616.56100", "2011-06-30": "1572.93100", "2011-03-31": "1544.41200", "2010-12-31": "1506.34400", "2010-09-30": "1481.36200", "2010-06-30": "1439.09400", "2010-03-31": "1405.39700", "2009-12-31": "1369.87400", "2009-09-30": "1354.69400", "2009-06-30": "1313.18500", "2009-03-31": "1281.43300", "2008-12-31": "1241.74100", "2008-09-30": "1216.78900", "2008-06-30": "1174.19300", "2008-03-31": "1141.83100", "2007-12-31": "1097.45800", "2007-09-30": "1072.98500", "2007-06-30": "1022.91500", "2007-03-31": "983.83800", "2006-12-31": "929.34500", "2006-09-30": "895.92200", "2006-06-30": "849.98400", "2006-03-31": "810.60200", "2005-12-31": "764.34400", "2005-09-30": "734.79900", "2005-06-30": "694.68700", "2005-03-31": "662.49900"}, "Total Liabilities And Share Holders Equity": {"2020-12-31": "8966.50000", "2020-09-30": "8795.37900", "2020-06-30": "8201.05800", "2020-03-31": "7582.34500", "2019-12-31": "7622.82100", "2019-09-30": "7680.66400", "2019-06-30": "7164.76700", "2019-03-31": "6806.28900", "2018-12-31": "6688.66800", "2018-09-30": "5802.80600", "2018-06-30": "5701.55700", "2018-03-31": "5615.08300", "2017-12-31": "5747.55000", "2017-09-30": "7414.27700", "2017-06-30": "5279.00900", "2017-03-31": "5197.44400", "2016-12-31": "5262.73400", "2016-09-30": "5522.02700", "2016-06-30": "5206.87700", "2016-03-31": "4992.96000", "2015-12-31": "5004.47900", "2015-09-30": "5002.19200", "2015-06-30": "5020.83700", "2015-03-31": "4838.94200", "2014-12-31": "4956.45800", "2014-09-30": "4945.74800", "2014-06-30": "4930.47200", "2014-03-31": "3674.28900", "2013-12-31": "3649.50800", "2013-09-30": "3554.78800", "2013-06-30": "3326.32000", "2013-03-31": "3230.36000", "2012-12-31": "3128.05800", "2012-09-30": "3134.72900", "2012-06-30": "3097.29100", "2012-03-31": "3017.44700", "2011-12-31": "2607.01100", "2011-09-30": "2561.30300", "2011-06-30": "2524.87200", "2011-03-31": "2443.99600", "2010-12-31": "2400.81400", "2010-09-30": "2387.81100", "2010-06-30": "2336.81200", "2010-03-31": "2249.43700", "2009-12-31": "2224.22600", "2009-09-30": "2238.12200", "2009-06-30": "2230.21200", "2009-03-31": "2147.31600", "2008-12-31": "2119.58000", "2008-09-30": "2107.30100", "2008-06-30": "2072.83300", "2008-03-31": "1986.14900", "2007-12-31": "1960.65900", "2007-09-30": "1915.35900", "2007-06-30": "1884.69200", "2007-03-31": "1827.40700", "2006-12-31": "1807.95200", "2006-09-30": "1803.16800", "2006-06-30": "1715.23100", "2006-03-31": "1682.40200", "2005-12-31": "1608.66000", "2005-09-30": "1525.73900", "2005-06-30": "1467.43600", "2005-03-31": "1461.52500"}}, "cash flow statement": {"Net Income/Loss": {"2020-12-31": "480.50000", "2019-12-31": "398.51400", "2018-12-31": "344.25500", "2017-12-31": "399.63000", "2016-12-31": "257.49100", "2015-12-31": "243.31800", "2014-12-31": "206.89600", "2013-12-31": "217.11200", "2012-12-31": "184.04500", "2011-12-31": "163.99500", "2010-12-31": "161.75200", "2009-12-31": "153.29400", "2008-12-31": "166.12400", "2007-12-31": "190.95900", "2006-12-31": "172.35000", "2005-12-31": "150.55100"}, "Total Depreciation And Amortization - Cash Flow": {"2020-12-31": "137.10000", "2019-12-31": "130.76400", "2018-12-31": "110.99500", "2017-12-31": "110.00600", "2016-12-31": "109.46700", "2015-12-31": "108.46800", "2014-12-31": "103.88200", "2013-12-31": "85.41700", "2012-12-31": "78.94600", "2011-12-31": "67.14700", "2010-12-31": "64.08100", "2009-12-31": "63.09700", "2008-12-31": "59.91700", "2007-12-31": "53.19900", "2006-12-31": "47.80700", "2005-12-31": "43.30600"}, "Other Non-Cash Items": {"2020-12-31": "65.80000", "2019-12-31": "48.11000", "2018-12-31": "37.02400", "2017-12-31": "-78.69400", "2016-12-31": "40.09200", "2015-12-31": "29.72200", "2014-12-31": "76.59600", "2013-12-31": "51.78900", "2012-12-31": "41.81500", "2011-12-31": "36.05700", "2010-12-31": "26.28400", "2009-12-31": "35.58300", "2008-12-31": "31.95600", "2007-12-31": "-24.95200", "2006-12-31": "16.11500", "2005-12-31": "11.50100"}, "Total Non-Cash Items": {"2020-12-31": "202.90000", "2019-12-31": "178.87400", "2018-12-31": "148.01900", "2017-12-31": "31.31200", "2016-12-31": "149.55900", "2015-12-31": "138.19000", "2014-12-31": "180.47800", "2013-12-31": "137.20600", "2012-12-31": "120.76100", "2011-12-31": "103.20400", "2010-12-31": "90.36500", "2009-12-31": "98.68000", "2008-12-31": "91.87300", "2007-12-31": "28.24700", "2006-12-31": "63.92200", "2005-12-31": "54.80700"}, "Change In Accounts Receivable": {"2020-12-31": "-120.40000", "2019-12-31": "-79.88700", "2018-12-31": "318.79400", "2017-12-31": "-443.04300", "2016-12-31": "-109.66500", "2015-12-31": "-26.10300", "2014-12-31": "1.05000", "2013-12-31": "-40.72900", "2012-12-31": "-11.31200", "2011-12-31": "-20.57000", "2010-12-31": "-2.55500", "2009-12-31": "36.94300", "2008-12-31": "3.16900", "2007-12-31": "45.05900", "2006-12-31": "-23.56400", "2005-12-31": "-84.05800"}, "Change In Inventories": {"2020-12-31": "", "2019-12-31": "", "2018-12-31": "", "2017-12-31": "", "2016-12-31": "", "2015-12-31": "", "2014-12-31": "", "2013-12-31": "", "2012-12-31": "", "2011-12-31": "", "2010-12-31": "", "2009-12-31": "", "2008-12-31": "", "2007-12-31": "", "2006-12-31": "", "2005-12-31": ""}, "Change In Accounts Payable": {"2020-12-31": "312.90000", "2019-12-31": "237.88900", "2018-12-31": "202.75300", "2017-12-31": "102.04300", "2016-12-31": "103.94600", "2015-12-31": "32.00900", "2014-12-31": "88.40400", "2013-12-31": "137.67600", "2012-12-31": "-11.20500", "2011-12-31": "10.61500", "2010-12-31": "26.59500", "2009-12-31": "-50.79800", "2008-12-31": "-41.93800", "2007-12-31": "-49.67300", "2006-12-31": "32.19400", "2005-12-31": "172.26300"}, "Change In Assets/Liabilities": {"2020-12-31": "-154.30000", "2019-12-31": "-57.21000", "2018-12-31": "-446.29200", "2017-12-31": "352.03300", "2016-12-31": "17.05700", "2015-12-31": "-2.30600", "2014-12-31": "-88.51100", "2013-12-31": "-59.53300", "2012-12-31": "-53.31500", "2011-12-31": "-18.79700", "2010-12-31": "31.28600", "2009-12-31": "-16.53400", "2008-12-31": "122.52500", "2007-12-31": "0.74800", "2006-12-31": "-19.68800", "2005-12-31": "-78.47500"}, "Total Change In Assets/Liabilities": {"2020-12-31": "38.20000", "2019-12-31": "100.79200", "2018-12-31": "75.25500", "2017-12-31": "11.03300", "2016-12-31": "3.99200", "2015-12-31": "0.32400", "2014-12-31": "-2.35500", "2013-12-31": "35.05600", "2012-12-31": "-84.49100", "2011-12-31": "-29.66800", "2010-12-31": "43.93500", "2009-12-31": "-30.38900", "2008-12-31": "83.75600", "2007-12-31": "-3.86600", "2006-12-31": "-11.05800", "2005-12-31": "9.73000"}, "Cash Flow From Operating Activities": {"2020-12-31": "721.60000", "2019-12-31": "678.18000", "2018-12-31": "567.52900", "2017-12-31": "441.97500", "2016-12-31": "411.04200", "2015-12-31": "381.83200", "2014-12-31": "385.01900", "2013-12-31": "389.37400", "2012-12-31": "220.31500", "2011-12-31": "237.53100", "2010-12-31": "296.05200", "2009-12-31": "221.58500", "2008-12-31": "341.75300", "2007-12-31": "215.34000", "2006-12-31": "225.21400", "2005-12-31": "215.08800"}, "Net Change In Property, Plant, And Equipment": {"2020-12-31": "-61.10000", "2019-12-31": "-51.51600", "2018-12-31": "-36.53600", "2017-12-31": "-20.09800", "2016-12-31": "-12.80800", "2015-12-31": "-7.79900", "2014-12-31": "-11.29200", "2013-12-31": "-10.48000", "2012-12-31": "-9.93300", "2011-12-31": "-9.92200", "2010-12-31": "-8.89600", "2009-12-31": "-10.00500", "2008-12-31": "-9.51500", "2007-12-31": "-23.93000", "2006-12-31": "-13.58000", "2005-12-31": "-11.06400"}, "Net Change In Intangible Assets": {"2020-12-31": "", "2019-12-31": "", "2018-12-31": "", "2017-12-31": "", "2016-12-31": "", "2015-12-31": "", "2014-12-31": "", "2013-12-31": "", "2012-12-31": "", "2011-12-31": "", "2010-12-31": "", "2009-12-31": "", "2008-12-31": "", "2007-12-31": "", "2006-12-31": "", "2005-12-31": ""}, "Net Acquisitions/Divestitures": {"2020-12-31": "-694.80000", "2019-12-31": "-353.04300", "2018-12-31": "-923.87400", "2017-12-31": "-41.47100", "2016-12-31": "-122.62200", "2015-12-31": "-136.00000", "2014-12-31": "-696.48600", "2013-12-31": "-367.71200", "2012-12-31": "-425.05400", "2011-12-31": "-166.05500", "2010-12-31": "-157.63700", "2009-12-31": "-44.68200", "2008-12-31": "-263.40000", "2007-12-31": "-212.30300", "2006-12-31": "-143.73700", "2005-12-31": "-262.18100"}, "Net Change In Short-term Investments": {"2020-12-31": "", "2019-12-31": "", "2018-12-31": "", "2017-12-31": "", "2016-12-31": "", "2015-12-31": "", "2014-12-31": "", "2013-12-31": "", "2012-12-31": "", "2011-12-31": "", "2010-12-31": "", "2009-12-31": "", "2008-12-31": "", "2007-12-31": "", "2006-12-31": "", "2005-12-31": ""}, "Net Change In Long-Term Investments": {"2020-12-31": "-3.20000", "2019-12-31": "-9.02600", "2018-12-31": "8.63900", "2017-12-31": "-1.02100", "2016-12-31": "-6.98200", "2015-12-31": "-0.83800", "2014-12-31": "0.46500", "2013-12-31": "-2.44000", "2012-12-31": "-0.51300", "2011-12-31": "0.25200", "2010-12-31": "0.04200", "2009-12-31": "-0.74200", "2008-12-31": "-4.01800", "2007-12-31": "19.02000", "2006-12-31": "-0.09200", "2005-12-31": "0.59700"}, "Net Change In Investments - Total": {"2020-12-31": "-3.20000", "2019-12-31": "-9.02600", "2018-12-31": "8.63900", "2017-12-31": "-1.02100", "2016-12-31": "-6.98200", "2015-12-31": "-0.83800", "2014-12-31": "0.46500", "2013-12-31": "-2.44000", "2012-12-31": "-0.51300", "2011-12-31": "0.25200", "2010-12-31": "0.04200", "2009-12-31": "-0.74200", "2008-12-31": "-4.01800", "2007-12-31": "19.02000", "2006-12-31": "-0.09200", "2005-12-31": "0.59700"}, "Investing Activities - Other": {"2020-12-31": "", "2019-12-31": "", "2018-12-31": "", "2017-12-31": "", "2016-12-31": "", "2015-12-31": "", "2014-12-31": "", "2013-12-31": "", "2012-12-31": "", "2011-12-31": "", "2010-12-31": "", "2009-12-31": "", "2008-12-31": "", "2007-12-31": "", "2006-12-31": "", "2005-12-31": ""}, "Cash Flow From Investing Activities": {"2020-12-31": "-759.10000", "2019-12-31": "-413.58500", "2018-12-31": "-951.77100", "2017-12-31": "-62.59000", "2016-12-31": "-142.41200", "2015-12-31": "-144.63700", "2014-12-31": "-707.31300", "2013-12-31": "-380.63200", "2012-12-31": "-435.50000", "2011-12-31": "-175.72500", "2010-12-31": "-166.49100", "2009-12-31": "-55.42900", "2008-12-31": "-276.93300", "2007-12-31": "-217.21300", "2006-12-31": "-157.40900", "2005-12-31": "-272.64800"}, "Net Long-Term Debt": {"2020-12-31": "645.00000", "2019-12-31": "300.00000", "2018-12-31": "180.00000", "2017-12-31": "-96.75000", "2016-12-31": "-73.12500", "2015-12-31": "-45.62500", "2014-12-31": "718.42500", "2013-12-31": "29.90700", "2012-12-31": "198.77300", "2011-12-31": "-2.07200", "2010-12-31": "-19.42500", "2009-12-31": "-15.08900", "2008-12-31": "4.65800", "2007-12-31": "-29.14200", "2006-12-31": "-62.43200", "2005-12-31": "-16.11700"}, "Net Current Debt": {"2020-12-31": "-100.00000", "2019-12-31": "-250.00000", "2018-12-31": "350.00000", "2017-12-31": "", "2016-12-31": "", "2015-12-31": "", "2014-12-31": "", "2013-12-31": "", "2012-12-31": "", "2011-12-31": "", "2010-12-31": "", "2009-12-31": "", "2008-12-31": "", "2007-12-31": "", "2006-12-31": "", "2005-12-31": ""}, "Debt Issuance/Retirement Net - Total": {"2020-12-31": "545.00000", "2019-12-31": "50.00000", "2018-12-31": "530.00000", "2017-12-31": "-96.75000", "2016-12-31": "-73.12500", "2015-12-31": "-45.62500", "2014-12-31": "718.42500", "2013-12-31": "29.90700", "2012-12-31": "198.77300", "2011-12-31": "-2.07200", "2010-12-31": "-19.42500", "2009-12-31": "-15.08900", "2008-12-31": "4.65800", "2007-12-31": "-29.14200", "2006-12-31": "-62.43200", "2005-12-31": "-16.11700"}, "Net Common Equity Issued/Repurchased": {"2020-12-31": "-25.00000", "2019-12-31": "-33.67200", "2018-12-31": "-71.81800", "2017-12-31": "-111.21700", "2016-12-31": "-11.42000", "2015-12-31": "-161.96700", "2014-12-31": "-63.46900", "2013-12-31": "11.16100", "2012-12-31": "4.34200", "2011-12-31": "8.00800", "2010-12-31": "0.97600", "2009-12-31": "10.14200", "2008-12-31": "10.91400", "2007-12-31": "11.32000", "2006-12-31": "11.27400", "2005-12-31": "9.71700"}, "Net Total Equity Issued/Repurchased": {"2020-12-31": "-25.00000", "2019-12-31": "-33.67200", "2018-12-31": "-71.81800", "2017-12-31": "-111.21700", "2016-12-31": "-11.42000", "2015-12-31": "-161.96700", "2014-12-31": "-63.46900", "2013-12-31": "11.16100", "2012-12-31": "4.34200", "2011-12-31": "8.00800", "2010-12-31": "0.97600", "2009-12-31": "10.14200", "2008-12-31": "10.91400", "2007-12-31": "11.32000", "2006-12-31": "11.27400", "2005-12-31": "9.71700"}, "Total Common And Preferred Stock Dividends Paid": {"2020-12-31": "-100.60000", "2019-12-31": "-91.34400", "2018-12-31": "-84.69000", "2017-12-31": "-77.71200", "2016-12-31": "-70.26200", "2015-12-31": "-64.10800", "2014-12-31": "-59.33400", "2013-12-31": "-53.54600", "2012-12-31": "-49.53400", "2011-12-31": "-46.49400", "2010-12-31": "-44.49600", "2009-12-31": "-42.89600", "2008-12-31": "-40.20700", "2007-12-31": "-35.12500", "2006-12-31": "-29.34100", "2005-12-31": "-23.56600"}, "Financial Activities - Other": {"2020-12-31": "-73.00000", "2019-12-31": "-4.20000", "2018-12-31": "-35.74200", "2017-12-31": "-50.90100", "2016-12-31": "-5.71300", "2015-12-31": "-22.13900", "2014-12-31": "-6.23200", "2013-12-31": "-13.13300", "2012-12-31": "-4.88000", "2011-12-31": "-7.92700", "2010-12-31": "9.25500", "2009-12-31": "0.24300", "2008-12-31": "0.13800", "2007-12-31": "4.56400", "2006-12-31": "0.60400", "2005-12-31": ""}, "Cash Flow From Financial Activities": {"2020-12-31": "346.40000", "2019-12-31": "-79.21600", "2018-12-31": "337.75000", "2017-12-31": "-336.58000", "2016-12-31": "-160.52000", "2015-12-31": "-293.83900", "2014-12-31": "589.39000", "2013-12-31": "-25.61100", "2012-12-31": "148.70100", "2011-12-31": "-48.48500", "2010-12-31": "-53.69000", "2009-12-31": "-47.60000", "2008-12-31": "-24.49700", "2007-12-31": "-48.38300", "2006-12-31": "-79.89500", "2005-12-31": "-29.96600"}, "Net Cash Flow": {"2020-12-31": "308.90000", "2019-12-31": "185.37900", "2018-12-31": "-46.49200", "2017-12-31": "42.80500", "2016-12-31": "108.11000", "2015-12-31": "-56.64400", "2014-12-31": "267.09600", "2013-12-31": "-16.86900", "2012-12-31": "-66.48400", "2011-12-31": "13.32100", "2010-12-31": "75.87100", "2009-12-31": "118.55600", "2008-12-31": "40.32300", "2007-12-31": "-50.25600", "2006-12-31": "-12.09000", "2005-12-31": "-87.52600"}, "Stock-Based Compensation": {"2020-12-31": "59.70000", "2019-12-31": "46.99400", "2018-12-31": "33.51900", "2017-12-31": "30.63100", "2016-12-31": "16.05200", "2015-12-31": "15.51300", "2014-12-31": "19.36300", "2013-12-31": "22.60300", "2012-12-31": "15.86500", "2011-12-31": "11.19400", "2010-12-31": "6.84500", "2009-12-31": "7.35800", "2008-12-31": "7.31400", "2007-12-31": "5.66700", "2006-12-31": "5.41600", "2005-12-31": "3.33700"}, "Common Stock Dividends Paid": {"2020-12-31": "-100.60000", "2019-12-31": "-91.34400", "2018-12-31": "-84.69000", "2017-12-31": "-77.71200", "2016-12-31": "-70.26200", "2015-12-31": "-64.10800", "2014-12-31": "-59.33400", "2013-12-31": "-53.54600", "2012-12-31": "-49.53400", "2011-12-31": "-46.49400", "2010-12-31": "-44.49600", "2009-12-31": "-42.89600", "2008-12-31": "-40.20700", "2007-12-31": "-35.12500", "2006-12-31": "-29.34100", "2005-12-31": "-23.56600"}}, "cash flow statement, quarterly": {"Net Income/Loss": {"2020-12-31": 97.337, "2020-09-30": 133.979, "2020-06-30": 96.784, "2020-03-31": "152.40000", "2019-12-31": 76.519, "2019-09-30": 115.506, "2019-06-30": 92.593, "2019-03-31": "113.89600", "2018-12-31": 73.452, "2018-09-30": 106.053, "2018-06-30": 73.922, "2018-03-31": "90.82800", "2017-12-31": 187.505, "2017-09-30": 75.913, "2017-06-30": 66.102, "2017-03-31": "70.11000", "2016-12-31": 57.626, "2016-09-30": 71.545, "2016-06-30": 66.25, "2016-03-31": "62.07000", "2015-12-31": 57.935, "2015-09-30": 67.427, "2015-06-30": 61.005, "2015-03-31": "56.95100", "2014-12-31": 24.395, "2014-09-30": 68.331, "2014-06-30": 61.755, "2014-03-31": "52.41500", "2013-12-31": 47.225, "2013-09-30": 57.749, "2013-06-30": 52.007, "2013-03-31": "60.13100", "2012-12-31": 42.637, "2012-09-30": 49.504, "2012-06-30": 42.471, "2012-03-31": "49.43300", "2011-12-31": 36.494, "2011-09-30": 44.173, "2011-06-30": 37.035, "2011-03-31": "46.29300", "2010-12-31": 32.146, "2010-09-30": 44.293, "2010-06-30": 41.185, "2010-03-31": "44.12800", "2009-12-31": 23.653, "2009-09-30": 40.961, "2009-06-30": 40.668, "2009-03-31": "48.01200", "2008-12-31": 33.373, "2008-09-30": 40.593, "2008-06-30": 40.398, "2008-03-31": "51.76000", "2007-12-31": 33.004, "2007-09-30": 46.216, "2007-06-30": 52.012, "2007-03-31": "59.72700", "2006-12-31": 37.623, "2006-09-30": 40.27, "2006-06-30": 44.431, "2006-03-31": "50.02600", "2005-12-31": 35.717, "2005-09-30": 34.783, "2005-06-30": 37.033, "2005-03-31": "43.01800"}, "Total Depreciation And Amortization - Cash Flow": {"2020-12-31": 36.429, "2020-09-30": 34.27, "2020-06-30": 33.47, "2020-03-31": "32.93100", "2019-12-31": 33.32, "2019-09-30": 32.621, "2019-06-30": 32.147, "2019-03-31": "32.67600", "2018-12-31": 30.408, "2018-09-30": 27.292, "2018-06-30": 26.794, "2018-03-31": "26.50100", "2017-12-31": 26.914, "2017-09-30": 27.337, "2017-06-30": 27.607, "2017-03-31": "28.14800", "2016-12-31": 27.214, "2016-09-30": 27.428, "2016-06-30": 27.42, "2016-03-31": "27.40500", "2015-12-31": 27.309, "2015-09-30": 26.608, "2015-06-30": 27.314, "2015-03-31": "27.23700", "2014-12-31": 28.062, "2014-09-30": 27.439, "2014-06-30": 25.865, "2014-03-31": "22.51600", "2013-12-31": 22.381, "2013-09-30": 22.324, "2013-06-30": 20.384, "2013-03-31": "20.32800", "2012-12-31": 20.113, "2012-09-30": 19.914, "2012-06-30": 19.665, "2012-03-31": "19.25400", "2011-12-31": 17.081, "2011-09-30": 16.787, "2011-06-30": 16.635, "2011-03-31": "16.64400", "2010-12-31": 16.511, "2010-09-30": 15.985, "2010-06-30": 15.779, "2010-03-31": "15.80600", "2009-12-31": 15.77, "2009-09-30": 15.791, "2009-06-30": 15.818, "2009-03-31": "15.71800", "2008-12-31": 15.199, "2008-09-30": 15.672, "2008-06-30": 14.684, "2008-03-31": "14.36200", "2007-12-31": 13.909, "2007-09-30": 13.544, "2007-06-30": 13.204, "2007-03-31": "12.54200", "2006-12-31": 12.438, "2006-09-30": 12.011, "2006-06-30": 11.763, "2006-03-31": "11.59500", "2005-12-31": 11.53, "2005-09-30": 10.99, "2005-06-30": 10.884, "2005-03-31": "9.90200"}, "Other Non-Cash Items": {"2020-12-31": 14.66, "2020-09-30": 36.631, "2020-06-30": 21.926, "2020-03-31": "-7.41700", "2019-12-31": 18.638, "2019-09-30": 12.949, "2019-06-30": 16.395, "2019-03-31": "0.12800", "2018-12-31": 40.424, "2018-09-30": 0.965, "2018-06-30": 1.07, "2018-03-31": "-5.43500", "2017-12-31": -117.767, "2017-09-30": 6.31, "2017-06-30": 14.715, "2017-03-31": "18.04800", "2016-12-31": 8.115, "2016-09-30": 12.41, "2016-06-30": 13.144, "2016-03-31": "6.42300", "2015-12-31": -1.047, "2015-09-30": 9.086, "2015-06-30": 7.528, "2015-03-31": "14.15500", "2014-12-31": 38.866, "2014-09-30": 8.879, "2014-06-30": 5.203, "2014-03-31": "23.64800", "2013-12-31": 8.577, "2013-09-30": 15.539, "2013-06-30": 8.682, "2013-03-31": "18.99100", "2012-12-31": 4.708, "2012-09-30": 7.59, "2012-06-30": 10.711, "2012-03-31": "18.80600", "2011-12-31": -3.225, "2011-09-30": 8.019, "2011-06-30": 10.229, "2011-03-31": "21.03400", "2010-12-31": -3.617, "2010-09-30": 7.389, "2010-06-30": 6.522, "2010-03-31": "15.99000", "2009-12-31": -2.188, "2009-09-30": 11.128, "2009-06-30": 6.495, "2009-03-31": "20.14800", "2008-12-31": -7.122, "2008-09-30": 10.159, "2008-06-30": 6.396, "2008-03-31": "22.52300", "2007-12-31": -11.449, "2007-09-30": 0.795, "2007-06-30": -8.202, "2007-03-31": "-6.09600", "2006-12-31": 3.95, "2006-09-30": 7.106, "2006-06-30": 3.557, "2006-03-31": "1.50200", "2005-12-31": 7.633, "2005-09-30": 3.779, "2005-06-30": 0.39, "2005-03-31": "-0.30100"}, "Total Non-Cash Items": {"2020-12-31": 51.089, "2020-09-30": 70.901, "2020-06-30": 55.396, "2020-03-31": "25.51400", "2019-12-31": 51.958, "2019-09-30": 45.57, "2019-06-30": 48.542, "2019-03-31": "32.80400", "2018-12-31": 70.832, "2018-09-30": 28.257, "2018-06-30": 27.864, "2018-03-31": "21.06600", "2017-12-31": -90.853, "2017-09-30": 33.647, "2017-06-30": 42.322, "2017-03-31": "46.19600", "2016-12-31": 35.329, "2016-09-30": 39.838, "2016-06-30": 40.564, "2016-03-31": "33.82800", "2015-12-31": 26.262, "2015-09-30": 35.694, "2015-06-30": 34.842, "2015-03-31": "41.39200", "2014-12-31": 66.928, "2014-09-30": 36.318, "2014-06-30": 31.068, "2014-03-31": "46.16400", "2013-12-31": 30.958, "2013-09-30": 37.863, "2013-06-30": 29.066, "2013-03-31": "39.31900", "2012-12-31": 24.821, "2012-09-30": 27.504, "2012-06-30": 30.376, "2012-03-31": "38.06000", "2011-12-31": 13.856, "2011-09-30": 24.806, "2011-06-30": 26.864, "2011-03-31": "37.67800", "2010-12-31": 12.894, "2010-09-30": 23.374, "2010-06-30": 22.301, "2010-03-31": "31.79600", "2009-12-31": 13.582, "2009-09-30": 26.919, "2009-06-30": 22.313, "2009-03-31": "35.86600", "2008-12-31": 8.077, "2008-09-30": 25.831, "2008-06-30": 21.08, "2008-03-31": "36.88500", "2007-12-31": 2.46, "2007-09-30": 14.339, "2007-06-30": 5.002, "2007-03-31": "6.44600", "2006-12-31": 16.388, "2006-09-30": 19.117, "2006-06-30": 15.32, "2006-03-31": "13.09700", "2005-12-31": 19.163, "2005-09-30": 14.769, "2005-06-30": 11.274, "2005-03-31": "9.60100"}, "Change In Accounts Receivable": {"2020-12-31": -8.317, "2020-09-30": 4.732, "2020-06-30": -88.674, "2020-03-31": "-28.14100", "2019-12-31": 205.582, "2019-09-30": -201.916, "2019-06-30": -91.109, "2019-03-31": "7.55600", "2018-12-31": -35.95, "2018-09-30": -4.489, "2018-06-30": 21.795, "2018-03-31": "337.43800", "2017-12-31": 1662.51, "2017-09-30": -2164.075, "2017-06-30": 3.381, "2017-03-31": "55.14100", "2016-12-31": 221.695, "2016-09-30": -268.417, "2016-06-30": -42.011, "2016-03-31": "-20.93200", "2015-12-31": -4.203, "2015-09-30": 33.165, "2015-06-30": -49.875, "2015-03-31": "-5.19000", "2014-12-31": -22.08, "2014-09-30": 47.397, "2014-06-30": -16.095, "2014-03-31": "-8.17200", "2013-12-31": -22.632, "2013-09-30": -11.79, "2013-06-30": -6.569, "2013-03-31": "0.26200", "2012-12-31": -20.11, "2012-09-30": 15.153, "2012-06-30": 0.136, "2012-03-31": "-6.49100", "2011-12-31": -25.997, "2011-09-30": 36.199, "2011-06-30": -12.76, "2011-03-31": "-18.01200", "2010-12-31": 10.686, "2010-09-30": 9.801, "2010-06-30": -20.607, "2010-03-31": "-2.43500", "2009-12-31": 29.31, "2009-09-30": -3.286, "2009-06-30": -4.585, "2009-03-31": "15.50400", "2008-12-31": 15.179, "2008-09-30": 9.088, "2008-06-30": -32.279, "2008-03-31": "11.18100", "2007-12-31": 31.436, "2007-09-30": 2.432, "2007-06-30": -28.691, "2007-03-31": "39.88200", "2006-12-31": -13.771, "2006-09-30": 8.535, "2006-06-30": -31.373, "2006-03-31": "13.04500", "2005-12-31": -21.337, "2005-09-30": -17.907, "2005-06-30": -2.507, "2005-03-31": "-42.30700"}, "Change In Inventories": {"2020-12-31": 0, "2020-09-30": 0, "2020-06-30": 0, "2020-03-31": "", "2019-12-31": 0, "2019-09-30": 0, "2019-06-30": 0, "2019-03-31": "", "2018-12-31": 0, "2018-09-30": 0, "2018-06-30": 0, "2018-03-31": "", "2017-12-31": 0, "2017-09-30": 0, "2017-06-30": 0, "2017-03-31": "", "2016-12-31": 0, "2016-09-30": 0, "2016-06-30": 0, "2016-03-31": "", "2015-12-31": 0, "2015-09-30": 0, "2015-06-30": 0, "2015-03-31": "", "2014-12-31": 0, "2014-09-30": 0, "2014-06-30": 0, "2014-03-31": "", "2013-12-31": 0, "2013-09-30": 0, "2013-06-30": 0, "2013-03-31": "", "2012-12-31": 0, "2012-09-30": 0, "2012-06-30": 0, "2012-03-31": "", "2011-12-31": 0, "2011-09-30": 0, "2011-06-30": 0, "2011-03-31": "", "2010-12-31": 0, "2010-09-30": 0, "2010-06-30": 0, "2010-03-31": "", "2009-12-31": 0, "2009-09-30": 0, "2009-06-30": 0, "2009-03-31": "", "2008-12-31": 0, "2008-09-30": 0, "2008-06-30": 0, "2008-03-31": "", "2007-12-31": 0, "2007-09-30": 0, "2007-06-30": 0, "2007-03-31": "", "2006-12-31": 0, "2006-09-30": 0, "2006-06-30": 0, "2006-03-31": "", "2005-12-31": 0, "2005-09-30": 0, "2005-06-30": 0, "2005-03-31": ""}, "Change In Accounts Payable": {"2020-12-31": 254.925, "2020-09-30": -163.891, "2020-06-30": 377.508, "2020-03-31": "-155.64200", "2019-12-31": 240.855, "2019-09-30": -116.616, "2019-06-30": 239.689, "2019-03-31": "-126.03900", "2018-12-31": 153.284, "2018-09-30": -43.566, "2018-06-30": 166.189, "2018-03-31": "-73.15400", "2017-12-31": 49.742, "2017-09-30": -8.482, "2017-06-30": 125.626, "2017-03-31": "-64.84300", "2016-12-31": 48.096, "2016-09-30": -27.873, "2016-06-30": 161.793, "2016-03-31": "-78.07000", "2015-12-31": 44.417, "2015-09-30": -25.691, "2015-06-30": 46.375, "2015-03-31": "-33.09200", "2014-12-31": 29.534, "2014-09-30": -36.53, "2014-06-30": 117.379, "2014-03-31": "-21.97900", "2013-12-31": 66.714, "2013-09-30": -32.288, "2013-06-30": 41.568, "2013-03-31": "61.68200", "2012-12-31": -19.901, "2012-09-30": -46.632, "2012-06-30": 41.168, "2012-03-31": "14.16000", "2011-12-31": 12.421, "2011-09-30": -33.298, "2011-06-30": 44.543, "2011-03-31": "-13.05100", "2010-12-31": 16.839, "2010-09-30": -29.263, "2010-06-30": 44.922, "2010-03-31": "-5.90300", "2009-12-31": -24.706, "2009-09-30": -61.857, "2009-06-30": 54.359, "2009-03-31": "-18.59400", "2008-12-31": -12.851, "2008-09-30": -37.754, "2008-06-30": 52.979, "2008-03-31": "-44.31200", "2007-12-31": 4.712, "2007-09-30": -33.171, "2007-06-30": 24.304, "2007-03-31": "-45.51800", "2006-12-31": -1.265, "2006-09-30": -21.685, "2006-06-30": 47.073, "2006-03-31": "8.07100", "2005-12-31": 40.552, "2005-09-30": 4.443, "2005-06-30": 29.12, "2005-03-31": "98.14800"}, "Change In Assets/Liabilities": {"2020-12-31": -213.022, "2020-09-30": 77.168, "2020-06-30": -58.132, "2020-03-31": "39.68600", "2019-12-31": -343.854, "2019-09-30": 298.873, "2019-06-30": 10.632, "2019-03-31": "-22.86100", "2018-12-31": -49.606, "2018-09-30": -8.144, "2018-06-30": -91.845, "2018-03-31": "-296.69700", "2017-12-31": -1680.499, "2017-09-30": 2106.486, "2017-06-30": -57.371, "2017-03-31": "-16.58300", "2016-12-31": -270.706, "2016-09-30": 265.752, "2016-06-30": -15.564, "2016-03-31": "37.57500", "2015-12-31": -32.446, "2015-09-30": -46.663, "2015-06-30": 84.379, "2015-03-31": "-7.57600", "2014-12-31": 1.207, "2014-09-30": -7.252, "2014-06-30": -83.441, "2014-03-31": "0.97500", "2013-12-31": -40.999, "2013-09-30": 36.74, "2013-06-30": -31.153, "2013-03-31": "-24.12100", "2012-12-31": 12.272, "2012-09-30": 30.922, "2012-06-30": -27.164, "2012-03-31": "-69.34500", "2011-12-31": 0.222, "2011-09-30": 5.841, "2011-06-30": -23.647, "2011-03-31": "-1.21300", "2010-12-31": 8.673, "2010-09-30": 11.269, "2010-06-30": 5.139, "2010-03-31": "6.20500", "2009-12-31": -9.512, "2009-09-30": 1.534, "2009-06-30": -20.928, "2009-03-31": "12.37200", "2008-12-31": 93.91, "2008-09-30": 3.939, "2008-06-30": 34.731, "2008-03-31": "-10.05500", "2007-12-31": -22.762, "2007-09-30": 21.394, "2007-06-30": -6.738, "2007-03-31": "8.85400", "2006-12-31": 24.012, "2006-09-30": 0.866, "2006-06-30": -12.359, "2006-03-31": "-32.20700", "2005-12-31": 0.618, "2005-09-30": 10.004, "2005-06-30": -41.145, "2005-03-31": "-47.95200"}, "Total Change In Assets/Liabilities": {"2020-12-31": 33.586, "2020-09-30": -81.991, "2020-06-30": 230.702, "2020-03-31": "-144.09700", "2019-12-31": 102.583, "2019-09-30": -19.659, "2019-06-30": 159.212, "2019-03-31": "-141.34400", "2018-12-31": 67.728, "2018-09-30": -56.199, "2018-06-30": 96.139, "2018-03-31": "-32.41300", "2017-12-31": 31.753, "2017-09-30": -66.071, "2017-06-30": 71.636, "2017-03-31": "-26.28500", "2016-12-31": -1.048, "2016-09-30": -30.935, "2016-06-30": 98.651, "2016-03-31": "-62.67600", "2015-12-31": 6.994, "2015-09-30": -39.864, "2015-06-30": 80.835, "2015-03-31": "-47.64100", "2014-12-31": 8.346, "2014-09-30": 3.099, "2014-06-30": 17.634, "2014-03-31": "-31.43400", "2013-12-31": 1.287, "2013-09-30": -7.593, "2013-06-30": 3.791, "2013-03-31": "37.57100", "2012-12-31": -36.119, "2012-09-30": -0.781, "2012-06-30": 14.114, "2012-03-31": "-61.70500", "2011-12-31": -14.042, "2011-09-30": 8.646, "2011-06-30": 8.095, "2011-03-31": "-32.36700", "2010-12-31": 24.807, "2010-09-30": -8.193, "2010-06-30": 29.454, "2010-03-31": "-2.13300", "2009-12-31": -4.908, "2009-09-30": -63.609, "2009-06-30": 28.846, "2009-03-31": "9.28200", "2008-12-31": 96.238, "2008-09-30": -24.727, "2008-06-30": 55.431, "2008-03-31": "-43.18600", "2007-12-31": 13.386, "2007-09-30": -9.345, "2007-06-30": -11.125, "2007-03-31": "3.21800", "2006-12-31": 8.976, "2006-09-30": -12.284, "2006-06-30": 3.341, "2006-03-31": "-11.09100", "2005-12-31": 19.833, "2005-09-30": -3.46, "2005-06-30": -14.532, "2005-03-31": "7.88900"}, "Cash Flow From Operating Activities": {"2020-12-31": 182.012, "2020-09-30": 122.889, "2020-06-30": 382.882, "2020-03-31": "33.81700", "2019-12-31": 231.06, "2019-09-30": 141.417, "2019-06-30": 300.347, "2019-03-31": "5.35600", "2018-12-31": 212.012, "2018-09-30": 78.111, "2018-06-30": 197.925, "2018-03-31": "79.48100", "2017-12-31": 128.405, "2017-09-30": 43.489, "2017-06-30": 180.06, "2017-03-31": "90.02100", "2016-12-31": 91.907, "2016-09-30": 80.448, "2016-06-30": 205.465, "2016-03-31": "33.22200", "2015-12-31": 91.191, "2015-09-30": 63.257, "2015-06-30": 176.682, "2015-03-31": "50.70200", "2014-12-31": 99.669, "2014-09-30": 107.748, "2014-06-30": 110.457, "2014-03-31": "67.14500", "2013-12-31": 79.47, "2013-09-30": 88.019, "2013-06-30": 84.864, "2013-03-31": "137.02100", "2012-12-31": 31.339, "2012-09-30": 76.227, "2012-06-30": 86.961, "2012-03-31": "25.78800", "2011-12-31": 36.308, "2011-09-30": 77.625, "2011-06-30": 71.994, "2011-03-31": "51.60400", "2010-12-31": 69.847, "2010-09-30": 59.474, "2010-06-30": 92.94, "2010-03-31": "73.79100", "2009-12-31": 32.327, "2009-09-30": 4.271, "2009-06-30": 91.827, "2009-03-31": "93.16000", "2008-12-31": 137.688, "2008-09-30": 41.697, "2008-06-30": 116.909, "2008-03-31": "45.45900", "2007-12-31": 48.85, "2007-09-30": 51.21, "2007-06-30": 45.889, "2007-03-31": "69.39100", "2006-12-31": 62.987, "2006-09-30": 47.103, "2006-06-30": 63.092, "2006-03-31": "52.03200", "2005-12-31": 74.713, "2005-09-30": 46.092, "2005-06-30": 33.775, "2005-03-31": "60.50800"}, "Net Change In Property, Plant, And Equipment": {"2020-12-31": -13.902, "2020-09-30": -11.555, "2020-06-30": -19.57, "2020-03-31": "-16.07300", "2019-12-31": -7.657, "2019-09-30": -10.786, "2019-06-30": -9.919, "2019-03-31": "-23.15400", "2018-12-31": -11.015, "2018-09-30": -9.037, "2018-06-30": -6.875, "2018-03-31": "-9.60900", "2017-12-31": -11.286, "2017-09-30": -0.633, "2017-06-30": -5.736, "2017-03-31": "-2.44300", "2016-12-31": -3.084, "2016-09-30": -4.071, "2016-06-30": -3.868, "2016-03-31": "-1.78500", "2015-12-31": 0.18, "2015-09-30": -3.38, "2015-06-30": -4.584, "2015-03-31": "-0.01500", "2014-12-31": 5.505, "2014-09-30": -7.427, "2014-06-30": -5.472, "2014-03-31": "-3.89800", "2013-12-31": 0.106, "2013-09-30": -3.976, "2013-06-30": -3.906, "2013-03-31": "-2.70400", "2012-12-31": 3.743, "2012-09-30": -5.503, "2012-06-30": -6.371, "2012-03-31": "-1.80200", "2011-12-31": -1.745, "2011-09-30": -2.373, "2011-06-30": -3.013, "2011-03-31": "-2.79100", "2010-12-31": -2.751, "2010-09-30": -1.807, "2010-06-30": -2.525, "2010-03-31": "-1.81300", "2009-12-31": -2.157, "2009-09-30": -2.22, "2009-06-30": -2.502, "2009-03-31": "-3.12600", "2008-12-31": -2.281, "2008-09-30": -1.743, "2008-06-30": -3.565, "2008-03-31": "-1.92600", "2007-12-31": -5.141, "2007-09-30": -2.084, "2007-06-30": -1.776, "2007-03-31": "-14.92900", "2006-12-31": -2.18, "2006-09-30": -2.916, "2006-06-30": -4.165, "2006-03-31": "-4.31900", "2005-12-31": -3.314, "2005-09-30": -2.545, "2005-06-30": -2.52, "2005-03-31": "-2.68500"}, "Net Change In Intangible Assets": {"2020-12-31": 0, "2020-09-30": 0, "2020-06-30": 0, "2020-03-31": "", "2019-12-31": 0, "2019-09-30": 0, "2019-06-30": 0, "2019-03-31": "", "2018-12-31": 0, "2018-09-30": 0, "2018-06-30": 0, "2018-03-31": "", "2017-12-31": 0, "2017-09-30": 0, "2017-06-30": 0, "2017-03-31": "", "2016-12-31": 0, "2016-09-30": 0, "2016-06-30": 0, "2016-03-31": "", "2015-12-31": 0, "2015-09-30": 0, "2015-06-30": 0, "2015-03-31": "", "2014-12-31": 0, "2014-09-30": 0, "2014-06-30": 0, "2014-03-31": "", "2013-12-31": 0, "2013-09-30": 0, "2013-06-30": 0, "2013-03-31": "", "2012-12-31": 0, "2012-09-30": 0, "2012-06-30": 0, "2012-03-31": "", "2011-12-31": 0, "2011-09-30": 0, "2011-06-30": 0, "2011-03-31": "", "2010-12-31": 0, "2010-09-30": 0, "2010-06-30": 0, "2010-03-31": "", "2009-12-31": 0, "2009-09-30": 0, "2009-06-30": 0, "2009-03-31": "", "2008-12-31": 0, "2008-09-30": 0, "2008-06-30": 0, "2008-03-31": "", "2007-12-31": 0, "2007-09-30": 0, "2007-06-30": 0, "2007-03-31": "", "2006-12-31": 0, "2006-09-30": 0, "2006-06-30": 0, "2006-03-31": "", "2005-12-31": 0, "2005-09-30": 0, "2005-06-30": 0, "2005-03-31": ""}, "Net Acquisitions/Divestitures": {"2020-12-31": -292.442, "2020-09-30": -110.934, "2020-06-30": -138.133, "2020-03-31": "-153.29100", "2019-12-31": -64.65, "2019-09-30": -141.747, "2019-06-30": -51.565, "2019-03-31": "-95.08100", "2018-12-31": -669.038, "2018-09-30": -113.033, "2018-06-30": -108.227, "2018-03-31": "-33.57600", "2017-12-31": -14.993, "2017-09-30": -14.952, "2017-06-30": -11.526, "2017-03-31": "", "2016-12-31": -9.403, "2016-09-30": -5.929, "2016-06-30": -66.687, "2016-03-31": "-40.60300", "2015-12-31": -26.074, "2015-09-30": -4.87, "2015-06-30": -68.861, "2015-03-31": "-36.19500", "2014-12-31": -1.67, "2014-09-30": -0.079, "2014-06-30": -693.724, "2014-03-31": "-1.01300", "2013-12-31": -28.36, "2013-09-30": -324.968, "2013-06-30": -14.323, "2013-03-31": "-0.06100", "2012-12-31": -40.458, "2012-09-30": -14.863, "2012-06-30": -27.975, "2012-03-31": "-341.75800", "2011-12-31": -66.995, "2011-09-30": -13.45, "2011-06-30": -41.755, "2011-03-31": "-43.85500", "2010-12-31": -38.264, "2010-09-30": -85.4, "2010-06-30": -16.769, "2010-03-31": "-17.20400", "2009-12-31": -2.41, "2009-09-30": -3.499, "2009-06-30": -10.803, "2009-03-31": "-27.97000", "2008-12-31": -41.784, "2008-09-30": -34.574, "2008-06-30": -114.491, "2008-03-31": "-72.55100", "2007-12-31": -63.938, "2007-09-30": -36.545, "2007-06-30": -70.148, "2007-03-31": "-41.67200", "2006-12-31": -1.543, "2006-09-30": -53.18, "2006-06-30": -29.658, "2006-03-31": "-59.35600", "2005-12-31": -37.017, "2005-09-30": -10.009, "2005-06-30": -13.728, "2005-03-31": "-201.42700"}, "Net Change In Short-term Investments": {"2020-12-31": 0, "2020-09-30": 0, "2020-06-30": 0, "2020-03-31": "", "2019-12-31": 0, "2019-09-30": 0, "2019-06-30": 0, "2019-03-31": "", "2018-12-31": 0, "2018-09-30": 0, "2018-06-30": 0, "2018-03-31": "", "2017-12-31": 0, "2017-09-30": 0, "2017-06-30": 0, "2017-03-31": "", "2016-12-31": 0, "2016-09-30": 0, "2016-06-30": 0, "2016-03-31": "", "2015-12-31": 0, "2015-09-30": 0, "2015-06-30": 0, "2015-03-31": "", "2014-12-31": 0, "2014-09-30": 0, "2014-06-30": 0, "2014-03-31": "", "2013-12-31": 0, "2013-09-30": 0, "2013-06-30": 0, "2013-03-31": "", "2012-12-31": 0, "2012-09-30": 0, "2012-06-30": 0, "2012-03-31": "", "2011-12-31": 0, "2011-09-30": 0, "2011-06-30": 0, "2011-03-31": "", "2010-12-31": 0, "2010-09-30": 0, "2010-06-30": 0, "2010-03-31": "", "2009-12-31": 0, "2009-09-30": 0, "2009-06-30": 0, "2009-03-31": "", "2008-12-31": 0, "2008-09-30": 0, "2008-06-30": 0, "2008-03-31": "", "2007-12-31": 0, "2007-09-30": 0, "2007-06-30": 0, "2007-03-31": "", "2006-12-31": 0, "2006-09-30": 0, "2006-06-30": 0, "2006-03-31": "", "2005-12-31": 0, "2005-09-30": 0, "2005-06-30": 0, "2005-03-31": ""}, "Net Change In Long-Term Investments": {"2020-12-31": -0.505, "2020-09-30": -3.333, "2020-06-30": 0.483, "2020-03-31": "0.15500", "2019-12-31": -1.642, "2019-09-30": -2.624, "2019-06-30": -7.121, "2019-03-31": "2.36100", "2018-12-31": -0.015, "2018-09-30": 1.171, "2018-06-30": 7.094, "2018-03-31": "0.38900", "2017-12-31": 4.194, "2017-09-30": -2.21, "2017-06-30": -3.305, "2017-03-31": "0.30000", "2016-12-31": 0.634, "2016-09-30": -0.59, "2016-06-30": -4.524, "2016-03-31": "-2.50200", "2015-12-31": 1.577, "2015-09-30": -1.502, "2015-06-30": -2.32, "2015-03-31": "1.40700", "2014-12-31": 0.554, "2014-09-30": 0.055, "2014-06-30": 0.199, "2014-03-31": "-0.34300", "2013-12-31": 1.069, "2013-09-30": 0.512, "2013-06-30": -4.977, "2013-03-31": "0.95600", "2012-12-31": -0.006, "2012-09-30": -0.444, "2012-06-30": -0.083, "2012-03-31": "0.02000", "2011-12-31": -0.001, "2011-09-30": 0.114, "2011-06-30": -0.055, "2011-03-31": "0.19400", "2010-12-31": -0.508, "2010-09-30": 0.469, "2010-06-30": 0.207, "2010-03-31": "-0.12600", "2009-12-31": -0.02, "2009-09-30": -0.573, "2009-06-30": -0.167, "2009-03-31": "0.01800", "2008-12-31": -0.224, "2008-09-30": -0.654, "2008-06-30": -1.402, "2008-03-31": "-1.73800", "2007-12-31": 0.055, "2007-09-30": -0.399, "2007-06-30": 10.303, "2007-03-31": "9.06100", "2006-12-31": -0.132, "2006-09-30": 0.075, "2006-06-30": -0.024, "2006-03-31": "-0.01100", "2005-12-31": 0.042, "2005-09-30": 0.224, "2005-06-30": 0.514, "2005-03-31": "-0.18300"}, "Net Change In Investments - Total": {"2020-12-31": -0.505, "2020-09-30": -3.333, "2020-06-30": 0.483, "2020-03-31": "0.15500", "2019-12-31": -1.642, "2019-09-30": -2.624, "2019-06-30": -7.121, "2019-03-31": "2.36100", "2018-12-31": -0.015, "2018-09-30": 1.171, "2018-06-30": 7.094, "2018-03-31": "0.38900", "2017-12-31": 4.194, "2017-09-30": -2.21, "2017-06-30": -3.305, "2017-03-31": "0.30000", "2016-12-31": 0.634, "2016-09-30": -0.59, "2016-06-30": -4.524, "2016-03-31": "-2.50200", "2015-12-31": 1.577, "2015-09-30": -1.502, "2015-06-30": -2.32, "2015-03-31": "1.40700", "2014-12-31": 0.554, "2014-09-30": 0.055, "2014-06-30": 0.199, "2014-03-31": "-0.34300", "2013-12-31": 1.069, "2013-09-30": 0.512, "2013-06-30": -4.977, "2013-03-31": "0.95600", "2012-12-31": -0.006, "2012-09-30": -0.444, "2012-06-30": -0.083, "2012-03-31": "0.02000", "2011-12-31": -0.001, "2011-09-30": 0.114, "2011-06-30": -0.055, "2011-03-31": "0.19400", "2010-12-31": -0.508, "2010-09-30": 0.469, "2010-06-30": 0.207, "2010-03-31": "-0.12600", "2009-12-31": -0.02, "2009-09-30": -0.573, "2009-06-30": -0.167, "2009-03-31": "0.01800", "2008-12-31": -0.224, "2008-09-30": -0.654, "2008-06-30": -1.402, "2008-03-31": "-1.73800", "2007-12-31": 0.055, "2007-09-30": -0.399, "2007-06-30": 10.303, "2007-03-31": "9.06100", "2006-12-31": -0.132, "2006-09-30": 0.075, "2006-06-30": -0.024, "2006-03-31": "-0.01100", "2005-12-31": 0.042, "2005-09-30": 0.224, "2005-06-30": 0.514, "2005-03-31": "-0.18300"}, "Investing Activities - Other": {"2020-12-31": 0, "2020-09-30": 0, "2020-06-30": 0, "2020-03-31": "", "2019-12-31": 0, "2019-09-30": 0, "2019-06-30": 0, "2019-03-31": "", "2018-12-31": 0, "2018-09-30": 0, "2018-06-30": 0, "2018-03-31": "", "2017-12-31": 0, "2017-09-30": 0, "2017-06-30": 0, "2017-03-31": "", "2016-12-31": 0, "2016-09-30": 0, "2016-06-30": 0, "2016-03-31": "", "2015-12-31": 0, "2015-09-30": 0, "2015-06-30": 0, "2015-03-31": "", "2014-12-31": 0, "2014-09-30": 0, "2014-06-30": 0, "2014-03-31": "", "2013-12-31": 0, "2013-09-30": 0, "2013-06-30": 0, "2013-03-31": "", "2012-12-31": 0, "2012-09-30": 0, "2012-06-30": 0, "2012-03-31": "", "2011-12-31": 0, "2011-09-30": 0, "2011-06-30": 0, "2011-03-31": "", "2010-12-31": 0, "2010-09-30": 0, "2010-06-30": 0, "2010-03-31": "", "2009-12-31": 0, "2009-09-30": 0, "2009-06-30": 0, "2009-03-31": "", "2008-12-31": 0, "2008-09-30": 0, "2008-06-30": 0, "2008-03-31": "", "2007-12-31": 0, "2007-09-30": 0, "2007-06-30": 0, "2007-03-31": "", "2006-12-31": 0, "2006-09-30": 0, "2006-06-30": 0, "2006-03-31": "", "2005-12-31": 0, "2005-09-30": 0, "2005-06-30": 0, "2005-03-31": ""}, "Cash Flow From Investing Activities": {"2020-12-31": -306.849, "2020-09-30": -125.822, "2020-06-30": -157.22, "2020-03-31": "-169.20900", "2019-12-31": -73.949, "2019-09-30": -155.157, "2019-06-30": -68.605, "2019-03-31": "-115.87400", "2018-12-31": -680.068, "2018-09-30": -120.899, "2018-06-30": -108.008, "2018-03-31": "-42.79600", "2017-12-31": -22.085, "2017-09-30": -17.795, "2017-06-30": -20.567, "2017-03-31": "-2.14300", "2016-12-31": -11.853, "2016-09-30": -10.59, "2016-06-30": -75.079, "2016-03-31": "-44.89000", "2015-12-31": -24.317, "2015-09-30": -9.752, "2015-06-30": -75.765, "2015-03-31": "-34.80300", "2014-12-31": 4.389, "2014-09-30": -7.451, "2014-06-30": -698.997, "2014-03-31": "-5.25400", "2013-12-31": -27.185, "2013-09-30": -328.432, "2013-06-30": -23.206, "2013-03-31": "-1.80900", "2012-12-31": -36.721, "2012-09-30": -20.81, "2012-06-30": -34.429, "2012-03-31": "-343.54000", "2011-12-31": -68.741, "2011-09-30": -15.709, "2011-06-30": -44.823, "2011-03-31": "-46.45200", "2010-12-31": -41.523, "2010-09-30": -86.738, "2010-06-30": -19.087, "2010-03-31": "-19.14300", "2009-12-31": -4.587, "2009-09-30": -6.292, "2009-06-30": -13.472, "2009-03-31": "-31.07800", "2008-12-31": -44.289, "2008-09-30": -36.971, "2008-06-30": -119.458, "2008-03-31": "-76.21500", "2007-12-31": -69.024, "2007-09-30": -39.028, "2007-06-30": -61.621, "2007-03-31": "-47.54000", "2006-12-31": -3.855, "2006-09-30": -56.021, "2006-06-30": -33.847, "2006-03-31": "-63.68600", "2005-12-31": -40.289, "2005-09-30": -12.33, "2005-06-30": -15.734, "2005-03-31": "-204.29500"}, "Net Long-Term Debt": {"2020-12-31": -13.75, "2020-09-30": 686.25, "2020-06-30": -13.75, "2020-03-31": "-13.75000", "2019-12-31": -13.75, "2019-09-30": -13.75, "2019-06-30": -13.75, "2019-03-31": "341.25000", "2018-12-31": 295, "2018-09-30": -4.999, "2018-06-30": -105.001, "2018-03-31": "-5.00000", "2017-12-31": -5, "2017-09-30": -5, "2017-06-30": -72.5, "2017-03-31": "-14.25000", "2016-12-31": -38.75, "2016-09-30": -13.75, "2016-06-30": -13.75, "2016-03-31": "-6.87500", "2015-12-31": -6.875, "2015-09-30": -6.875, "2015-06-30": -6.875, "2015-03-31": "-25.00000", "2014-12-31": -0.007, "2014-09-30": 398.432, "2014-06-30": 320, "2014-03-31": "", "2013-12-31": 0, "2013-09-30": 29.967, "2013-06-30": -0.06, "2013-03-31": "", "2012-12-31": 0, "2012-09-30": -0.603, "2012-06-30": -0.01, "2012-03-31": "199.38600", "2011-12-31": -0.229, "2011-09-30": -0.599, "2011-06-30": -0.145, "2011-03-31": "-1.09900", "2010-12-31": -1.574, "2010-09-30": -5.074, "2010-06-30": -0.381, "2010-03-31": "-12.39600", "2009-12-31": -6.285, "2009-09-30": -0.538, "2009-06-30": -4.188, "2009-03-31": "-4.07800", "2008-12-31": -4.67, "2008-09-30": -4.905, "2008-06-30": -4.611, "2008-03-31": "18.84400", "2007-12-31": -5.791, "2007-09-30": -8.478, "2007-06-30": -9.386, "2007-03-31": "-5.48700", "2006-12-31": 14.294, "2006-09-30": -5.133, "2006-06-30": -62.936, "2006-03-31": "-8.65700", "2005-12-31": -3.759, "2005-09-30": -3.592, "2005-06-30": -4.681, "2005-03-31": "-4.08500"}, "Net Current Debt": {"2020-12-31": 0, "2020-09-30": -200, "2020-06-30": 100, "2020-03-31": "", "2019-12-31": 0, "2019-09-30": 100, "2019-06-30": 0, "2019-03-31": "-350.00000", "2018-12-31": 350, "2018-09-30": 0, "2018-06-30": 0, "2018-03-31": "", "2017-12-31": 0, "2017-09-30": 0, "2017-06-30": 0, "2017-03-31": "", "2016-12-31": 0, "2016-09-30": 0, "2016-06-30": 0, "2016-03-31": "", "2015-12-31": 0, "2015-09-30": 0, "2015-06-30": 0, "2015-03-31": "", "2014-12-31": 0, "2014-09-30": -375, "2014-06-30": 375, "2014-03-31": "", "2013-12-31": 0, "2013-09-30": 0, "2013-06-30": 0, "2013-03-31": "", "2012-12-31": 0, "2012-09-30": 0, "2012-06-30": 0, "2012-03-31": "", "2011-12-31": 0, "2011-09-30": 0, "2011-06-30": 0, "2011-03-31": "", "2010-12-31": 0, "2010-09-30": 0, "2010-06-30": 0, "2010-03-31": "", "2009-12-31": 0, "2009-09-30": 0, "2009-06-30": 0, "2009-03-31": "", "2008-12-31": 0, "2008-09-30": 0, "2008-06-30": 0, "2008-03-31": "", "2007-12-31": 0, "2007-09-30": 0, "2007-06-30": 0, "2007-03-31": "", "2006-12-31": -40, "2006-09-30": 40, "2006-06-30": 0, "2006-03-31": "", "2005-12-31": 0, "2005-09-30": 0, "2005-06-30": -50, "2005-03-31": "50.00000"}, "Debt Issuance/Retirement Net - Total": {"2020-12-31": -13.75, "2020-09-30": 486.25, "2020-06-30": 86.25, "2020-03-31": "-13.75000", "2019-12-31": -13.75, "2019-09-30": 86.25, "2019-06-30": -13.75, "2019-03-31": "-8.75000", "2018-12-31": 645, "2018-09-30": -4.999, "2018-06-30": -105.001, "2018-03-31": "-5.00000", "2017-12-31": -5, "2017-09-30": -5, "2017-06-30": -72.5, "2017-03-31": "-14.25000", "2016-12-31": -38.75, "2016-09-30": -13.75, "2016-06-30": -13.75, "2016-03-31": "-6.87500", "2015-12-31": -6.875, "2015-09-30": -6.875, "2015-06-30": -6.875, "2015-03-31": "-25.00000", "2014-12-31": -0.007, "2014-09-30": 23.432, "2014-06-30": 695, "2014-03-31": "", "2013-12-31": 0, "2013-09-30": 29.967, "2013-06-30": -0.06, "2013-03-31": "", "2012-12-31": 0, "2012-09-30": -0.603, "2012-06-30": -0.01, "2012-03-31": "199.38600", "2011-12-31": -0.229, "2011-09-30": -0.599, "2011-06-30": -0.145, "2011-03-31": "-1.09900", "2010-12-31": -1.574, "2010-09-30": -5.074, "2010-06-30": -0.381, "2010-03-31": "-12.39600", "2009-12-31": -6.285, "2009-09-30": -0.538, "2009-06-30": -4.188, "2009-03-31": "-4.07800", "2008-12-31": -4.67, "2008-09-30": -4.905, "2008-06-30": -4.611, "2008-03-31": "18.84400", "2007-12-31": -5.791, "2007-09-30": -8.478, "2007-06-30": -9.386, "2007-03-31": "-5.48700", "2006-12-31": -25.706, "2006-09-30": 34.867, "2006-06-30": -62.936, "2006-03-31": "-8.65700", "2005-12-31": -3.759, "2005-09-30": -3.592, "2005-06-30": -54.681, "2005-03-31": "45.91500"}, "Net Common Equity Issued/Repurchased": {"2020-12-31": -47.627, "2020-09-30": 23.469, "2020-06-30": 7.434, "2020-03-31": "-8.27600", "2019-12-31": -28.878, "2019-09-30": 14.305, "2019-06-30": -12.283, "2019-03-31": "-6.81600", "2018-12-31": -79.974, "2018-09-30": 18.686, "2018-06-30": 0, "2018-03-31": "-10.53000", "2017-12-31": -71.215, "2017-09-30": -24.289, "2017-06-30": -16.219, "2017-03-31": "0.50600", "2016-12-31": -18.984, "2016-09-30": 12.921, "2016-06-30": -4.888, "2016-03-31": "-0.46900", "2015-12-31": -75.524, "2015-09-30": 15.225, "2015-06-30": -0.044, "2015-03-31": "-101.62400", "2014-12-31": -0.446, "2014-09-30": -36.292, "2014-06-30": -27.451, "2014-03-31": "0.72000", "2013-12-31": -0.125, "2013-09-30": 10.634, "2013-06-30": 0.027, "2013-03-31": "0.62500", "2012-12-31": -4.027, "2012-09-30": 9.165, "2012-06-30": -0.859, "2012-03-31": "0.06300", "2011-12-31": -0.454, "2011-09-30": 7.979, "2011-06-30": 0.171, "2011-03-31": "0.31200", "2010-12-31": -8.495, "2010-09-30": 7.436, "2010-06-30": 1.58, "2010-03-31": "0.45500", "2009-12-31": 0.287, "2009-09-30": 9.354, "2009-06-30": 0.005, "2009-03-31": "0.49600", "2008-12-31": 0.303, "2008-09-30": 10.076, "2008-06-30": 0.02, "2008-03-31": "0.51500", "2007-12-31": -0.001, "2007-09-30": 10.711, "2007-06-30": 0.001, "2007-03-31": "0.60900", "2006-12-31": 0.203, "2006-09-30": 10.557, "2006-06-30": 0.13, "2006-03-31": "0.38400", "2005-12-31": 0.134, "2005-09-30": 9.173, "2005-06-30": 0.129, "2005-03-31": "0.28100"}, "Net Total Equity Issued/Repurchased": {"2020-12-31": -47.627, "2020-09-30": 23.469, "2020-06-30": 7.434, "2020-03-31": "-8.27600", "2019-12-31": -28.878, "2019-09-30": 14.305, "2019-06-30": -12.283, "2019-03-31": "-6.81600", "2018-12-31": -79.974, "2018-09-30": 18.686, "2018-06-30": 0, "2018-03-31": "-10.53000", "2017-12-31": -71.215, "2017-09-30": -24.289, "2017-06-30": -16.219, "2017-03-31": "0.50600", "2016-12-31": -18.984, "2016-09-30": 12.921, "2016-06-30": -4.888, "2016-03-31": "-0.46900", "2015-12-31": -75.524, "2015-09-30": 15.225, "2015-06-30": -0.044, "2015-03-31": "-101.62400", "2014-12-31": -0.446, "2014-09-30": -36.292, "2014-06-30": -27.451, "2014-03-31": "0.72000", "2013-12-31": -0.125, "2013-09-30": 10.634, "2013-06-30": 0.027, "2013-03-31": "0.62500", "2012-12-31": -4.027, "2012-09-30": 9.165, "2012-06-30": -0.859, "2012-03-31": "0.06300", "2011-12-31": -0.454, "2011-09-30": 7.979, "2011-06-30": 0.171, "2011-03-31": "0.31200", "2010-12-31": -8.495, "2010-09-30": 7.436, "2010-06-30": 1.58, "2010-03-31": "0.45500", "2009-12-31": 0.287, "2009-09-30": 9.354, "2009-06-30": 0.005, "2009-03-31": "0.49600", "2008-12-31": 0.303, "2008-09-30": 10.076, "2008-06-30": 0.02, "2008-03-31": "0.51500", "2007-12-31": -0.001, "2007-09-30": 10.711, "2007-06-30": 0.001, "2007-03-31": "0.60900", "2006-12-31": 0.203, "2006-09-30": 10.557, "2006-06-30": 0.13, "2006-03-31": "0.38400", "2005-12-31": 0.134, "2005-09-30": 9.173, "2005-06-30": 0.129, "2005-03-31": "0.28100"}, "Total Common And Preferred Stock Dividends Paid": {"2020-12-31": -28.525, "2020-09-30": -24.089, "2020-06-30": -24.084, "2020-03-31": "-23.90200", "2019-12-31": -23.912, "2019-09-30": -22.551, "2019-06-30": -22.533, "2019-03-31": "-22.34800", "2018-12-31": -22.334, "2018-09-30": -20.945, "2018-06-30": -20.715, "2018-03-31": "-20.69600", "2017-12-31": -20.911, "2017-09-30": -18.961, "2017-06-30": -18.937, "2017-03-31": "-18.90300", "2016-12-31": -18.945, "2016-09-30": -17.189, "2016-06-30": -17.166, "2016-03-31": "-16.96200", "2015-12-31": -17.268, "2015-09-30": -15.56, "2015-06-30": -15.495, "2015-03-31": "-15.78500", "2014-12-31": -15.787, "2014-09-30": -14.505, "2014-06-30": -14.496, "2014-03-31": "-14.54600", "2013-12-31": -14.533, "2013-09-30": -13.101, "2013-06-30": -12.959, "2013-03-31": "-12.95300", "2012-12-31": -12.943, "2012-09-30": -12.228, "2012-06-30": -12.179, "2012-03-31": "-12.18400", "2011-12-31": -12.188, "2011-09-30": -11.47, "2011-06-30": -11.436, "2011-03-31": "-11.40000", "2010-12-31": -11.413, "2010-09-30": -11.053, "2010-06-30": -11.015, "2010-03-31": "-11.01500", "2009-12-31": -11.009, "2009-09-30": -10.652, "2009-06-30": -10.617, "2009-03-31": "-10.61800", "2008-12-31": -10.613, "2008-09-30": -9.897, "2008-06-30": -9.85, "2008-03-31": "-9.84700", "2007-12-31": -9.85, "2007-09-30": -8.45, "2007-06-30": -8.422, "2007-03-31": "-8.40300", "2006-12-31": -8.398, "2006-09-30": -6.999, "2006-06-30": -6.974, "2006-03-31": "-6.97000", "2005-12-31": -6.949, "2005-09-30": -5.553, "2005-06-30": -5.531, "2005-03-31": "-5.53300"}, "Financial Activities - Other": {"2020-12-31": -15.227, "2020-09-30": -43.06, "2020-06-30": -8.236, "2020-03-31": "-6.47700", "2019-12-31": -2.191, "2019-09-30": -4.45, "2019-06-30": 6.718, "2019-03-31": "-4.27700", "2018-12-31": -21.727, "2018-09-30": -12.426, "2018-06-30": -3.419, "2018-03-31": "1.83000", "2017-12-31": -8.313, "2017-09-30": -31.167, "2017-06-30": -0.996, "2017-03-31": "-10.42500", "2016-12-31": 10.946, "2016-09-30": -16.463, "2016-06-30": 4.082, "2016-03-31": "-4.27800", "2015-12-31": -2.621, "2015-09-30": -10.084, "2015-06-30": -6.627, "2015-03-31": "-2.80700", "2014-12-31": 0.138, "2014-09-30": 0.053, "2014-06-30": -5.423, "2014-03-31": "-1.00000", "2013-12-31": -5.64, "2013-09-30": -1.647, "2013-06-30": -3.347, "2013-03-31": "-2.49900", "2012-12-31": -2.464, "2012-09-30": -0.826, "2012-06-30": -1.486, "2012-03-31": "-0.10400", "2011-12-31": -2.888, "2011-09-30": -2.195, "2011-06-30": -2.577, "2011-03-31": "-0.26700", "2010-12-31": 8.991, "2010-09-30": 0.095, "2010-06-30": 0.169, "2010-03-31": "", "2009-12-31": 0.133, "2009-09-30": 0.11, "2009-06-30": 0, "2009-03-31": "", "2008-12-31": 0.138, "2008-09-30": 0, "2008-06-30": 0, "2008-03-31": "", "2007-12-31": 0.025, "2007-09-30": 0.118, "2007-06-30": 0.148, "2007-03-31": "4.27300", "2006-12-31": 0.604, "2006-09-30": 0, "2006-06-30": 0, "2006-03-31": "", "2005-12-31": 0, "2005-09-30": 0, "2005-06-30": 0, "2005-03-31": ""}, "Cash Flow From Financial Activities": {"2020-12-31": -105.129, "2020-09-30": 442.57, "2020-06-30": 61.364, "2020-03-31": "-52.40500", "2019-12-31": -68.731, "2019-09-30": 73.554, "2019-06-30": -41.848, "2019-03-31": "-42.19100", "2018-12-31": 520.965, "2018-09-30": -19.684, "2018-06-30": -129.135, "2018-03-31": "-34.39600", "2017-12-31": -105.439, "2017-09-30": -79.417, "2017-06-30": -108.652, "2017-03-31": "-43.07200", "2016-12-31": -65.733, "2016-09-30": -34.481, "2016-06-30": -31.722, "2016-03-31": "-28.58400", "2015-12-31": -102.288, "2015-09-30": -17.294, "2015-06-30": -29.041, "2015-03-31": "-145.21600", "2014-12-31": -16.102, "2014-09-30": -27.312, "2014-06-30": 647.63, "2014-03-31": "-14.82600", "2013-12-31": -20.298, "2013-09-30": 25.853, "2013-06-30": -16.339, "2013-03-31": "-14.82700", "2012-12-31": -19.434, "2012-09-30": -4.492, "2012-06-30": -14.534, "2012-03-31": "187.16100", "2011-12-31": -15.759, "2011-09-30": -6.285, "2011-06-30": -13.987, "2011-03-31": "-12.45400", "2010-12-31": -12.491, "2010-09-30": -8.596, "2010-06-30": -9.647, "2010-03-31": "-22.95600", "2009-12-31": -16.874, "2009-09-30": -1.726, "2009-06-30": -14.8, "2009-03-31": "-14.20000", "2008-12-31": -14.842, "2008-09-30": -4.726, "2008-06-30": -14.441, "2008-03-31": "9.51200", "2007-12-31": -15.617, "2007-09-30": -6.099, "2007-06-30": -17.659, "2007-03-31": "-9.00800", "2006-12-31": -33.297, "2006-09-30": 38.425, "2006-06-30": -69.78, "2006-03-31": "-15.24300", "2005-12-31": -10.574, "2005-09-30": 0.028, "2005-06-30": -60.083, "2005-03-31": "40.66300"}, "Net Cash Flow": {"2020-12-31": -229.966, "2020-09-30": 439.637, "2020-06-30": 287.026, "2020-03-31": "-187.79700", "2019-12-31": 88.38, "2019-09-30": 59.814, "2019-06-30": 189.894, "2019-03-31": "-152.70900", "2018-12-31": 52.909, "2018-09-30": -62.472, "2018-06-30": -39.218, "2018-03-31": "2.28900", "2017-12-31": 0.881, "2017-09-30": -53.723, "2017-06-30": 50.841, "2017-03-31": "44.80600", "2016-12-31": 14.321, "2016-09-30": 35.377, "2016-06-30": 98.664, "2016-03-31": "-40.25200", "2015-12-31": -35.414, "2015-09-30": 36.211, "2015-06-30": 71.876, "2015-03-31": "-129.31700", "2014-12-31": 87.956, "2014-09-30": 72.985, "2014-06-30": 59.09, "2014-03-31": "47.06500", "2013-12-31": 31.987, "2013-09-30": -214.56, "2013-06-30": 45.319, "2013-03-31": "120.38500", "2012-12-31": -24.816, "2012-09-30": 50.925, "2012-06-30": 37.998, "2012-03-31": "-130.59100", "2011-12-31": -48.192, "2011-09-30": 55.631, "2011-06-30": 13.184, "2011-03-31": "-7.30200", "2010-12-31": 15.833, "2010-09-30": -35.86, "2010-06-30": 64.206, "2010-03-31": "31.69200", "2009-12-31": 10.866, "2009-09-30": -3.747, "2009-06-30": 63.555, "2009-03-31": "47.88200", "2008-12-31": 78.557, "2008-09-30": 0, "2008-06-30": -16.99, "2008-03-31": "-21.24400", "2007-12-31": -35.791, "2007-09-30": 6.083, "2007-06-30": -33.391, "2007-03-31": "12.84300", "2006-12-31": 25.835, "2006-09-30": 29.507, "2006-06-30": -40.535, "2006-03-31": "-26.89700", "2005-12-31": 23.85, "2005-09-30": 33.79, "2005-06-30": -42.042, "2005-03-31": "-103.12400"}, "Stock-Based Compensation": {"2020-12-31": 16.235, "2020-09-30": 13.378, "2020-06-30": 21.04, "2020-03-31": "9.04700", "2019-12-31": 12.315, "2019-09-30": 10.551, "2019-06-30": 11.134, "2019-03-31": "12.99400", "2018-12-31": 9.997, "2018-09-30": 8.495, "2018-06-30": 7.732, "2018-03-31": "7.29500", "2017-12-31": 8.269, "2017-09-30": 7.036, "2017-06-30": 6.762, "2017-03-31": "8.56400", "2016-12-31": 4.459, "2016-09-30": 4.919, "2016-06-30": 3.902, "2016-03-31": "2.77200", "2015-12-31": -1.835, "2015-09-30": 4.889, "2015-06-30": 6.102, "2015-03-31": "6.35700", "2014-12-31": 0.214, "2014-09-30": 5.64, "2014-06-30": 5.994, "2014-03-31": "7.51500", "2013-12-31": 7.699, "2013-09-30": 7.431, "2013-06-30": 3.623, "2013-03-31": "3.85000", "2012-12-31": 4.472, "2012-09-30": 3.908, "2012-06-30": 3.738, "2012-03-31": "3.74700", "2011-12-31": 2.856, "2011-09-30": 2.856, "2011-06-30": 2.709, "2011-03-31": "2.77300", "2010-12-31": 1.615, "2010-09-30": 1.495, "2010-06-30": 1.78, "2010-03-31": "1.95500", "2009-12-31": 2.115, "2009-09-30": 1.732, "2009-06-30": 1.695, "2009-03-31": "1.81600", "2008-12-31": 1.751, "2008-09-30": 1.819, "2008-06-30": 1.8, "2008-03-31": "1.94400", "2007-12-31": 1.34, "2007-09-30": 1.491, "2007-06-30": 1.334, "2007-03-31": "1.50200", "2006-12-31": 0.815, "2006-09-30": 0.837, "2006-06-30": 1.434, "2006-03-31": "2.33000", "2005-12-31": 0.977, "2005-09-30": 0.681, "2005-06-30": 0.788, "2005-03-31": "0.89100"}, "Common Stock Dividends Paid": {"2020-12-31": -28.525, "2020-09-30": -24.089, "2020-06-30": -24.084, "2020-03-31": "-23.90200", "2019-12-31": -23.912, "2019-09-30": -22.551, "2019-06-30": -22.533, "2019-03-31": "-22.34800", "2018-12-31": -22.334, "2018-09-30": -20.945, "2018-06-30": -20.715, "2018-03-31": "-20.69600", "2017-12-31": -20.911, "2017-09-30": -18.961, "2017-06-30": -18.937, "2017-03-31": "-18.90300", "2016-12-31": -18.945, "2016-09-30": -17.189, "2016-06-30": -17.166, "2016-03-31": "-16.96200", "2015-12-31": -17.268, "2015-09-30": -15.56, "2015-06-30": -15.495, "2015-03-31": "-15.78500", "2014-12-31": -15.787, "2014-09-30": -14.505, "2014-06-30": -14.496, "2014-03-31": "-14.54600", "2013-12-31": -14.533, "2013-09-30": -13.101, "2013-06-30": -12.959, "2013-03-31": "-12.95300", "2012-12-31": -12.943, "2012-09-30": -12.228, "2012-06-30": -12.179, "2012-03-31": "-12.18400", "2011-12-31": -12.188, "2011-09-30": -11.47, "2011-06-30": -11.436, "2011-03-31": "-11.40000", "2010-12-31": -11.413, "2010-09-30": -11.053, "2010-06-30": -11.015, "2010-03-31": "-11.01500", "2009-12-31": -11.009, "2009-09-30": -10.652, "2009-06-30": -10.617, "2009-03-31": "-10.61800", "2008-12-31": -10.613, "2008-09-30": -9.897, "2008-06-30": -9.85, "2008-03-31": "-9.84700", "2007-12-31": -9.85, "2007-09-30": -8.45, "2007-06-30": -8.422, "2007-03-31": "-8.40300", "2006-12-31": -8.398, "2006-09-30": -6.999, "2006-06-30": -6.974, "2006-03-31": "-6.97000", "2005-12-31": -6.949, "2005-09-30": -5.553, "2005-06-30": -5.531, "2005-03-31": "-5.53300"}}, "financial ratios": {"Current Ratio": {"2019-12-31": "", "2018-12-31": "", "2017-12-31": "", "2016-12-31": "", "2015-12-31": "", "2014-12-31": "", "2013-12-31": "", "2012-12-31": "", "2011-12-31": "", "2010-12-31": "", "2009-12-31": "", "2008-12-31": "", "2007-12-31": "", "2006-12-31": "", "2005-12-31": ""}, "Long-term Debt / Capital": {"2019-12-31": "0.30930", "2018-12-31": "0.32690", "2017-12-31": "0.24900", "2016-12-31": "0.30140", "2015-12-31": "0.33270", "2014-12-31": "0.35290", "2013-12-31": "0.15920", "2012-12-31": "0.19940", "2011-12-31": "0.13200", "2010-12-31": "0.14240", "2009-12-31": "0.15440", "2008-12-31": "0.16960", "2007-12-31": "0.17180", "2006-12-31": "0.19580", "2005-12-31": "0.21890"}, "Debt/Equity Ratio": {"2019-12-31": "0.46420", "2018-12-31": "0.50220", "2017-12-31": "0.37800", "2016-12-31": "0.45500", "2015-12-31": "0.53250", "2014-12-31": "0.56700", "2013-12-31": "0.23910", "2012-12-31": "0.24900", "2011-12-31": "0.15280", "2010-12-31": "0.16710", "2009-12-31": "0.19520", "2008-12-31": "0.20920", "2007-12-31": "0.21800", "2006-12-31": "0.26290", "2005-12-31": "0.35300"}, "Gross Margin": {"2019-12-31": "", "2018-12-31": "", "2017-12-31": "", "2016-12-31": "", "2015-12-31": "", "2014-12-31": "", "2013-12-31": "", "2012-12-31": "", "2011-12-31": "", "2010-12-31": "", "2009-12-31": "", "2008-12-31": "", "2007-12-31": "", "2006-12-31": "", "2005-12-31": ""}, "Operating Margin": {"2019-12-31": "21.98540", "2018-12-31": "22.95960", "2017-12-31": "23.90430", "2016-12-31": "23.97220", "2015-12-31": "24.24310", "2014-12-31": "21.56050", "2013-12-31": "26.23150", "2012-12-31": "25.40020", "2011-12-31": "26.69070", "2010-12-31": "27.33440", "2009-12-31": "26.32090", "2008-12-31": "27.87550", "2007-12-31": "32.46200", "2006-12-31": "31.89520", "2005-12-31": "31.06740"}, "EBIT Margin": {"2019-12-31": "24.64660", "2018-12-31": "24.97420", "2017-12-31": "25.94090", "2016-12-31": "26.20700", "2015-12-31": "26.60670", "2014-12-31": "23.36320", "2013-12-31": "27.43750", "2012-12-31": "26.74160", "2011-12-31": "28.08500", "2010-12-31": "28.82090", "2009-12-31": "27.82930", "2008-12-31": "29.37820", "2007-12-31": "33.90020", "2006-12-31": "33.41650", "2005-12-31": "32.90870"}, "EBITDA Margin": {"2019-12-31": "30.11290", "2018-12-31": "30.48470", "2017-12-31": "31.78810", "2016-12-31": "32.40340", "2015-12-31": "33.13890", "2014-12-31": "29.95560", "2013-12-31": "33.70300", "2012-12-31": "33.32030", "2011-12-31": "34.71000", "2010-12-31": "35.40350", "2009-12-31": "34.34840", "2008-12-31": "35.50750", "2007-12-31": "39.44370", "2006-12-31": "38.86150", "2005-12-31": "38.41970"}, "Pre-Tax Profit Margin": {"2019-12-31": "21.98540", "2018-12-31": "22.95960", "2017-12-31": "23.90430", "2016-12-31": "23.97220", "2015-12-31": "24.24310", "2014-12-31": "21.56050", "2013-12-31": "26.23150", "2012-12-31": "25.40020", "2011-12-31": "26.69070", "2010-12-31": "27.33440", "2009-12-31": "26.32090", "2008-12-31": "27.87550", "2007-12-31": "32.46200", "2006-12-31": "31.89520", "2005-12-31": "31.06740"}, "Net Profit Margin": {"2019-12-31": "16.12100", "2018-12-31": "16.67910", "2017-12-31": "20.72370", "2016-12-31": "14.19570", "2015-12-31": "14.31030", "2014-12-31": "12.80050", "2013-12-31": "15.52620", "2012-12-31": "14.89390", "2011-12-31": "15.67730", "2010-12-31": "16.09210", "2009-12-31": "15.32810", "2008-12-31": "16.43060", "2007-12-31": "19.20440", "2006-12-31": "19.62980", "2005-12-31": "19.15880"}, "Asset Turnover": {"2019-12-31": "0.31380", "2018-12-31": "0.30110", "2017-12-31": "0.32730", "2016-12-31": "0.33570", "2015-12-31": "0.33180", "2014-12-31": "0.31790", "2013-12-31": "0.37360", "2012-12-31": "0.38360", "2011-12-31": "0.38880", "2010-12-31": "0.40550", "2009-12-31": "0.43520", "2008-12-31": "0.46120", "2007-12-31": "0.48950", "2006-12-31": "0.48560", "2005-12-31": "0.48850"}, "Inventory Turnover Ratio": {"2019-12-31": "", "2018-12-31": "", "2017-12-31": "", "2016-12-31": "", "2015-12-31": "", "2014-12-31": "", "2013-12-31": "", "2012-12-31": "", "2011-12-31": "", "2010-12-31": "", "2009-12-31": "", "2008-12-31": "", "2007-12-31": "", "2006-12-31": "", "2005-12-31": ""}, "Receiveable Turnover": {"2019-12-31": "", "2018-12-31": "", "2017-12-31": "", "2016-12-31": "", "2015-12-31": "", "2014-12-31": "", "2013-12-31": "", "2012-12-31": "", "2011-12-31": "", "2010-12-31": "", "2009-12-31": "", "2008-12-31": "", "2007-12-31": "", "2006-12-31": "", "2005-12-31": ""}, "Days Sales In Receivables": {"2019-12-31": "", "2018-12-31": "", "2017-12-31": "", "2016-12-31": "", "2015-12-31": "", "2014-12-31": "", "2013-12-31": "", "2012-12-31": "", "2011-12-31": "", "2010-12-31": "", "2009-12-31": "", "2008-12-31": "", "2007-12-31": "", "2006-12-31": "", "2005-12-31": ""}, "ROE - Return On Equity": {"2019-12-31": "11.89500", "2018-12-31": "11.47300", "2017-12-31": "15.47340", "2016-12-31": "10.90970", "2015-12-31": "11.31830", "2014-12-31": "9.78810", "2013-12-31": "10.81700", "2012-12-31": "10.18320", "2011-12-31": "9.97560", "2010-12-31": "10.73810", "2009-12-31": "11.19040", "2008-12-31": "13.37830", "2007-12-31": "17.40010", "2006-12-31": "18.54530", "2005-12-31": "19.69680"}, "Return On Tangible Equity": {"2019-12-31": "-30.36110", "2018-12-31": "-25.86390", "2017-12-31": "-51.60610", "2016-12-31": "-25.17890", "2015-12-31": "-20.59250", "2014-12-31": "-18.28500", "2013-12-31": "-35.13590", "2012-12-31": "-39.09870", "2011-12-31": "-93.34450", "2010-12-31": "-94.93430", "2009-12-31": "-88.41250", "2008-12-31": "-59.91680", "2007-12-31": "-99.35490", "2006-12-31": "-113.95420", "2005-12-31": "-92.58810"}, "ROA - Return On Assets": {"2019-12-31": "5.22790", "2018-12-31": "5.14680", "2017-12-31": "6.95310", "2016-12-31": "4.89270", "2015-12-31": "4.86200", "2014-12-31": "4.17430", "2013-12-31": "5.94910", "2012-12-31": "5.88370", "2011-12-31": "6.29050", "2010-12-31": "6.73740", "2009-12-31": "6.89200", "2008-12-31": "7.83760", "2007-12-31": "9.73950", "2006-12-31": "9.53290", "2005-12-31": "9.35880"}, "ROI - Return On Investment": {"2019-12-31": "8.21570", "2018-12-31": "7.72300", "2017-12-31": "11.62110", "2016-12-31": "7.62130", "2015-12-31": "7.55320", "2014-12-31": "6.33370", "2013-12-31": "9.09510", "2012-12-31": "8.15320", "2011-12-31": "8.65870", "2010-12-31": "9.20920", "2009-12-31": "9.46210", "2008-12-31": "11.10930", "2007-12-31": "14.41020", "2006-12-31": "14.91440", "2005-12-31": "15.38550"}, "Book Value Per Share": {"2019-12-31": "11.89500", "2018-12-31": "10.73230", "2017-12-31": "9.35050", "2016-12-31": "8.42310", "2015-12-31": "7.73380", "2014-12-31": "7.36570", "2013-12-31": "6.90120", "2012-12-31": "6.28080", "2011-12-31": "5.73400", "2010-12-31": "5.27450", "2009-12-31": "4.82090", "2008-12-31": "4.38640", "2007-12-31": "3.90070", "2006-12-31": "3.31870", "2005-12-31": "2.74190"}, "Operating Cash Flow Per Share": {"2019-12-31": 0.4098, "2018-12-31": 0.4676, "2017-12-31": 0.1008, "2016-12-31": 0.1288, "2015-12-31": 0.0154, "2014-12-31": -0.0178, "2013-12-31": 0.5893, "2012-12-31": -0.071, "2011-12-31": -0.2158, "2010-12-31": 0.2568, "2009-12-31": -0.4426, "2008-12-31": 0.4587, "2007-12-31": -0.0089, "2006-12-31": 0.0291, "2005-12-31": 0.7694}, "Free Cash Flow Per Share": {"2019-12-31": 0.3548, "2018-12-31": 0.4074, "2017-12-31": 0.0749, "2016-12-31": 0.1101, "2015-12-31": 0.0271, "2014-12-31": -0.0206, "2013-12-31": 0.5876, "2012-12-31": -0.0707, "2011-12-31": -0.2192, "2010-12-31": 0.2613, "2009-12-31": -0.4443, "2008-12-31": 0.5117, "2007-12-31": -0.0485, "2006-12-31": 0.0206, "2005-12-31": 0.7298}}, "financial ratios, quarterly": {"Current Ratio": {"2020-09-30": "", "2020-06-30": "", "2020-03-31": "", "2019-12-31": "", "2019-09-30": "", "2019-06-30": "", "2019-03-31": "", "2018-12-31": "", "2018-09-30": "", "2018-06-30": "", "2018-03-31": "", "2017-12-31": "", "2017-09-30": "", "2017-06-30": "", "2017-03-31": "", "2016-12-31": "", "2016-09-30": "", "2016-06-30": "", "2016-03-31": "", "2015-12-31": "", "2015-09-30": "", "2015-06-30": "", "2015-03-31": "", "2014-12-31": "", "2014-09-30": "", "2014-06-30": "", "2014-03-31": "", "2013-12-31": "", "2013-09-30": "", "2013-06-30": "", "2013-03-31": "", "2012-12-31": "", "2012-09-30": "", "2012-06-30": "", "2012-03-31": "", "2011-12-31": "", "2011-09-30": "", "2011-06-30": "", "2011-03-31": "", "2010-12-31": "", "2010-09-30": "", "2010-06-30": "", "2010-03-31": "", "2009-12-31": "", "2009-09-30": "", "2009-06-30": "", "2009-03-31": "", "2008-12-31": "", "2008-09-30": "", "2008-06-30": "", "2008-03-31": "", "2007-12-31": "", "2007-09-30": "", "2007-06-30": "", "2007-03-31": "", "2006-12-31": "", "2006-09-30": "", "2006-06-30": "", "2006-03-31": "", "2005-12-31": "", "2005-09-30": "", "2005-06-30": "", "2005-03-31": ""}, "Long-term Debt / Capital": {"2020-09-30": "0.35560", "2020-06-30": "0.30420", "2020-03-31": "0.29890", "2019-12-31": "0.30930", "2019-09-30": "0.31350", "2019-06-30": "0.30970", "2019-03-31": "0.31730", "2018-12-31": "0.32690", "2018-09-30": "0.22070", "2018-06-30": "0.22920", "2018-03-31": "0.23510", "2017-12-31": "0.24900", "2017-09-30": "0.25740", "2017-06-30": "0.28200", "2017-03-31": "0.29380", "2016-12-31": "0.30140", "2016-09-30": "0.30740", "2016-06-30": "0.31690", "2016-03-31": "0.32500", "2015-12-31": "0.33270", "2015-09-30": "0.33850", "2015-06-30": "0.34890", "2015-03-31": "0.35730", "2014-12-31": "0.35290", "2014-09-30": "0.35520", "2014-06-30": "0.35950", "2014-03-31": "0.18950", "2013-12-31": "0.15920", "2013-09-30": "0.16210", "2013-06-30": "0.19130", "2013-03-31": "0.19490", "2012-12-31": "0.19940", "2012-09-30": "0.20280", "2012-06-30": "0.20760", "2012-03-31": "0.21080", "2011-12-31": "0.13200", "2011-09-30": "0.13420", "2011-06-30": "0.13720", "2011-03-31": "0.13940", "2010-12-31": "0.14240", "2010-09-30": "0.09200", "2010-06-30": "0.14800", "2010-03-31": "0.15100", "2009-12-31": "0.15440", "2009-09-30": "0.15610", "2009-06-30": "0.16010", "2009-03-31": "0.16400", "2008-12-31": "0.16960", "2008-09-30": "0.17250", "2008-06-30": "0.17760", "2008-03-31": "0.18120", "2007-12-31": "0.17180", "2007-09-30": "0.17360", "2007-06-30": "0.18060", "2007-03-31": "0.18690", "2006-12-31": "0.19580", "2006-09-30": "0.18610", "2006-06-30": "0.19670", "2006-03-31": "0.20640", "2005-12-31": "0.21890", "2005-09-30": "0.22840", "2005-06-30": "0.24070", "2005-03-31": "0.28070"}, "Debt/Equity Ratio": {"2020-09-30": "0.56970", "2020-06-30": "0.45460", "2020-03-31": "0.44320", "2019-12-31": "0.46420", "2019-09-30": "0.47320", "2019-06-30": "0.46590", "2019-03-31": "0.48250", "2018-12-31": "0.50220", "2018-09-30": "0.29340", "2018-06-30": "0.30620", "2018-03-31": "0.35070", "2017-12-31": "0.37800", "2017-09-30": "0.39490", "2017-06-30": "0.40090", "2017-03-31": "0.43880", "2016-12-31": "0.45500", "2016-09-30": "0.47840", "2016-06-30": "0.49970", "2016-03-31": "0.51800", "2015-12-31": "0.53250", "2015-09-30": "0.53060", "2015-06-30": "0.55210", "2015-03-31": "0.56930", "2014-12-31": "0.56700", "2014-09-30": "0.56920", "2014-06-30": "0.56440", "2014-03-31": "0.23380", "2013-12-31": "0.23910", "2013-09-30": "0.24430", "2013-06-30": "0.23660", "2013-03-31": "0.24210", "2012-12-31": "0.24900", "2012-09-30": "0.25450", "2012-06-30": "0.26230", "2012-03-31": "0.26740", "2011-12-31": "0.15280", "2011-09-30": "0.15570", "2011-06-30": "0.16000", "2011-03-31": "0.16270", "2010-12-31": "0.16710", "2010-09-30": "0.16990", "2010-06-30": "0.17770", "2010-03-31": "0.18220", "2009-12-31": "0.19520", "2009-09-30": "0.19340", "2009-06-30": "0.19370", "2009-03-31": "0.20130", "2008-12-31": "0.20920", "2008-09-30": "0.21480", "2008-06-30": "0.22200", "2008-03-31": "0.22770", "2007-12-31": "0.21800", "2007-09-30": "0.22090", "2007-06-30": "0.23720", "2007-03-31": "0.25090", "2006-12-31": "0.26290", "2006-09-30": "0.30060", "2006-06-30": "0.26610", "2006-03-31": "0.35060", "2005-12-31": "0.35300", "2005-09-30": "0.36410", "2005-06-30": "0.38860", "2005-03-31": "0.48990"}, "Gross Margin": {"2020-09-30": "", "2020-06-30": "", "2020-03-31": "", "2019-12-31": "", "2019-09-30": "", "2019-06-30": "", "2019-03-31": "", "2018-12-31": "", "2018-09-30": "", "2018-06-30": "", "2018-03-31": "", "2017-12-31": "", "2017-09-30": "", "2017-06-30": "", "2017-03-31": "", "2016-12-31": "", "2016-09-30": "", "2016-06-30": "", "2016-03-31": "", "2015-12-31": "", "2015-09-30": "", "2015-06-30": "", "2015-03-31": "", "2014-12-31": "", "2014-09-30": "", "2014-06-30": "", "2014-03-31": "", "2013-12-31": "", "2013-09-30": "", "2013-06-30": "", "2013-03-31": "", "2012-12-31": "", "2012-09-30": "", "2012-06-30": "", "2012-03-31": "", "2011-12-31": "", "2011-09-30": "", "2011-06-30": "", "2011-03-31": "", "2010-12-31": "", "2010-09-30": "", "2010-06-30": "", "2010-03-31": "", "2009-12-31": "", "2009-09-30": "", "2009-06-30": "", "2009-03-31": "", "2008-12-31": "", "2008-09-30": "", "2008-06-30": "", "2008-03-31": "", "2007-12-31": "", "2007-09-30": "", "2007-06-30": "", "2007-03-31": "", "2006-12-31": "", "2006-09-30": "", "2006-06-30": "", "2006-03-31": "", "2005-12-31": "", "2005-09-30": "", "2005-06-30": "", "2005-03-31": ""}, "Operating Margin": {"2020-09-30": "23.52180", "2020-06-30": "21.60980", "2020-03-31": "29.38500", "2019-12-31": "17.62540", "2019-09-30": "24.54210", "2019-06-30": "21.47390", "2019-03-31": "23.98270", "2018-12-31": "19.77620", "2018-09-30": "26.84370", "2018-06-30": "21.32560", "2018-03-31": "23.61920", "2017-12-31": "22.41840", "2017-09-30": "26.15790", "2017-06-30": "23.16120", "2017-03-31": "23.85980", "2016-12-31": "21.88360", "2016-09-30": "25.30360", "2016-06-30": "24.42840", "2016-03-31": "24.17620", "2015-12-31": "23.48930", "2015-09-30": "26.10800", "2015-06-30": "24.05880", "2015-03-31": "23.19530", "2014-12-31": "9.78220", "2014-09-30": "26.73950", "2014-06-30": "25.58830", "2014-03-31": "23.88300", "2013-12-31": "22.27560", "2013-09-30": "26.56620", "2013-06-30": "26.46500", "2013-03-31": "29.69770", "2012-12-31": "22.86000", "2012-09-30": "26.87590", "2012-06-30": "24.45550", "2012-03-31": "27.36990", "2011-12-31": "24.45380", "2011-09-30": "27.91540", "2011-06-30": "24.90440", "2011-03-31": "29.23790", "2010-12-31": "22.60040", "2010-09-30": "29.49490", "2010-06-30": "27.91250", "2010-03-31": "28.97020", "2009-12-31": "19.18040", "2009-09-30": "27.68680", "2009-06-30": "27.18650", "2009-03-31": "30.05050", "2008-12-31": "23.36420", "2008-09-30": "27.16040", "2008-06-30": "27.55010", "2008-03-31": "32.94860", "2007-12-31": "24.62600", "2007-09-30": "31.79100", "2007-06-30": "34.25830", "2007-03-31": "37.94860", "2006-12-31": "28.91830", "2006-09-30": "30.93200", "2006-06-30": "32.13980", "2006-03-31": "35.31760", "2005-12-31": "29.18870", "2005-09-30": "29.21080", "2005-06-30": "30.86190", "2005-03-31": "34.84290"}, "EBIT Margin": {"2020-09-30": "25.48540", "2020-06-30": "23.91590", "2020-03-31": "31.57420", "2019-12-31": "20.36370", "2019-09-30": "27.17900", "2019-06-30": "24.30640", "2019-03-31": "26.43680", "2018-12-31": "22.11410", "2018-09-30": "28.53220", "2018-06-30": "23.44990", "2018-03-31": "25.54780", "2017-12-31": "24.39320", "2017-09-30": "28.13270", "2017-06-30": "25.27870", "2017-03-31": "25.94160", "2016-12-31": "24.15810", "2016-09-30": "27.44150", "2016-06-30": "26.63140", "2016-03-31": "26.50950", "2015-12-31": "25.92240", "2015-09-30": "28.39460", "2015-06-30": "26.36450", "2015-03-31": "25.63180", "2014-12-31": "12.33530", "2014-09-30": "28.47130", "2014-06-30": "27.34910", "2014-03-31": "25.00290", "2013-12-31": "23.53560", "2013-09-30": "27.71700", "2013-06-30": "27.69190", "2013-03-31": "30.88700", "2012-12-31": "24.18220", "2012-09-30": "28.19450", "2012-06-30": "25.83050", "2012-03-31": "28.72100", "2011-12-31": "25.82700", "2011-09-30": "29.28450", "2011-06-30": "26.36620", "2011-03-31": "30.61340", "2010-12-31": "24.17650", "2010-09-30": "30.95160", "2010-06-30": "29.40310", "2010-03-31": "30.40040", "2009-12-31": "20.91320", "2009-09-30": "29.17270", "2009-06-30": "28.66070", "2009-03-31": "31.42920", "2008-12-31": "24.93470", "2008-09-30": "28.72580", "2008-06-30": "29.09900", "2008-03-31": "34.28630", "2007-12-31": "26.17140", "2007-09-30": "33.22180", "2007-06-30": "35.64330", "2007-03-31": "39.35430", "2006-12-31": "30.44490", "2006-09-30": "32.45540", "2006-06-30": "33.64750", "2006-03-31": "36.84500", "2005-12-31": "31.00630", "2005-09-30": "31.11910", "2005-06-30": "32.75590", "2005-03-31": "36.59310"}, "EBITDA Margin": {"2020-09-30": "", "2020-06-30": "", "2020-03-31": "", "2019-12-31": "", "2019-09-30": "", "2019-06-30": "", "2019-03-31": "", "2018-12-31": "", "2018-09-30": "", "2018-06-30": "", "2018-03-31": "", "2017-12-31": "", "2017-09-30": "", "2017-06-30": "", "2017-03-31": "", "2016-12-31": "", "2016-09-30": "", "2016-06-30": "", "2016-03-31": "", "2015-12-31": "", "2015-09-30": "", "2015-06-30": "", "2015-03-31": "", "2014-12-31": "", "2014-09-30": "", "2014-06-30": "", "2014-03-31": "", "2013-12-31": "", "2013-09-30": "", "2013-06-30": "", "2013-03-31": "", "2012-12-31": "", "2012-09-30": "", "2012-06-30": "", "2012-03-31": "", "2011-12-31": "", "2011-09-30": "", "2011-06-30": "", "2011-03-31": "", "2010-12-31": "", "2010-09-30": "", "2010-06-30": "", "2010-03-31": "", "2009-12-31": "", "2009-09-30": "", "2009-06-30": "", "2009-03-31": "", "2008-12-31": "", "2008-09-30": "", "2008-06-30": "", "2008-03-31": "", "2007-12-31": "", "2007-09-30": "", "2007-06-30": "", "2007-03-31": "", "2006-12-31": "", "2006-09-30": "", "2006-06-30": "", "2006-03-31": "", "2005-12-31": "", "2005-09-30": "", "2005-06-30": "", "2005-03-31": ""}, "Pre-Tax Profit Margin": {"2020-09-30": "23.52180", "2020-06-30": "21.60980", "2020-03-31": "29.38500", "2019-12-31": "17.62540", "2019-09-30": "24.54210", "2019-06-30": "21.47390", "2019-03-31": "23.98270", "2018-12-31": "19.77620", "2018-09-30": "26.84370", "2018-06-30": "21.32560", "2018-03-31": "23.61920", "2017-12-31": "22.41840", "2017-09-30": "26.15790", "2017-06-30": "23.16120", "2017-03-31": "23.85980", "2016-12-31": "21.88350", "2016-09-30": "25.30360", "2016-06-30": "24.42840", "2016-03-31": "24.17620", "2015-12-31": "23.48930", "2015-09-30": "26.10800", "2015-06-30": "24.05880", "2015-03-31": "23.19530", "2014-12-31": "9.78220", "2014-09-30": "26.73950", "2014-06-30": "25.58830", "2014-03-31": "23.88300", "2013-12-31": "22.27560", "2013-09-30": "26.56620", "2013-06-30": "26.46510", "2013-03-31": "29.69770", "2012-12-31": "22.86000", "2012-09-30": "26.87590", "2012-06-30": "24.45550", "2012-03-31": "27.36990", "2011-12-31": "24.45380", "2011-09-30": "27.91540", "2011-06-30": "24.90440", "2011-03-31": "29.23790", "2010-12-31": "22.60040", "2010-09-30": "29.49490", "2010-06-30": "27.91250", "2010-03-31": "28.97020", "2009-12-31": "19.18030", "2009-09-30": "27.68680", "2009-06-30": "27.18650", "2009-03-31": "30.05050", "2008-12-31": "23.36420", "2008-09-30": "27.16040", "2008-06-30": "27.55010", "2008-03-31": "32.94860", "2007-12-31": "24.62600", "2007-09-30": "31.79100", "2007-06-30": "34.25830", "2007-03-31": "37.94860", "2006-12-31": "28.91820", "2006-09-30": "30.93200", "2006-06-30": "32.13980", "2006-03-31": "35.31760", "2005-12-31": "29.18870", "2005-09-30": "29.21080", "2005-06-30": "30.86190", "2005-03-31": "34.84290"}, "Net Profit Margin": {"2020-09-30": "19.32440", "2020-06-30": "15.56500", "2020-03-31": "21.07500", "2019-12-31": "12.71860", "2019-09-30": "18.06000", "2019-06-30": "15.57200", "2019-03-31": "17.87480", "2018-12-31": "14.03270", "2018-09-30": "19.46630", "2018-06-30": "15.28020", "2018-03-31": "17.73340", "2017-12-31": "38.56900", "2017-09-30": "15.57060", "2017-06-30": "13.82360", "2017-03-31": "14.71230", "2016-12-31": "12.94570", "2016-09-30": "15.07160", "2016-06-30": "14.41240", "2016-03-31": "14.29110", "2015-12-31": "13.99100", "2015-09-30": "15.23990", "2015-06-30": "14.20110", "2015-03-31": "13.74930", "2014-12-31": "6.05490", "2014-09-30": "15.81570", "2014-06-30": "15.14060", "2014-03-31": "14.03740", "2013-12-31": "13.36670", "2013-09-30": "15.61970", "2013-06-30": "15.60810", "2013-03-31": "17.55850", "2012-12-31": "13.70370", "2012-09-30": "15.82490", "2012-06-30": "14.17010", "2012-03-31": "15.84670", "2011-12-31": "14.48030", "2011-09-30": "16.42770", "2011-06-30": "14.53310", "2011-03-31": "17.12330", "2010-12-31": "13.52500", "2010-09-30": "17.33810", "2010-06-30": "16.37080", "2010-03-31": "16.93960", "2009-12-31": "10.69800", "2009-09-30": "16.26600", "2009-06-30": "15.97240", "2009-03-31": "17.62050", "2008-12-31": "12.58520", "2008-09-30": "15.88920", "2008-06-30": "16.71270", "2008-03-31": "20.16240", "2007-12-31": "12.12700", "2007-09-30": "19.47710", "2007-06-30": "21.08790", "2007-03-31": "23.10410", "2006-12-31": "17.52760", "2006-09-30": "18.99840", "2006-06-30": "20.12210", "2006-03-31": "21.69550", "2005-12-31": "18.14360", "2005-09-30": "18.24490", "2005-06-30": "18.90100", "2005-03-31": "21.25670"}, "Asset Turnover": {"2020-09-30": "0.07660", "2020-06-30": "0.07300", "2020-03-31": "0.09210", "2019-12-31": "0.07600", "2019-09-30": "0.08060", "2019-06-30": "0.08030", "2019-03-31": "0.09100", "2018-12-31": "0.07610", "2018-09-30": "0.09150", "2018-06-30": "0.08300", "2018-03-31": "0.08930", "2017-12-31": "0.08250", "2017-09-30": "0.06420", "2017-06-30": "0.08830", "2017-03-31": "0.08950", "2016-12-31": "0.08240", "2016-09-30": "0.08370", "2016-06-30": "0.08580", "2016-03-31": "0.08500", "2015-12-31": "0.08080", "2015-09-30": "0.08640", "2015-06-30": "0.08350", "2015-03-31": "0.08360", "2014-12-31": "0.07930", "2014-09-30": "0.08520", "2014-06-30": "0.08070", "2014-03-31": "0.09900", "2013-12-31": "0.09400", "2013-09-30": "0.10110", "2013-06-30": "0.09790", "2013-03-31": "0.10370", "2012-12-31": "0.09680", "2012-09-30": "0.09690", "2012-06-30": "0.09390", "2012-03-31": "0.10020", "2011-12-31": "0.09360", "2011-09-30": "0.10170", "2011-06-30": "0.09780", "2011-03-31": "0.10730", "2010-12-31": "0.09580", "2010-09-30": "0.10370", "2010-06-30": "0.10430", "2010-03-31": "0.11210", "2009-12-31": "0.09630", "2009-09-30": "0.10890", "2009-06-30": "0.11050", "2009-03-31": "0.12270", "2008-12-31": "0.10950", "2008-09-30": "0.11720", "2008-06-30": "0.11660", "2008-03-31": "0.12930", "2007-12-31": "0.11080", "2007-09-30": "0.12390", "2007-06-30": "0.13090", "2007-03-31": "0.14150", "2006-12-31": "0.11870", "2006-09-30": "0.11760", "2006-06-30": "0.12870", "2006-03-31": "0.13710", "2005-12-31": "0.12240", "2005-09-30": "0.12500", "2005-06-30": "0.13350", "2005-03-31": "0.13850"}, "Inventory Turnover Ratio": {"2020-09-30": "", "2020-06-30": "", "2020-03-31": "", "2019-12-31": "", "2019-09-30": "", "2019-06-30": "", "2019-03-31": "", "2018-12-31": "", "2018-09-30": "", "2018-06-30": "", "2018-03-31": "", "2017-12-31": "", "2017-09-30": "", "2017-06-30": "", "2017-03-31": "", "2016-12-31": "", "2016-09-30": "", "2016-06-30": "", "2016-03-31": "", "2015-12-31": "", "2015-09-30": "", "2015-06-30": "", "2015-03-31": "", "2014-12-31": "", "2014-09-30": "", "2014-06-30": "", "2014-03-31": "", "2013-12-31": "", "2013-09-30": "", "2013-06-30": "", "2013-03-31": "", "2012-12-31": "", "2012-09-30": "", "2012-06-30": "", "2012-03-31": "", "2011-12-31": "", "2011-09-30": "", "2011-06-30": "", "2011-03-31": "", "2010-12-31": "", "2010-09-30": "", "2010-06-30": "", "2010-03-31": "", "2009-12-31": "", "2009-09-30": "", "2009-06-30": "", "2009-03-31": "", "2008-12-31": "", "2008-09-30": "", "2008-06-30": "", "2008-03-31": "", "2007-12-31": "", "2007-09-30": "", "2007-06-30": "", "2007-03-31": "", "2006-12-31": "", "2006-09-30": "", "2006-06-30": "", "2006-03-31": "", "2005-12-31": "", "2005-09-30": "", "2005-06-30": "", "2005-03-31": ""}, "Receiveable Turnover": {"2020-09-30": "", "2020-06-30": "", "2020-03-31": "", "2019-12-31": "", "2019-09-30": "", "2019-06-30": "", "2019-03-31": "", "2018-12-31": "", "2018-09-30": "", "2018-06-30": "", "2018-03-31": "", "2017-12-31": "", "2017-09-30": "", "2017-06-30": "", "2017-03-31": "", "2016-12-31": "", "2016-09-30": "", "2016-06-30": "", "2016-03-31": "", "2015-12-31": "", "2015-09-30": "", "2015-06-30": "", "2015-03-31": "", "2014-12-31": "", "2014-09-30": "", "2014-06-30": "", "2014-03-31": "", "2013-12-31": "", "2013-09-30": "", "2013-06-30": "", "2013-03-31": "", "2012-12-31": "", "2012-09-30": "", "2012-06-30": "", "2012-03-31": "", "2011-12-31": "", "2011-09-30": "", "2011-06-30": "", "2011-03-31": "", "2010-12-31": "", "2010-09-30": "", "2010-06-30": "", "2010-03-31": "", "2009-12-31": "", "2009-09-30": "", "2009-06-30": "", "2009-03-31": "", "2008-12-31": "", "2008-09-30": "", "2008-06-30": "", "2008-03-31": "", "2007-12-31": "", "2007-09-30": "", "2007-06-30": "", "2007-03-31": "", "2006-12-31": "", "2006-09-30": "", "2006-06-30": "", "2006-03-31": "", "2005-12-31": "", "2005-09-30": "", "2005-06-30": "", "2005-03-31": ""}, "Days Sales In Receivables": {"2020-09-30": "", "2020-06-30": "", "2020-03-31": "", "2019-12-31": "", "2019-09-30": "", "2019-06-30": "", "2019-03-31": "", "2018-12-31": "", "2018-09-30": "", "2018-06-30": "", "2018-03-31": "", "2017-12-31": "", "2017-09-30": "", "2017-06-30": "", "2017-03-31": "", "2016-12-31": "", "2016-09-30": "", "2016-06-30": "", "2016-03-31": "", "2015-12-31": "", "2015-09-30": "", "2015-06-30": "", "2015-03-31": "", "2014-12-31": "", "2014-09-30": "", "2014-06-30": "", "2014-03-31": "", "2013-12-31": "", "2013-09-30": "", "2013-06-30": "", "2013-03-31": "", "2012-12-31": "", "2012-09-30": "", "2012-06-30": "", "2012-03-31": "", "2011-12-31": "", "2011-09-30": "", "2011-06-30": "", "2011-03-31": "", "2010-12-31": "", "2010-09-30": "", "2010-06-30": "", "2010-03-31": "", "2009-12-31": "", "2009-09-30": "", "2009-06-30": "", "2009-03-31": "", "2008-12-31": "", "2008-09-30": "", "2008-06-30": "", "2008-03-31": "", "2007-12-31": "", "2007-09-30": "", "2007-06-30": "", "2007-03-31": "", "2006-12-31": "", "2006-09-30": "", "2006-06-30": "", "2006-03-31": "", "2005-12-31": "", "2005-09-30": "", "2005-06-30": "", "2005-03-31": ""}, "ROE - Return On Equity": {"2020-09-30": "3.61910", "2020-06-30": "2.70080", "2020-03-31": "4.37950", "2019-12-31": "2.28400", "2019-09-30": "3.48480", "2019-06-30": "2.91120", "2019-03-31": "3.67590", "2018-12-31": "2.44790", "2018-09-30": "3.60800", "2018-06-30": "2.61070", "2018-03-31": "3.27830", "2017-12-31": "7.26000", "2017-09-30": "3.05650", "2017-06-30": "2.68900", "2017-03-31": "2.90210", "2016-12-31": "2.44160", "2016-09-30": "3.07750", "2016-06-30": "2.94150", "2016-03-31": "2.82320", "2015-12-31": "2.69490", "2015-09-30": "3.08490", "2015-06-30": "2.88710", "2015-03-31": "2.76270", "2014-12-31": "1.15410", "2014-09-30": "3.24570", "2014-06-30": "2.96680", "2014-03-31": "2.55330", "2013-12-31": "2.35280", "2013-09-30": "2.93920", "2013-06-30": "2.73420", "2013-03-31": "3.23410", "2012-12-31": "2.35910", "2012-09-30": "2.79870", "2012-06-30": "2.47180", "2012-03-31": "2.93360", "2011-12-31": "2.21990", "2011-09-30": "2.73250", "2011-06-30": "2.35450", "2011-03-31": "2.99750", "2010-12-31": "2.13400", "2010-09-30": "2.99000", "2010-06-30": "2.86190", "2010-03-31": "3.13990", "2009-12-31": "1.72670", "2009-09-30": "3.02360", "2009-06-30": "3.09690", "2009-03-31": "3.74670", "2008-12-31": "2.68760", "2008-09-30": "3.33610", "2008-06-30": "3.44050", "2008-03-31": "4.53310", "2007-12-31": "3.00730", "2007-09-30": "4.30720", "2007-06-30": "5.08470", "2007-03-31": "6.07080", "2006-12-31": "4.04830", "2006-09-30": "4.49480", "2006-06-30": "5.22730", "2006-03-31": "6.17150", "2005-12-31": "4.67290", "2005-09-30": "4.73370", "2005-06-30": "5.33090", "2005-03-31": "6.49330"}, "Return On Tangible Equity": {"2020-09-30": "-9.57580", "2020-06-30": "-6.88780", "2020-03-31": "-11.41910", "2019-12-31": "-5.82960", "2019-09-30": "-8.80940", "2019-06-30": "-7.28730", "2019-03-31": "-8.61270", "2018-12-31": "-5.51850", "2018-09-30": "-15.81810", "2018-06-30": "-11.28710", "2018-03-31": "-14.96010", "2017-12-31": "-24.21340", "2017-09-30": "-8.68670", "2017-06-30": "-7.29810", "2017-03-31": "-7.41470", "2016-12-31": "-5.63500", "2016-09-30": "-6.66320", "2016-06-30": "-5.71880", "2016-03-31": "-5.36630", "2015-12-31": "-4.90320", "2015-09-30": "-5.95980", "2015-06-30": "-5.00490", "2015-03-31": "-4.74100", "2014-12-31": "-2.15600", "2014-09-30": "-5.63360", "2014-06-30": "-4.91400", "2014-03-31": "-9.44070", "2013-12-31": "-7.64260", "2013-09-30": "-8.86460", "2013-06-30": "-14.46500", "2013-03-31": "-15.00600", "2012-12-31": "-9.05790", "2012-09-30": "-10.20420", "2012-06-30": "-7.95550", "2012-03-31": "-9.05970", "2011-12-31": "-20.77210", "2011-09-30": "-32.88490", "2011-06-30": "-20.91630", "2011-03-31": "-27.80780", "2010-12-31": "-18.86690", "2010-09-30": "-26.87330", "2010-06-30": "-33.52650", "2010-03-31": "-29.09200", "2009-12-31": "-13.64190", "2009-09-30": "-21.99790", "2009-06-30": "-18.03010", "2009-03-31": "-18.72340", "2008-12-31": "-12.03680", "2008-09-30": "-14.88730", "2008-06-30": "-13.98270", "2008-03-31": "-24.20830", "2007-12-31": "-17.17180", "2007-09-30": "-30.49470", "2007-06-30": "-31.22590", "2007-03-31": "-42.38270", "2006-12-31": "-24.87550", "2006-09-30": "-21.22540", "2006-06-30": "-23.84980", "2006-03-31": "-25.05400", "2005-12-31": "-21.96580", "2005-09-30": "-22.31430", "2005-06-30": "-19.24130", "2005-03-31": "-19.57880"}, "ROA - Return On Assets": {"2020-09-30": "1.52330", "2020-06-30": "1.18010", "2020-03-31": "2.00990", "2019-12-31": "1.00380", "2019-09-30": "1.50390", "2019-06-30": "1.29230", "2019-03-31": "1.67340", "2018-12-31": "1.09820", "2018-09-30": "1.82760", "2018-06-30": "1.29650", "2018-03-31": "1.61760", "2017-12-31": "3.26230", "2017-09-30": "1.02390", "2017-06-30": "1.25220", "2017-03-31": "1.34890", "2016-12-31": "1.09500", "2016-09-30": "1.29560", "2016-06-30": "1.27240", "2016-03-31": "1.24320", "2015-12-31": "1.15770", "2015-09-30": "1.34790", "2015-06-30": "1.21500", "2015-03-31": "1.17690", "2014-12-31": "0.49220", "2014-09-30": "1.38160", "2014-06-30": "1.25250", "2014-03-31": "1.42650", "2013-12-31": "1.29400", "2013-09-30": "1.62450", "2013-06-30": "1.56350", "2013-03-31": "1.86140", "2012-12-31": "1.36310", "2012-09-30": "1.57920", "2012-06-30": "1.37120", "2012-03-31": "1.63820", "2011-12-31": "1.39980", "2011-09-30": "1.72460", "2011-06-30": "1.46680", "2011-03-31": "1.89420", "2010-12-31": "1.33900", "2010-09-30": "1.85500", "2010-06-30": "1.76240", "2010-03-31": "1.96170", "2009-12-31": "1.06340", "2009-09-30": "1.83020", "2009-06-30": "1.82350", "2009-03-31": "2.23590", "2008-12-31": "1.57450", "2008-09-30": "1.92630", "2008-06-30": "1.94890", "2008-03-31": "2.60600", "2007-12-31": "1.68330", "2007-09-30": "2.41290", "2007-06-30": "2.75970", "2007-03-31": "3.26840", "2006-12-31": "2.08100", "2006-09-30": "2.23330", "2006-06-30": "2.59040", "2006-03-31": "2.97350", "2005-12-31": "2.22030", "2005-09-30": "2.27970", "2005-06-30": "2.52370", "2005-03-31": "2.94340"}, "ROI - Return On Investment": {"2020-09-30": "2.33220", "2020-06-30": "1.87930", "2020-03-31": "3.07060", "2019-12-31": "1.57750", "2019-09-30": "2.39240", "2019-06-30": "2.00970", "2019-03-31": "2.50960", "2018-12-31": "1.64780", "2018-09-30": "2.81180", "2018-06-30": "2.01230", "2018-03-31": "2.50760", "2017-12-31": "5.45260", "2017-09-30": "2.26990", "2017-06-30": "1.93080", "2017-03-31": "2.04950", "2016-12-31": "1.70560", "2016-09-30": "2.13160", "2016-06-30": "2.00920", "2016-03-31": "1.90580", "2015-12-31": "1.79840", "2015-09-30": "2.04060", "2015-06-30": "1.87980", "2015-03-31": "1.77560", "2014-12-31": "0.74680", "2014-09-30": "2.09280", "2014-06-30": "1.90040", "2014-03-31": "2.06940", "2013-12-31": "1.97830", "2013-09-30": "2.46290", "2013-06-30": "2.21110", "2013-03-31": "2.60390", "2012-12-31": "1.88880", "2012-09-30": "2.23110", "2012-06-30": "1.95870", "2012-03-31": "2.31530", "2011-12-31": "1.92680", "2011-09-30": "2.36580", "2011-06-30": "2.03150", "2011-03-31": "2.57970", "2010-12-31": "1.83020", "2010-09-30": "2.71500", "2010-06-30": "2.43830", "2010-03-31": "2.66570", "2009-12-31": "1.46000", "2009-09-30": "2.55160", "2009-06-30": "2.60110", "2009-03-31": "3.13220", "2008-12-31": "2.23180", "2008-09-30": "2.76060", "2008-06-30": "2.82930", "2008-03-31": "3.71180", "2007-12-31": "2.49060", "2007-09-30": "3.55950", "2007-06-30": "4.16650", "2007-03-31": "4.93590", "2006-12-31": "3.25570", "2006-09-30": "3.65820", "2006-06-30": "4.19890", "2006-03-31": "4.89760", "2005-12-31": "3.65010", "2005-09-30": "3.65270", "2005-06-30": "4.04760", "2005-03-31": "4.67060"}, "Book Value Per Share": {"2020-09-30": "13.04700", "2020-06-30": "12.63320", "2020-03-31": "12.27710", "2019-12-31": "11.89500", "2019-09-30": "11.73290", "2019-06-30": "11.30060", "2019-03-31": "10.98550", "2018-12-31": "10.73230", "2018-09-30": "10.52710", "2018-06-30": "10.25160", "2018-03-31": "10.03570", "2017-12-31": "9.35050", "2017-09-30": "8.90080", "2017-06-30": "8.77950", "2017-03-31": "8.61100", "2016-12-31": "8.42310", "2016-09-30": "8.28400", "2016-06-30": "8.04950", "2016-03-31": "7.84220", "2015-12-31": "7.73380", "2015-09-30": "7.75250", "2015-06-30": "7.50260", "2015-03-31": "7.31980", "2014-12-31": "7.36570", "2014-09-30": "7.32200", "2014-06-30": "7.20030", "2014-03-31": "7.05890", "2013-12-31": "6.90120", "2013-09-30": "6.75460", "2013-06-30": "6.60230", "2013-03-31": "6.45620", "2012-12-31": "6.28080", "2012-09-30": "6.14950", "2012-06-30": "5.99610", "2012-03-31": "5.87850", "2011-12-31": "5.73400", "2011-09-30": "5.63730", "2011-06-30": "5.50270", "2011-03-31": "5.41720", "2010-12-31": "5.27450", "2010-09-30": "5.19260", "2010-06-30": "5.05930", "2010-03-31": "4.94410", "2009-12-31": "4.82090", "2009-09-30": "4.76850", "2009-06-30": "4.64090", "2009-03-31": "4.52650", "2008-12-31": "4.38640", "2008-09-30": "4.30230", "2008-06-30": "4.17240", "2008-03-31": "4.05700", "2007-12-31": "3.90070", "2007-09-30": "3.81280", "2007-06-30": "3.64450", "2007-03-31": "3.50360", "2006-12-31": "3.31870", "2006-09-30": "3.20050", "2006-06-30": "3.04700", "2006-03-31": "2.90510", "2005-12-31": "2.74190", "2005-09-30": "2.64310", "2005-06-30": "2.51180", "2005-03-31": "2.39490"}, "Operating Cash Flow Per Share": {"2020-09-30": 0.4296, "2020-06-30": 1.3958, "2020-03-31": "0.12300", "2019-12-31": 0.8442, "2019-09-30": 0.5113, "2019-06-30": 1.0946, "2019-03-31": "0.01950", "2018-12-31": 0.7683, "2018-09-30": 0.2861, "2018-06-30": 0.7171, "2018-03-31": "0.28830", "2017-12-31": 0.4634, "2017-09-30": 0.158, "2017-06-30": 0.647, "2017-03-31": "0.32380", "2016-12-31": 0.3366, "2016-09-30": 0.2874, "2016-06-30": 0.7461, "2016-03-31": "0.12130", "2015-12-31": 0.3249, "2015-09-30": 0.2246, "2015-06-30": 0.6339, "2015-03-31": "0.17920", "2014-12-31": 0.3492, "2014-09-30": 0.3772, "2014-06-30": 0.3865, "2014-03-31": "0.23430", "2013-12-31": 0.2798, "2013-09-30": 0.3095, "2013-06-30": 0.2964, "2013-03-31": "0.47930", "2012-12-31": 0.1107, "2012-09-30": 0.2675, "2012-06-30": 0.3064, "2012-03-31": "0.09110", "2011-12-31": 0.1303, "2011-09-30": 0.2748, "2011-06-30": 0.2581, "2011-03-31": "0.18350", "2010-12-31": 0.2518, "2010-09-30": 0.2114, "2010-06-30": 0.3315, "2010-03-31": "0.26780", "2009-12-31": 0.1183, "2009-09-30": 0.0138, "2009-06-30": 0.3341, "2009-03-31": "0.33950", "2008-12-31": 0.5032, "2008-09-30": 0.1704, "2008-06-30": 0.4139, "2008-03-31": "0.16080", "2007-12-31": 0.2004, "2007-09-30": 0.1808, "2007-06-30": 0.1627, "2007-03-31": "0.24570", "2006-12-31": 0.2233, "2006-09-30": 0.167, "2006-06-30": 0.2235, "2006-03-31": "0.18470", "2005-12-31": 0.2668, "2005-09-30": 0.1646, "2005-06-30": 0.121, "2005-03-31": "0.21700"}, "Free Cash Flow Per Share": {"2020-09-30": 0.3891, "2020-06-30": 1.3243, "2020-03-31": "0.06460", "2019-12-31": 0.816, "2019-09-30": 0.4725, "2019-06-30": 1.0582, "2019-03-31": "-0.06470", "2018-12-31": 0.7284, "2018-09-30": 0.2531, "2018-06-30": 0.6923, "2018-03-31": "0.25340", "2017-12-31": 0.4227, "2017-09-30": 0.1557, "2017-06-30": 0.6264, "2017-03-31": "0.31500", "2016-12-31": 0.3253, "2016-09-30": 0.2727, "2016-06-30": 0.7321, "2016-03-31": "0.11480", "2015-12-31": 0.3256, "2015-09-30": 0.2126, "2015-06-30": 0.6175, "2015-03-31": "0.17910", "2014-12-31": 0.3685, "2014-09-30": 0.3511, "2014-06-30": 0.3674, "2014-03-31": "0.22070", "2013-12-31": 0.2802, "2013-09-30": 0.2955, "2013-06-30": 0.2828, "2013-03-31": "0.46980", "2012-12-31": 0.1239, "2012-09-30": 0.2481, "2012-06-30": 0.2839, "2012-03-31": "0.08480", "2011-12-31": 0.1241, "2011-09-30": 0.2664, "2011-06-30": 0.2474, "2011-03-31": "0.17350", "2010-12-31": 0.2419, "2010-09-30": 0.205, "2010-06-30": 0.3225, "2010-03-31": "0.26120", "2009-12-31": 0.1104, "2009-09-30": 0.0058, "2009-06-30": 0.325, "2009-03-31": "0.32810", "2008-12-31": 0.4949, "2008-09-30": 0.1634, "2008-06-30": 0.4013, "2008-03-31": "0.15400", "2007-12-31": 0.1792, "2007-09-30": 0.1734, "2007-06-30": 0.1564, "2007-03-31": "0.19290", "2006-12-31": 0.2157, "2006-09-30": 0.1566, "2006-06-30": 0.2087, "2006-03-31": "0.16940", "2005-12-31": 0.2549, "2005-09-30": 0.1556, "2005-06-30": 0.1119, "2005-03-31": "0.20740"}}, "revenue": {"Brown & Brown Annual Revenue (Millions of US $)": {"2020": "$2,613", "2019": "$2,392", "2018": "$2,014", "2017": "$1,881", "2016": "$1,767", "2015": "$1,661", "2014": "$1,576", "2013": "$1,363", "2012": "$1,200", "2011": "$1,014", "2010": "$973", "2009": "$968", "2008": "$978", "2007": "$960", "2006": "$878", "2005": "$786"}, "Brown & Brown Quarterly Revenue (Millions of US $)": {"2020-12-31": "$642", "2020-09-30": "$674", "2020-06-30": "$599", "2020-03-31": "$698", "2019-12-31": "$579", "2019-09-30": "$619", "2019-06-30": "$575", "2019-03-31": "$619", "2018-12-31": "$509", "2018-09-30": "$531", "2018-06-30": "$473", "2018-03-31": "$501", "2017-12-31": "$474", "2017-09-30": "$476", "2017-06-30": "$466", "2017-03-31": "$465", "2016-12-31": "$434", "2016-09-30": "$462", "2016-06-30": "$447", "2016-03-31": "$424", "2015-12-31": "$405", "2015-09-30": "$432", "2015-06-30": "$419", "2015-03-31": "$404", "2014-12-31": "$393", "2014-09-30": "$421", "2014-06-30": "$398", "2014-03-31": "$364", "2013-12-31": "$343", "2013-09-30": "$359", "2013-06-30": "$326", "2013-03-31": "$335", "2012-12-31": "$303", "2012-09-30": "$304", "2012-06-30": "$291", "2012-03-31": "$302", "2011-12-31": "$244", "2011-09-30": "$260", "2011-06-30": "$247", "2011-03-31": "$262", "2010-12-31": "$230", "2010-09-30": "$248", "2010-06-30": "$244", "2010-03-31": "$252", "2009-12-31": "$214", "2009-09-30": "$244", "2009-06-30": "$246", "2009-03-31": "$264", "2008-12-31": "$232", "2008-09-30": "$247", "2008-06-30": "$242", "2008-03-31": "$257", "2007-12-31": "$217", "2007-09-30": "$237", "2007-06-30": "$247", "2007-03-31": "$259", "2006-12-31": "$215", "2006-09-30": "$212", "2006-06-30": "$221", "2006-03-31": "$231", "2005-12-31": "$197", "2005-09-30": "$191", "2005-06-30": "$196", "2005-03-31": "$202"}}, "gross-profit": {"Brown & Brown Annual Gross Profit (Millions of US $)": {"2020": "$1,177", "2019": "$1,084", "2018": "$945", "2017": "$887", "2016": "$841", "2015": "$804", "2014": "$765", "2013": "$680", "2012": "$592", "2011": "$505", "2010": "$486", "2009": "$483", "2008": "$492", "2007": "$516", "2006": "$473", "2005": "$411"}, "Brown & Brown Quarterly Gross Profit (Millions of US $)": {"2020-12-31": "$265", "2020-09-30": "$311", "2020-06-30": "$252", "2020-03-31": "$349", "2019-12-31": "$244", "2019-09-30": "$288", "2019-06-30": "$266", "2019-03-31": "$286", "2018-12-31": "$231", "2018-09-30": "$263", "2018-06-30": "$221", "2018-03-31": "$231", "2017-12-31": "$216", "2017-09-30": "$230", "2017-06-30": "$222", "2017-03-31": "$219", "2016-12-31": "$201", "2016-09-30": "$225", "2016-06-30": "$215", "2016-03-31": "$200", "2015-12-31": "$193", "2015-09-30": "$216", "2015-06-30": "$202", "2015-03-31": "$193", "2014-12-31": "$166", "2014-09-30": "$218", "2014-06-30": "$201", "2014-03-31": "$179", "2013-12-31": "$164", "2013-09-30": "$179", "2013-06-30": "$162", "2013-03-31": "$176", "2012-12-31": "$144", "2012-09-30": "$154", "2012-06-30": "$140", "2012-03-31": "$153", "2011-12-31": "$115", "2011-09-30": "$134", "2011-06-30": "$121", "2011-03-31": "$136", "2010-12-31": "$108", "2010-09-30": "$126", "2010-06-30": "$122", "2010-03-31": "$130", "2009-12-31": "$99", "2009-09-30": "$124", "2009-06-30": "$124", "2009-03-31": "$136", "2008-12-31": "$110", "2008-09-30": "$125", "2008-06-30": "$121", "2008-03-31": "$136", "2007-12-31": "$107", "2007-09-30": "$127", "2007-06-30": "$134", "2007-03-31": "$148", "2006-12-31": "$114", "2006-09-30": "$111", "2006-06-30": "$118", "2006-03-31": "$130", "2005-12-31": "$100", "2005-09-30": "$97", "2005-06-30": "$102", "2005-03-31": "$112"}}, "operating-income": {"Brown & Brown Annual Operating Income (Millions of US $)": {"2020": "$624", "2019": "$526", "2018": "$462", "2017": "$450", "2016": "$423", "2015": "$403", "2014": "$340", "2013": "$358", "2012": "$305", "2011": "$271", "2010": "$266", "2009": "$255", "2008": "$272", "2007": "$312", "2006": "$280", "2005": "$244"}, "Brown & Brown Quarterly Operating Income (Millions of US $)": {"2020-12-31": "$131", "2020-09-30": "$159", "2020-06-30": "$129", "2020-03-31": "$205", "2019-12-31": "$102", "2019-09-30": "$152", "2019-06-30": "$124", "2019-03-31": "$149", "2018-12-31": "$101", "2018-09-30": "$143", "2018-06-30": "$101", "2018-03-31": "$118", "2017-12-31": "$106", "2017-09-30": "$124", "2017-06-30": "$108", "2017-03-31": "$111", "2016-12-31": "$95", "2016-09-30": "$117", "2016-06-30": "$109", "2016-03-31": "$103", "2015-12-31": "$95", "2015-09-30": "$113", "2015-06-30": "$101", "2015-03-31": "$94", "2014-12-31": "$38", "2014-09-30": "$113", "2014-06-30": "$102", "2014-03-31": "$87", "2013-12-31": "$76", "2013-09-30": "$95", "2013-06-30": "$86", "2013-03-31": "$99", "2012-12-31": "$69", "2012-09-30": "$82", "2012-06-30": "$71", "2012-03-31": "$83", "2011-12-31": "$60", "2011-09-30": "$73", "2011-06-30": "$61", "2011-03-31": "$77", "2010-12-31": "$52", "2010-09-30": "$73", "2010-06-30": "$68", "2010-03-31": "$73", "2009-12-31": "$41", "2009-09-30": "$67", "2009-06-30": "$67", "2009-03-31": "$79", "2008-12-31": "$54", "2008-09-30": "$67", "2008-06-30": "$67", "2008-03-31": "$85", "2007-12-31": "$53", "2007-09-30": "$75", "2007-06-30": "$84", "2007-03-31": "$98", "2006-12-31": "$62", "2006-09-30": "$66", "2006-06-30": "$71", "2006-03-31": "$81", "2005-12-31": "$57", "2005-09-30": "$56", "2005-06-30": "$60", "2005-03-31": "$71"}}, "ebitda": {"Brown & Brown Annual EBITDA (Millions of US $)": {"2019": "$720", "2018": "$614", "2017": "$598", "2016": "$572", "2015": "$550", "2014": "$472", "2013": "$459", "2012": "$400", "2011": "$352", "2010": "$345", "2009": "$332", "2008": "$347", "2007": "$379", "2006": "$341", "2005": "$302"}, "Brown & Brown Quarterly EBITDA (Millions of US $)": {"2020-09-30": "$206", "2020-06-30": "$177", "2020-03-31": "$253", "2019-12-31": "$151", "2019-09-30": "$201", "2019-06-30": "$172", "2019-03-31": "$196", "2018-12-31": "$143", "2018-09-30": "$179", "2018-06-30": "$138", "2018-03-31": "$155", "2017-12-31": "$143", "2017-09-30": "$161", "2017-06-30": "$145", "2017-03-31": "$149", "2016-12-31": "$132", "2016-09-30": "$154", "2016-06-30": "$146", "2016-03-31": "$140", "2015-12-31": "$132", "2015-09-30": "$149", "2015-06-30": "$138", "2015-03-31": "$131", "2014-12-31": "$77", "2014-09-30": "$147", "2014-06-30": "$135", "2014-03-31": "$113", "2013-12-31": "$103", "2013-09-30": "$122", "2013-06-30": "$111", "2013-03-31": "$124", "2012-12-31": "$93", "2012-09-30": "$106", "2012-06-30": "$95", "2012-03-31": "$106", "2011-12-31": "$80", "2011-09-30": "$93", "2011-06-30": "$82", "2011-03-31": "$97", "2010-12-31": "$72", "2010-09-30": "$93", "2010-06-30": "$87", "2010-03-31": "$92", "2009-12-31": "$61", "2009-09-30": "$87", "2009-06-30": "$86", "2009-03-31": "$99", "2008-12-31": "$73", "2008-09-30": "$87", "2008-06-30": "$85", "2008-03-31": "$102", "2007-12-31": "$71", "2007-09-30": "$92", "2007-06-30": "$101", "2007-03-31": "$114", "2006-12-31": "$78", "2006-09-30": "$81", "2006-06-30": "$86", "2006-03-31": "$97", "2005-12-31": "$73", "2005-09-30": "$70", "2005-06-30": "$75", "2005-03-31": "$84"}}, "net-income": {"Brown & Brown Annual Net Income (Millions of US $)": {"2020": "$481", "2019": "$386", "2018": "$336", "2017": "$390", "2016": "$251", "2015": "$238", "2014": "$202", "2013": "$212", "2012": "$179", "2011": "$159", "2010": "$157", "2009": "$148", "2008": "$161", "2007": "$184", "2006": "$172", "2005": "$151"}, "Brown & Brown Quarterly Net Income (Millions of US $)": {"2020-12-31": "$97", "2020-09-30": "$130", "2020-06-30": "$93", "2020-03-31": "$147", "2019-12-31": "$74", "2019-09-30": "$112", "2019-06-30": "$90", "2019-03-31": "$111", "2018-12-31": "$71", "2018-09-30": "$103", "2018-06-30": "$72", "2018-03-31": "$89", "2017-12-31": "$183", "2017-09-30": "$74", "2017-06-30": "$64", "2017-03-31": "$68", "2016-12-31": "$56", "2016-09-30": "$70", "2016-06-30": "$64", "2016-03-31": "$61", "2015-12-31": "$57", "2015-09-30": "$66", "2015-06-30": "$60", "2015-03-31": "$56", "2014-12-31": "$24", "2014-09-30": "$67", "2014-06-30": "$60", "2014-03-31": "$51", "2013-12-31": "$46", "2013-09-30": "$56", "2013-06-30": "$51", "2013-03-31": "$59", "2012-12-31": "$41", "2012-09-30": "$48", "2012-06-30": "$41", "2012-03-31": "$48", "2011-12-31": "$35", "2011-09-30": "$43", "2011-06-30": "$36", "2011-03-31": "$45", "2010-12-31": "$31", "2010-09-30": "$43", "2010-06-30": "$40", "2010-03-31": "$43", "2009-12-31": "$23", "2009-09-30": "$40", "2009-06-30": "$39", "2009-03-31": "$46", "2008-12-31": "$29", "2008-09-30": "$39", "2008-06-30": "$40", "2008-03-31": "$52", "2007-12-31": "$26", "2007-09-30": "$46", "2007-06-30": "$52", "2007-03-31": "$60", "2006-12-31": "$38", "2006-09-30": "$40", "2006-06-30": "$44", "2006-03-31": "$50", "2005-12-31": "$36", "2005-09-30": "$35", "2005-06-30": "$37", "2005-03-31": "$43"}}, "eps-earnings-per-share-diluted": {"Brown & Brown Annual EPS": {"2020": "$1.69", "2019": "$1.40", "2018": "$1.22", "2017": "$1.40", "2016": "$0.91", "2015": "$0.85", "2014": "$0.71", "2013": "$0.74", "2012": "$0.63", "2011": "$0.57", "2010": "$0.56", "2009": "$0.54", "2008": "$0.59", "2007": "$0.68", "2006": "$0.61", "2005": "$0.54"}, "Brown & Brown Quarterly EPS": {"2020-12-31": "$0.34", "2020-09-30": "$0.47", "2020-06-30": "$0.34", "2020-03-31": "$0.54", "2019-12-31": "$0.26", "2019-09-30": "$0.41", "2019-06-30": "$0.33", "2019-03-31": "$0.40", "2018-12-31": "$0.26", "2018-09-30": "$0.38", "2018-06-30": "$0.26", "2018-03-31": "$0.32", "2017-12-31": "$0.65", "2017-09-30": "$0.27", "2017-06-30": "$0.23", "2017-03-31": "$0.25", "2016-12-31": "$0.21", "2016-09-30": "$0.25", "2016-06-30": "$0.24", "2016-03-31": "$0.22", "2015-12-31": "$0.21", "2015-09-30": "$0.24", "2015-06-30": "$0.22", "2015-03-31": "$0.20", "2014-12-31": "$0.08", "2014-09-30": "$0.24", "2014-06-30": "$0.21", "2014-03-31": "$0.18", "2013-12-31": "$0.16", "2013-09-30": "$0.20", "2013-06-30": "$0.18", "2013-03-31": "$0.21", "2012-12-31": "$0.15", "2012-09-30": "$0.17", "2012-06-30": "$0.15", "2012-03-31": "$0.17", "2011-12-31": "$0.13", "2011-09-30": "$0.15", "2011-06-30": "$0.13", "2011-03-31": "$0.16", "2010-12-31": "$0.11", "2010-09-30": "$0.16", "2010-06-30": "$0.15", "2010-03-31": "$0.16", "2009-12-31": "$0.08", "2009-09-30": "$0.15", "2009-06-30": "$0.15", "2009-03-31": "$0.17", "2008-12-31": "$0.11", "2008-09-30": "$0.15", "2008-06-30": "$0.15", "2008-03-31": "$0.19", "2007-12-31": "$0.12", "2007-09-30": "$0.17", "2007-06-30": "$0.19", "2007-03-31": "$0.21", "2006-12-31": "$0.13", "2006-09-30": "$0.15", "2006-06-30": "$0.16", "2006-03-31": "$0.18", "2005-12-31": "$0.13", "2005-09-30": "$0.13", "2005-06-30": "$0.14", "2005-03-31": "$0.16"}}, "shares-outstanding": {"Brown & Brown Annual Shares Outstanding (Millions of Shares)": {"2020": "276", "2019": "275", "2018": "276", "2017": "278", "2016": "276", "2015": "280", "2014": "286", "2013": "285", "2012": "284", "2011": "281", "2010": "279", "2009": "275", "2008": "274", "2007": "273", "2006": "282", "2005": "280"}, "Brown & Brown Quarterly Shares Outstanding (Millions of Shares)": {"2020-12-31": "277", "2020-09-30": "277", "2020-06-30": "274", "2020-03-31": "275", "2019-12-31": "275", "2019-09-30": "275", "2019-06-30": "274", "2019-03-31": "275", "2018-12-31": "276", "2018-09-30": "275", "2018-06-30": "276", "2018-03-31": "276", "2017-12-31": "278", "2017-09-30": "278", "2017-06-30": "278", "2017-03-31": "278", "2016-12-31": "276", "2016-09-30": "276", "2016-06-30": "275", "2016-03-31": "274", "2015-12-31": "280", "2015-09-30": "280", "2015-06-30": "280", "2015-03-31": "283", "2014-12-31": "286", "2014-09-30": "286", "2014-06-30": "286", "2014-03-31": "287", "2013-12-31": "285", "2013-09-30": "286", "2013-06-30": "286", "2013-03-31": "286", "2012-12-31": "284", "2012-09-30": "284", "2012-06-30": "284", "2012-03-31": "283", "2011-12-31": "281", "2011-09-30": "281", "2011-06-30": "280", "2011-03-31": "281", "2010-12-31": "279", "2010-09-30": "279", "2010-06-30": "278", "2010-03-31": "276", "2009-12-31": "275", "2009-09-30": "275", "2009-06-30": "275", "2009-03-31": "274", "2008-12-31": "274", "2008-09-30": "274", "2008-06-30": "283", "2008-03-31": "283", "2007-12-31": "273", "2007-09-30": "283", "2007-06-30": "282", "2007-03-31": "282", "2006-12-31": "282", "2006-09-30": "282", "2006-06-30": "282", "2006-03-31": "282", "2005-12-31": "280", "2005-09-30": "279", "2005-06-30": "279", "2005-03-31": "279"}}, "total-assets": {"Brown & Brown Annual Total Assets (Millions of US $)": {"2019": "$7,623", "2018": "$6,689", "2017": "$5,748", "2016": "$5,263", "2015": "$5,004", "2014": "$4,956", "2013": "$3,650", "2012": "$3,128", "2011": "$2,607", "2010": "$2,401", "2009": "$2,224", "2008": "$2,120", "2007": "$1,961", "2006": "$1,808", "2005": "$1,609"}, "Brown & Brown Quarterly Total Assets (Millions of US $)": {"2020-09-30": "$8,795", "2020-06-30": "$8,201", "2020-03-31": "$7,582", "2019-12-31": "$7,623", "2019-09-30": "$7,681", "2019-06-30": "$7,165", "2019-03-31": "$6,806", "2018-12-31": "$6,689", "2018-09-30": "$5,803", "2018-06-30": "$5,702", "2018-03-31": "$5,615", "2017-12-31": "$5,748", "2017-09-30": "$7,414", "2017-06-30": "$5,279", "2017-03-31": "$5,197", "2016-12-31": "$5,263", "2016-09-30": "$5,522", "2016-06-30": "$5,207", "2016-03-31": "$4,993", "2015-12-31": "$5,004", "2015-09-30": "$5,002", "2015-06-30": "$5,021", "2015-03-31": "$4,839", "2014-12-31": "$4,956", "2014-09-30": "$4,946", "2014-06-30": "$4,930", "2014-03-31": "$3,674", "2013-12-31": "$3,650", "2013-09-30": "$3,555", "2013-06-30": "$3,326", "2013-03-31": "$3,230", "2012-12-31": "$3,128", "2012-09-30": "$3,135", "2012-06-30": "$3,097", "2012-03-31": "$3,017", "2011-12-31": "$2,607", "2011-09-30": "$2,561", "2011-06-30": "$2,525", "2011-03-31": "$2,444", "2010-12-31": "$2,401", "2010-09-30": "$2,388", "2010-06-30": "$2,337", "2010-03-31": "$2,249", "2009-12-31": "$2,224", "2009-09-30": "$2,238", "2009-06-30": "$2,230", "2009-03-31": "$2,147", "2008-12-31": "$2,120", "2008-09-30": "$2,107", "2008-06-30": "$2,073", "2008-03-31": "$1,986", "2007-12-31": "$1,961", "2007-09-30": "$1,915", "2007-06-30": "$1,885", "2007-03-31": "$1,827", "2006-12-31": "$1,808", "2006-09-30": "$1,803", "2006-06-30": "$1,715", "2006-03-31": "$1,682", "2005-12-31": "$1,609", "2005-09-30": "$1,526", "2005-06-30": "$1,467", "2005-03-31": "$1,462"}}, "cash-on-hand": {"Brown & Brown Annual Cash on Hand (Millions of US $)": {"2019": "$963", "2018": "$778", "2017": "$824", "2016": "$781", "2015": "$673", "2014": "$730", "2013": "$453", "2012": "$384", "2011": "$417", "2010": "$397", "2009": "$352", "2008": "$223", "2007": "$293", "2006": "$331", "2005": "$330"}, "Brown & Brown Quarterly Cash on Hand (Millions of US $)": {"2020-09-30": "$1,502", "2020-06-30": "$1,062", "2020-03-31": "$775", "2019-12-31": "$963", "2019-09-30": "$875", "2019-06-30": "$815", "2019-03-31": "$625", "2018-12-31": "$778", "2018-09-30": "$725", "2018-06-30": "$787", "2018-03-31": "$826", "2017-12-31": "$824", "2017-09-30": "$823", "2017-06-30": "$877", "2017-03-31": "$826", "2016-12-31": "$781", "2016-09-30": "$767", "2016-06-30": "$732", "2016-03-31": "$633", "2015-12-31": "$673", "2015-09-30": "$666", "2015-06-30": "$659", "2015-03-31": "$626", "2014-12-31": "$730", "2014-09-30": "$658", "2014-06-30": "$609", "2014-03-31": "$503", "2013-12-31": "$453", "2013-09-30": "$418", "2013-06-30": "$596", "2013-03-31": "$527", "2012-12-31": "$384", "2012-09-30": "$443", "2012-06-30": "$386", "2012-03-31": "$345", "2011-12-31": "$417", "2011-09-30": "$481", "2011-06-30": "$399", "2011-03-31": "$381", "2010-12-31": "$397", "2010-09-30": "$418", "2010-06-30": "$439", "2010-03-31": "$375", "2009-12-31": "$352", "2009-09-30": "$345", "2009-06-30": "$350", "2009-03-31": "$267", "2008-12-31": "$223", "2008-09-30": "$241", "2008-06-30": "$216", "2008-03-31": "$256", "2007-12-31": "$293", "2007-09-30": "$301", "2007-06-30": "$308", "2007-03-31": "$342", "2006-12-31": "$331", "2006-09-30": "$341", "2006-06-30": "$309", "2006-03-31": "$330", "2005-12-31": "$330", "2005-09-30": "$312", "2005-06-30": "$279", "2005-03-31": "$283"}}, "long-term-debt": {"Brown & Brown Annual Long Term Debt (Millions of US $)": {"2019": "$1,500", "2018": "$1,457", "2017": "$856", "2016": "$1,018", "2015": "$1,072", "2014": "$1,153", "2013": "$380", "2012": "$450", "2011": "$250", "2010": "$250", "2009": "$250", "2008": "$254", "2007": "$228", "2006": "$226", "2005": "$214"}, "Brown & Brown Quarterly Long Term Debt (Millions of US $)": {"2020-09-30": "$2,043", "2020-06-30": "$1,566", "2020-03-31": "$1,483", "2019-12-31": "$1,500", "2019-09-30": "$1,514", "2019-06-30": "$1,427", "2019-03-31": "$1,440", "2018-12-31": "$1,457", "2018-09-30": "$832", "2018-06-30": "$842", "2018-03-31": "$852", "2017-12-31": "$856", "2017-09-30": "$861", "2017-06-30": "$965", "2017-03-31": "$1,005", "2016-12-31": "$1,018", "2016-09-30": "$1,032", "2016-06-30": "$1,045", "2016-03-31": "$1,058", "2015-12-31": "$1,072", "2015-09-30": "$1,119", "2015-06-30": "$1,132", "2015-03-31": "$1,146", "2014-12-31": "$1,153", "2014-09-30": "$1,160", "2014-06-30": "$1,168", "2014-03-31": "$480", "2013-12-31": "$380", "2013-09-30": "$380", "2013-06-30": "$450", "2013-03-31": "$450", "2012-12-31": "$450", "2012-09-30": "$450", "2012-06-30": "$450", "2012-03-31": "$450", "2011-12-31": "$250", "2011-09-30": "$251", "2011-06-30": "$250", "2011-03-31": "$250", "2010-12-31": "$250", "2010-09-30": "$150", "2010-06-30": "$250", "2010-03-31": "$250", "2009-12-31": "$250", "2009-09-30": "$251", "2009-06-30": "$250", "2009-03-31": "$251", "2008-12-31": "$254", "2008-09-30": "$254", "2008-06-30": "$254", "2008-03-31": "$253", "2007-12-31": "$228", "2007-09-30": "$225", "2007-06-30": "$225", "2007-03-31": "$226", "2006-12-31": "$226", "2006-09-30": "$205", "2006-06-30": "$208", "2006-03-31": "$211", "2005-12-31": "$214", "2005-09-30": "$217", "2005-06-30": "$220", "2005-03-31": "$259"}}, "total-liabilities": {"Brown & Brown Annual Total Liabilities (Millions of US $)": {"2019": "$4,273", "2018": "$3,688", "2017": "$3,165", "2016": "$2,903", "2015": "$2,855", "2014": "$2,843", "2013": "$1,642", "2012": "$1,321", "2011": "$963", "2010": "$894", "2009": "$854", "2008": "$878", "2007": "$863", "2006": "$879", "2005": "$844"}, "Brown & Brown Quarterly Total Liabilities (Millions of US $)": {"2020-09-30": "$5,093", "2020-06-30": "$4,618", "2020-03-31": "$4,103", "2019-12-31": "$4,273", "2019-09-30": "$4,366", "2019-06-30": "$3,984", "2019-03-31": "$3,708", "2018-12-31": "$3,688", "2018-09-30": "$2,863", "2018-06-30": "$2,870", "2018-03-31": "$2,844", "2017-12-31": "$3,165", "2017-09-30": "$4,931", "2017-06-30": "$2,821", "2017-03-31": "$2,782", "2016-12-31": "$2,903", "2016-09-30": "$3,197", "2016-06-30": "$2,955", "2016-03-31": "$2,794", "2015-12-31": "$2,855", "2015-09-30": "$2,816", "2015-06-30": "$2,908", "2015-03-31": "$2,777", "2014-12-31": "$2,843", "2014-09-30": "$2,840", "2014-06-30": "$2,849", "2014-03-31": "$1,621", "2013-12-31": "$1,642", "2013-09-30": "$1,590", "2013-06-30": "$1,424", "2013-03-31": "$1,371", "2012-12-31": "$1,321", "2012-09-30": "$1,366", "2012-06-30": "$1,379", "2012-03-31": "$1,332", "2011-12-31": "$963", "2011-09-30": "$945", "2011-06-30": "$952", "2011-03-31": "$900", "2010-12-31": "$894", "2010-09-30": "$906", "2010-06-30": "$898", "2010-03-31": "$844", "2009-12-31": "$854", "2009-09-30": "$883", "2009-06-30": "$917", "2009-03-31": "$866", "2008-12-31": "$878", "2008-09-30": "$891", "2008-06-30": "$899", "2008-03-31": "$844", "2007-12-31": "$863", "2007-09-30": "$842", "2007-06-30": "$862", "2007-03-31": "$844", "2006-12-31": "$879", "2006-09-30": "$907", "2006-06-30": "$865", "2006-03-31": "$872", "2005-12-31": "$844", "2005-09-30": "$791", "2005-06-30": "$773", "2005-03-31": "$799"}}, "total-share-holder-equity": {"Brown & Brown Annual Share Holder Equity (Millions of US $)": {"2019": "$3,350", "2018": "$3,001", "2017": "$2,583", "2016": "$2,360", "2015": "$2,150", "2014": "$2,114", "2013": "$2,007", "2012": "$1,807", "2011": "$1,644", "2010": "$1,506", "2009": "$1,370", "2008": "$1,242", "2007": "$1,097", "2006": "$929", "2005": "$764"}, "Brown & Brown Quarterly Share Holder Equity (Millions of US $)": {"2020-09-30": "$3,702", "2020-06-30": "$3,584", "2020-03-31": "$3,480", "2019-12-31": "$3,350", "2019-09-30": "$3,315", "2019-06-30": "$3,181", "2019-03-31": "$3,098", "2018-12-31": "$3,001", "2018-09-30": "$2,939", "2018-06-30": "$2,831", "2018-03-31": "$2,771", "2017-12-31": "$2,583", "2017-09-30": "$2,484", "2017-06-30": "$2,458", "2017-03-31": "$2,416", "2016-12-31": "$2,360", "2016-09-30": "$2,325", "2016-06-30": "$2,252", "2016-03-31": "$2,199", "2015-12-31": "$2,150", "2015-09-30": "$2,186", "2015-06-30": "$2,113", "2015-03-31": "$2,061", "2014-12-31": "$2,114", "2014-09-30": "$2,105", "2014-06-30": "$2,082", "2014-03-31": "$2,053", "2013-12-31": "$2,007", "2013-09-30": "$1,965", "2013-06-30": "$1,902", "2013-03-31": "$1,859", "2012-12-31": "$1,807", "2012-09-30": "$1,769", "2012-06-30": "$1,718", "2012-03-31": "$1,685", "2011-12-31": "$1,644", "2011-09-30": "$1,617", "2011-06-30": "$1,573", "2011-03-31": "$1,544", "2010-12-31": "$1,506", "2010-09-30": "$1,481", "2010-06-30": "$1,439", "2010-03-31": "$1,405", "2009-12-31": "$1,370", "2009-09-30": "$1,355", "2009-06-30": "$1,313", "2009-03-31": "$1,281", "2008-12-31": "$1,242", "2008-09-30": "$1,217", "2008-06-30": "$1,174", "2008-03-31": "$1,142", "2007-12-31": "$1,097", "2007-09-30": "$1,073", "2007-06-30": "$1,023", "2007-03-31": "$984", "2006-12-31": "$929", "2006-09-30": "$896", "2006-06-30": "$850", "2006-03-31": "$811", "2005-12-31": "$764", "2005-09-30": "$735", "2005-06-30": "$695", "2005-03-31": "$662"}}, "profit-margins": {"current": "18.39%"}, "gross margin": {"2020-12-31": "45.04%", "2020-09-30": "45.33%", "2020-06-30": "45.41%", "2020-03-31": "46.42%", "2019-12-31": "45.32%", "2019-09-30": "46.12%", "2019-06-30": "46.82%", "2019-03-31": "46.95%", "2018-12-31": "46.97%", "2018-09-30": "47.04%", "2018-06-30": "46.67%", "2018-03-31": "46.90%", "2017-12-31": "47.16%", "2017-09-30": "47.37%", "2017-06-30": "47.45%", "2017-03-31": "47.57%", "2016-12-31": "47.59%", "2016-09-30": "47.93%", "2016-06-30": "48.24%", "2016-03-31": "48.27%", "2015-12-31": "48.43%", "2015-09-30": "47.15%", "2015-06-30": "47.59%", "2015-03-31": "48.14%", "2014-12-31": "48.48%", "2014-09-30": "49.93%", "2014-06-30": "49.39%", "2014-03-31": "49.14%", "2013-12-31": "49.96%", "2013-09-30": "49.96%", "2013-06-30": "50.16%", "2013-03-31": "49.80%", "2012-12-31": "49.25%", "2012-09-30": "49.26%", "2012-06-30": "49.41%", "2012-03-31": "49.67%", "2011-12-31": "49.95%", "2011-09-30": "49.95%", "2011-06-30": "49.75%", "2011-03-31": "50.00%", "2010-12-31": "49.90%", "2010-09-30": "49.79%", "2010-06-30": "49.79%", "2010-03-31": "49.90%", "2009-12-31": "49.90%", "2009-09-30": "50.10%", "2009-06-30": "50.05%", "2009-03-31": "49.95%", "2008-12-31": "50.31%", "2008-09-30": "50.78%", "2008-06-30": "51.52%", "2008-03-31": "52.61%", "2007-12-31": "53.75%", "2007-09-30": "54.59%", "2007-06-30": "54.34%", "2007-03-31": "54.13%", "2006-12-31": "53.81%", "2006-09-30": "53.31%", "2006-06-30": "52.98%", "2006-03-31": "52.64%", "2005-12-31": "52.29%"}, "operating margin": {"2020-12-31": "23.88%", "2020-09-30": "23.33%", "2020-06-30": "23.57%", "2020-03-31": "23.59%", "2019-12-31": "22.03%", "2019-09-30": "22.65%", "2019-06-30": "23.10%", "2019-03-31": "23.12%", "2018-12-31": "22.94%", "2018-09-30": "23.60%", "2018-06-30": "23.34%", "2018-03-31": "23.79%", "2017-12-31": "23.87%", "2017-09-30": "23.79%", "2017-06-30": "23.59%", "2017-03-31": "23.89%", "2016-12-31": "24.00%", "2016-09-30": "24.40%", "2016-06-30": "24.59%", "2016-03-31": "24.52%", "2015-12-31": "24.28%", "2015-09-30": "21.00%", "2015-06-30": "21.14%", "2015-03-31": "21.47%", "2014-12-31": "21.57%", "2014-09-30": "24.77%", "2014-06-30": "24.59%", "2014-03-31": "24.71%", "2013-12-31": "26.12%", "2013-09-30": "26.38%", "2013-06-30": "26.50%", "2013-03-31": "26.03%", "2012-12-31": "25.42%", "2012-09-30": "25.94%", "2012-06-30": "26.16%", "2012-03-31": "26.31%", "2011-12-31": "26.75%", "2011-09-30": "26.33%", "2011-06-30": "26.65%", "2011-03-31": "27.44%", "2010-12-31": "27.31%", "2010-09-30": "26.62%", "2010-06-30": "26.10%", "2010-03-31": "25.94%", "2009-12-31": "26.24%", "2009-09-30": "27.08%", "2009-06-30": "27.00%", "2009-03-31": "27.11%", "2008-12-31": "27.91%", "2008-09-30": "28.25%", "2008-06-30": "29.38%", "2008-03-31": "31.00%", "2007-12-31": "32.29%", "2007-09-30": "33.30%", "2007-06-30": "33.23%", "2007-03-31": "32.75%", "2006-12-31": "31.85%", "2006-09-30": "31.94%", "2006-06-30": "31.55%", "2006-03-31": "31.17%", "2005-12-31": "31.04%"}, "ebitda margin": {"2020-09-30": "30.86%", "2020-06-30": "31.34%", "2020-03-31": "31.44%", "2019-12-31": "30.10%", "2019-09-30": "30.66%", "2019-06-30": "30.89%", "2019-03-31": "30.77%", "2018-12-31": "30.54%", "2018-09-30": "31.08%", "2018-06-30": "31.03%", "2018-03-31": "31.51%", "2017-12-31": "31.79%", "2017-09-30": "31.88%", "2017-06-30": "31.75%", "2017-03-31": "32.13%", "2016-12-31": "32.37%", "2016-09-30": "32.91%", "2016-06-30": "33.20%", "2016-03-31": "33.27%", "2015-12-31": "33.13%", "2015-09-30": "30.04%", "2015-06-30": "30.12%", "2015-03-31": "30.32%", "2014-12-31": "29.95%", "2014-09-30": "32.63%", "2014-06-30": "32.31%", "2014-03-31": "32.26%", "2013-12-31": "33.75%", "2013-09-30": "34.01%", "2013-06-30": "34.23%", "2013-03-31": "33.90%", "2012-12-31": "33.33%", "2012-09-30": "33.92%", "2012-06-30": "34.09%", "2012-03-31": "34.28%", "2011-12-31": "34.75%", "2011-09-30": "34.43%", "2011-06-30": "34.85%", "2011-03-31": "35.47%", "2010-12-31": "35.32%", "2010-09-30": "34.76%", "2010-06-30": "34.28%", "2010-03-31": "34.10%", "2009-12-31": "34.40%", "2009-09-30": "34.99%", "2009-06-30": "34.88%", "2009-03-31": "34.92%", "2008-12-31": "35.48%", "2008-09-30": "35.83%", "2008-06-30": "36.73%", "2008-03-31": "38.20%", "2007-12-31": "39.38%", "2007-09-30": "40.19%", "2007-06-30": "40.09%", "2007-03-31": "39.58%", "2006-12-31": "38.91%", "2006-09-30": "39.14%", "2006-06-30": "38.81%", "2006-03-31": "38.65%", "2005-12-31": "38.42%"}, "pre tax profit margin": {"2020-12-31": "23.88%", "2020-09-30": "23.33%", "2020-06-30": "23.57%", "2020-03-31": "23.59%", "2019-12-31": "22.03%", "2019-09-30": "22.65%", "2019-06-30": "23.14%", "2019-03-31": "23.17%", "2018-12-31": "22.99%", "2018-09-30": "23.65%", "2018-06-30": "23.34%", "2018-03-31": "23.79%", "2017-12-31": "23.87%", "2017-09-30": "23.79%", "2017-06-30": "23.59%", "2017-03-31": "23.89%", "2016-12-31": "24.00%", "2016-09-30": "24.40%", "2016-06-30": "24.59%", "2016-03-31": "24.52%", "2015-12-31": "24.28%", "2015-09-30": "21.00%", "2015-06-30": "21.14%", "2015-03-31": "21.47%", "2014-12-31": "21.57%", "2014-09-30": "24.77%", "2014-06-30": "24.59%", "2014-03-31": "24.71%", "2013-12-31": "26.12%", "2013-09-30": "26.38%", "2013-06-30": "26.50%", "2013-03-31": "26.03%", "2012-12-31": "25.42%", "2012-09-30": "25.94%", "2012-06-30": "26.16%", "2012-03-31": "26.31%", "2011-12-31": "26.75%", "2011-09-30": "26.33%", "2011-06-30": "26.65%", "2011-03-31": "27.44%", "2010-12-31": "27.31%", "2010-09-30": "26.62%", "2010-06-30": "26.10%", "2010-03-31": "25.94%", "2009-12-31": "26.24%", "2009-09-30": "27.08%", "2009-06-30": "27.00%", "2009-03-31": "27.11%", "2008-12-31": "27.91%", "2008-09-30": "28.25%", "2008-06-30": "29.38%", "2008-03-31": "31.00%", "2007-12-31": "32.29%", "2007-09-30": "33.30%", "2007-06-30": "33.23%", "2007-03-31": "32.75%", "2006-12-31": "31.85%", "2006-09-30": "31.94%", "2006-06-30": "31.55%", "2006-03-31": "31.17%", "2005-12-31": "31.04%"}, "net profit margin": {"2020-12-31": "17.87%", "2020-09-30": "17.41%", "2020-06-30": "17.07%", "2020-03-31": "17.12%", "2019-12-31": "16.18%", "2019-09-30": "16.54%", "2019-06-30": "16.79%", "2019-03-31": "16.74%", "2018-12-31": "16.63%", "2018-09-30": "22.59%", "2018-06-30": "21.73%", "2018-03-31": "21.39%", "2017-12-31": "20.68%", "2017-09-30": "14.23%", "2017-06-30": "14.12%", "2017-03-31": "14.27%", "2016-12-31": "14.20%", "2016-09-30": "14.50%", "2016-06-30": "14.52%", "2016-03-31": "14.52%", "2015-12-31": "14.40%", "2015-09-30": "12.50%", "2015-06-30": "12.65%", "2015-03-31": "12.81%", "2014-12-31": "12.82%", "2014-09-30": "14.68%", "2014-06-30": "14.55%", "2014-03-31": "14.66%", "2013-12-31": "15.55%", "2013-09-30": "15.65%", "2013-06-30": "15.69%", "2013-03-31": "15.33%", "2012-12-31": "14.83%", "2012-09-30": "15.07%", "2012-06-30": "15.22%", "2012-03-31": "15.38%", "2011-12-31": "15.70%", "2011-09-30": "15.52%", "2011-06-30": "15.70%", "2011-03-31": "16.16%", "2010-12-31": "16.12%", "2010-09-30": "15.55%", "2010-06-30": "15.30%", "2010-03-31": "15.17%", "2009-12-31": "15.29%", "2009-09-30": "15.62%", "2009-06-30": "15.47%", "2009-03-31": "15.63%", "2008-12-31": "16.36%", "2008-09-30": "16.30%", "2008-06-30": "17.21%", "2008-03-31": "18.37%", "2007-12-31": "19.17%", "2007-09-30": "20.46%", "2007-06-30": "20.36%", "2007-03-31": "20.07%", "2006-12-31": "19.57%", "2006-09-30": "19.74%", "2006-06-30": "19.64%", "2006-03-31": "19.39%", "2005-12-31": "19.21%"}, "pe ratio": {"current": "26.49", "2021-02-05": "33.16", "2020-12-31": "35.04", "2020-09-30": "27.83", "2020-06-30": "25.97", "2020-03-31": "23.17", "2019-12-31": "27.72", "2019-09-30": "25.44", "2019-06-30": "24.10", "2019-03-31": "22.31", "2018-12-31": "22.14", "2018-09-30": "17.84", "2018-06-30": "17.96", "2018-03-31": "16.77", "2017-12-31": "17.82", "2017-09-30": "24.65", "2017-06-30": "22.31", "2017-03-31": "21.43", "2016-12-31": "23.60", "2016-09-30": "19.77", "2016-06-30": "19.91", "2016-03-31": "19.39", "2015-12-31": "17.82", "2015-09-30": "19.94", "2015-06-30": "21.09", "2015-03-31": "21.33", "2014-12-31": "21.42", "2014-09-30": "18.87", "2014-06-30": "18.93", "2014-03-31": "19.68", "2013-12-31": "19.48", "2013-09-30": "20.27", "2013-06-30": "21.03", "2013-03-31": "21.93", "2012-12-31": "18.34", "2012-09-30": "19.32", "2012-06-30": "20.48", "2012-03-31": "18.26", "2011-12-31": "17.61", "2011-09-30": "14.17", "2011-06-30": "20.52", "2011-03-31": "20.03", "2010-12-31": "18.69", "2010-09-30": "16.43", "2010-06-30": "15.81", "2010-03-31": "14.75", "2009-12-31": "14.32", "2009-09-30": "14.28", "2009-06-30": "14.80", "2009-03-31": "13.99", "2008-12-31": "15.01", "2008-09-30": "15.61", "2008-06-30": "12.09", "2008-03-31": "11.30", "2007-12-31": "14.67", "2007-09-30": "15.90", "2007-06-30": "15.61", "2007-03-31": "17.41", "2006-12-31": "18.99"}, "price sales": {"2021-02-05": "4.73", "2020-12-31": "4.99", "2020-09-30": "4.87", "2020-06-30": "4.46", "2020-03-31": "3.99", "2019-12-31": "4.49", "2019-09-30": "4.22", "2019-06-30": "4.06", "2019-03-31": "3.75", "2018-12-31": "3.70", "2018-09-30": "4.03", "2018-06-30": "3.89", "2018-03-31": "3.58", "2017-12-31": "3.69", "2017-09-30": "3.51", "2017-06-30": "3.15", "2017-03-31": "3.06", "2016-12-31": "3.35", "2016-09-30": "2.86", "2016-06-30": "2.89", "2016-03-31": "2.81", "2015-12-31": "2.56", "2015-09-30": "2.49", "2015-06-30": "2.67", "2015-03-31": "2.73", "2014-12-31": "2.78", "2014-09-30": "2.79", "2014-06-30": "2.77", "2014-03-31": "2.91", "2013-12-31": "3.02", "2013-09-30": "3.17", "2013-06-30": "3.31", "2013-03-31": "3.37", "2012-12-31": "2.73", "2012-09-30": "2.92", "2012-06-30": "3.16", "2012-03-31": "2.85", "2011-12-31": "2.80", "2011-09-30": "2.23", "2011-06-30": "3.23", "2011-03-31": "3.24", "2010-12-31": "3.01", "2010-09-30": "2.57", "2010-06-30": "2.43", "2010-03-31": "2.25", "2009-12-31": "2.22", "2009-09-30": "2.31", "2009-06-30": "2.38", "2009-03-31": "2.28", "2008-12-31": "2.54", "2008-09-30": "2.66", "2008-06-30": "2.17", "2008-03-31": "2.15", "2007-12-31": "2.89", "2007-09-30": "3.26", "2007-06-30": "3.19", "2007-03-31": "3.52", "2006-12-31": "3.78"}, "price book": {"current": "3.39", "2021-02-05": "3.43", "2020-09-30": "3.46", "2020-06-30": "3.21", "2020-03-31": "2.93", "2019-12-31": "3.29", "2019-09-30": "3.04", "2019-06-30": "2.92", "2019-03-31": "2.64", "2018-12-31": "2.52", "2018-09-30": "2.75", "2018-06-30": "2.64", "2018-03-31": "2.46", "2017-12-31": "2.67", "2017-09-30": "2.62", "2017-06-30": "2.36", "2017-03-31": "2.33", "2016-12-31": "2.55", "2016-09-30": "2.17", "2016-06-30": "2.21", "2016-03-31": "2.16", "2015-12-31": "1.96", "2015-09-30": "1.88", "2015-06-30": "2.05", "2015-03-31": "2.11", "2014-12-31": "2.08", "2014-09-30": "2.04", "2014-06-30": "1.97", "2014-03-31": "2.01", "2013-12-31": "2.09", "2013-09-30": "2.18", "2013-06-30": "2.23", "2013-03-31": "2.26", "2012-12-31": "1.84", "2012-09-30": "1.92", "2012-06-30": "2.05", "2012-03-31": "1.82", "2011-12-31": "1.77", "2011-09-30": "1.41", "2011-06-30": "2.07", "2011-03-31": "2.11", "2010-12-31": "2.00", "2010-09-30": "1.71", "2010-06-30": "1.66", "2010-03-31": "1.58", "2009-12-31": "1.62", "2009-09-30": "1.74", "2009-06-30": "1.85", "2009-03-31": "1.79", "2008-12-31": "2.04", "2008-09-30": "2.14", "2008-06-30": "1.77", "2008-03-31": "1.81", "2007-12-31": "2.54", "2007-09-30": "2.90", "2007-06-30": "2.89", "2007-03-31": "3.23", "2006-12-31": "3.55", "2006-09-30": "3.98", "2006-06-30": "3.99", "2006-03-31": "4.75"}, "price fcf": {"2021-02-05": "", "2020-09-30": "$2.59", "2020-06-30": "$2.68", "2020-03-31": "$2.41", "2019-12-31": "$2.28", "2019-09-30": "$2.19", "2019-06-30": "$1.98", "2019-03-31": "$1.61", "2018-12-31": "$1.93", "2018-09-30": "$1.62", "2018-06-30": "$1.52", "2018-03-31": "$1.46", "2017-12-31": "$1.52", "2017-09-30": "$1.42", "2017-06-30": "$1.54", "2017-03-31": "$1.65", "2016-12-31": "$1.44", "2016-09-30": "$1.45", "2016-06-30": "$1.39", "2016-03-31": "$1.27", "2015-12-31": "$1.33", "2015-09-30": "$1.38", "2015-06-30": "$1.52", "2015-03-31": "$1.27", "2014-12-31": "$1.31", "2014-09-30": "$1.22", "2014-06-30": "$1.16", "2014-03-31": "$1.08", "2013-12-31": "$1.33", "2013-09-30": "$1.17", "2013-06-30": "$1.12", "2013-03-31": "$1.13", "2012-12-31": "$0.74", "2012-09-30": "$0.74", "2012-06-30": "$0.76", "2012-03-31": "$0.72", "2011-12-31": "$0.81", "2011-09-30": "$0.93", "2011-06-30": "$0.87", "2011-03-31": "$0.94", "2010-12-31": "$1.03", "2010-09-30": "$0.90", "2010-06-30": "$0.70", "2010-03-31": "$0.70", "2009-12-31": "$0.77", "2009-09-30": "$1.15", "2009-06-30": "$1.31", "2009-03-31": "$1.39", "2008-12-31": "$1.21", "2008-09-30": "$0.90", "2008-06-30": "$0.91", "2008-03-31": "$0.66", "2007-12-31": "$0.70", "2007-09-30": "$0.74", "2007-06-30": "$0.72", "2007-03-31": "$0.77", "2006-12-31": "$0.75"}, "net worth": {"value": "$12.72B"}, "current ratio": {"2020-12-31": "1.03", "2020-09-30": "1.17", "2020-06-30": "0.97", "2020-03-31": "0.96", "2019-12-31": "0.96", "2019-09-30": "0.97", "2019-06-30": "0.95", "2019-03-31": "0.93", "2018-12-31": "0.95", "2018-09-30": "0.96", "2018-06-30": "0.97", "2018-03-31": "1.02", "2017-12-31": "0.93", "2017-09-30": "0.97", "2017-06-30": "0.99", "2017-03-31": "1.01", "2016-12-31": "0.94", "2016-09-30": "0.92", "2016-06-30": "0.87", "2016-03-31": "0.87", "2015-12-31": "0.86", "2015-09-30": "0.89", "2015-06-30": "0.87", "2015-03-31": "0.89", "2014-12-31": "0.92", "2014-09-30": "0.85", "2014-06-30": "0.84", "2014-03-31": "1.15", "2013-12-31": "0.94", "2013-09-30": "0.91", "2013-06-30": "1.37", "2013-03-31": "1.35", "2012-12-31": "1.21", "2012-09-30": "1.16", "2012-06-30": "1.06", "2012-03-31": "1.06", "2011-12-31": "1.36", "2011-09-30": "1.42", "2011-06-30": "1.29", "2011-03-31": "1.34", "2010-12-31": "1.30", "2010-09-30": "1.08", "2010-06-30": "1.33", "2010-03-31": "1.29", "2009-12-31": "1.17", "2009-09-30": "1.15", "2009-06-30": "1.06", "2009-03-31": "0.98", "2008-12-31": "0.90", "2008-09-30": "0.92", "2008-06-30": "0.86", "2008-03-31": "0.96", "2007-12-31": "0.96", "2007-09-30": "1.05", "2007-06-30": "1.02", "2007-03-31": "1.07", "2006-12-31": "1.04", "2006-09-30": "0.94", "2006-06-30": "0.97", "2006-03-31": "0.94", "2005-12-31": "1.01", "2005-09-30": "1.02", "2005-06-30": "0.96", "2005-03-31": "0.99"}, "quick ratio": {"2020-12-31": "0.00", "2020-09-30": "0.00", "2020-06-30": "0.00", "2020-03-31": "0.00", "2019-12-31": "0.00", "2019-09-30": "0.00", "2019-06-30": "0.00", "2019-03-31": "0.00", "2018-12-31": "0.00", "2018-09-30": "0.00", "2018-06-30": "0.00", "2018-03-31": "0.00", "2017-12-31": "0.00", "2017-09-30": "0.00", "2017-06-30": "0.00", "2017-03-31": "0.00", "2016-12-31": "0.00", "2016-09-30": "0.00", "2016-06-30": "0.00", "2016-03-31": "0.00", "2015-12-31": "0.00", "2015-09-30": "0.00", "2015-06-30": "0.00", "2015-03-31": "0.00", "2014-12-31": "0.00", "2014-09-30": "0.00", "2014-06-30": "0.00", "2014-03-31": "0.00", "2013-12-31": "0.00", "2013-09-30": "0.00", "2013-06-30": "0.00", "2013-03-31": "0.00", "2012-12-31": "0.00", "2012-09-30": "0.00", "2012-06-30": "0.00", "2012-03-31": "0.00", "2011-12-31": "0.00", "2011-09-30": "0.00", "2011-06-30": "0.00", "2011-03-31": "0.00", "2010-12-31": "0.00", "2010-09-30": "0.00", "2010-06-30": "0.00", "2010-03-31": "0.00", "2009-12-31": "0.00", "2009-09-30": "0.00", "2009-06-30": "0.00", "2009-03-31": "0.00", "2008-12-31": "0.00", "2008-09-30": "0.00", "2008-06-30": "0.00", "2008-03-31": "0.00", "2007-12-31": "0.00", "2007-09-30": "0.00", "2007-06-30": "0.00", "2007-03-31": "0.00", "2006-12-31": "0.00", "2006-09-30": "0.00", "2006-06-30": "0.00", "2006-03-31": "0.00", "2005-12-31": "0.00", "2005-09-30": "0.00", "2005-06-30": "0.00", "2005-03-31": "0.00"}, "debt equity ratio": {"current": "0.54", "2020-12-31": "1.39", "2020-09-30": "1.38", "2020-06-30": "1.29", "2020-03-31": "1.18", "2019-12-31": "1.28", "2019-09-30": "1.32", "2019-06-30": "1.25", "2019-03-31": "1.20", "2018-12-31": "1.23", "2018-09-30": "0.97", "2018-06-30": "1.01", "2018-03-31": "1.03", "2017-12-31": "1.23", "2017-09-30": "1.99", "2017-06-30": "1.15", "2017-03-31": "1.15", "2016-12-31": "1.23", "2016-09-30": "1.38", "2016-06-30": "1.31", "2016-03-31": "1.27", "2015-12-31": "1.33", "2015-09-30": "1.29", "2015-06-30": "1.38", "2015-03-31": "1.35", "2014-12-31": "1.35", "2014-09-30": "1.35", "2014-06-30": "1.37", "2014-03-31": "0.79", "2013-12-31": "0.82", "2013-09-30": "0.81", "2013-06-30": "0.75", "2013-03-31": "0.74", "2012-12-31": "0.73", "2012-09-30": "0.77", "2012-06-30": "0.80", "2012-03-31": "0.79", "2011-12-31": "0.59", "2011-09-30": "0.58", "2011-06-30": "0.61", "2011-03-31": "0.58", "2010-12-31": "0.59", "2010-09-30": "0.61", "2010-06-30": "0.62", "2010-03-31": "0.60", "2009-12-31": "0.62", "2009-09-30": "0.65", "2009-06-30": "0.70", "2009-03-31": "0.68", "2008-12-31": "0.71", "2008-09-30": "0.73", "2008-06-30": "0.77", "2008-03-31": "0.74", "2007-12-31": "0.79", "2007-09-30": "0.79", "2007-06-30": "0.84", "2007-03-31": "0.86", "2006-12-31": "0.95", "2006-09-30": "1.01", "2006-06-30": "1.02", "2006-03-31": "1.08", "2005-12-31": "1.11", "2005-09-30": "1.08", "2005-06-30": "1.11", "2005-03-31": "1.21"}, "return on equity": {"2020-12-31": "12.87%", "2020-09-30": "12.58%", "2020-06-30": "12.41%", "2020-03-31": "12.70%", "2019-12-31": "11.96%", "2019-09-30": "12.20%", "2019-06-30": "12.28%", "2019-03-31": "12.03%", "2018-12-31": "11.61%", "2018-09-30": "16.07%", "2018-06-30": "15.67%", "2018-03-31": "15.93%", "2017-12-31": "15.65%", "2017-09-30": "10.78%", "2017-06-30": "10.80%", "2017-03-31": "11.03%", "2016-12-31": "10.99%", "2016-09-30": "11.29%", "2016-06-30": "11.29%", "2016-03-31": "11.29%", "2015-12-31": "11.23%", "2015-09-30": "9.72%", "2015-06-30": "9.87%", "2015-03-31": "9.90%", "2014-12-31": "9.67%", "2014-09-30": "10.86%", "2014-06-30": "10.51%", "2014-03-31": "10.29%", "2013-12-31": "10.97%", "2013-09-30": "10.99%", "2013-06-30": "10.85%", "2013-03-31": "10.57%", "2012-12-31": "10.20%", "2012-09-30": "10.09%", "2012-06-30": "10.02%", "2012-03-31": "9.94%", "2011-12-31": "9.97%", "2011-09-30": "9.94%", "2011-06-30": "10.16%", "2011-03-31": "10.65%", "2010-12-31": "10.77%", "2010-09-30": "10.47%", "2010-06-30": "10.49%", "2010-03-31": "10.66%", "2009-12-31": "11.13%", "2009-09-30": "11.87%", "2009-06-30": "12.11%", "2009-03-31": "12.54%", "2008-12-31": "13.40%", "2008-09-30": "13.56%", "2008-06-30": "14.62%", "2008-03-31": "16.24%", "2007-12-31": "17.62%", "2007-09-30": "19.56%", "2007-06-30": "19.83%", "2007-03-31": "19.90%", "2006-12-31": "19.74%", "2006-09-30": "20.48%", "2006-06-30": "20.89%", "2006-03-31": "21.03%", "2005-12-31": "21.15%"}, "return on assets": {"2020-12-31": "5.57%", "2020-09-30": "5.52%", "2020-06-30": "5.48%", "2020-03-31": "5.63%", "2019-12-31": "5.29%", "2019-09-30": "5.42%", "2019-06-30": "5.67%", "2019-03-31": "5.71%", "2018-12-31": "5.63%", "2018-09-30": "7.82%", "2018-06-30": "6.83%", "2018-03-31": "6.82%", "2017-12-31": "6.58%", "2017-09-30": "4.53%", "2017-06-30": "4.85%", "2017-03-31": "4.87%", "2016-12-31": "4.78%", "2016-09-30": "4.86%", "2016-06-30": "4.91%", "2016-03-31": "4.88%", "2015-12-31": "4.81%", "2015-09-30": "4.16%", "2015-06-30": "4.19%", "2015-03-31": "4.21%", "2014-12-31": "4.37%", "2014-09-30": "5.21%", "2014-06-30": "5.39%", "2014-03-31": "5.74%", "2013-12-31": "6.16%", "2013-09-30": "6.25%", "2013-06-30": "6.21%", "2013-03-31": "6.00%", "2012-12-31": "5.75%", "2012-09-30": "5.80%", "2012-06-30": "5.92%", "2012-03-31": "6.05%", "2011-12-31": "6.27%", "2011-09-30": "6.24%", "2011-06-30": "6.35%", "2011-03-31": "6.65%", "2010-12-31": "6.70%", "2010-09-30": "6.48%", "2010-06-30": "6.45%", "2010-03-31": "6.49%", "2009-12-31": "6.70%", "2009-09-30": "7.05%", "2009-06-30": "7.11%", "2009-03-31": "7.29%", "2008-12-31": "7.72%", "2008-09-30": "7.73%", "2008-06-30": "8.27%", "2008-03-31": "9.09%", "2007-12-31": "9.70%", "2007-09-30": "10.54%", "2007-06-30": "10.38%", "2007-03-31": "10.18%", "2006-12-31": "9.82%", "2006-09-30": "9.99%", "2006-06-30": "10.10%", "2006-03-31": "10.06%", "2005-12-31": "9.96%"}, "return on investments": {"2020-12-31": "11.54%", "2020-09-30": "11.49%", "2020-06-30": "11.88%", "2020-03-31": "12.11%", "2019-12-31": "11.20%", "2019-09-30": "11.42%", "2019-06-30": "11.88%", "2019-03-31": "11.99%", "2018-12-31": "11.90%", "2018-09-30": "12.88%", "2018-06-30": "12.76%", "2018-03-31": "13.19%", "2017-12-31": "13.18%", "2017-09-30": "12.91%", "2017-06-30": "12.70%", "2017-03-31": "12.84%", "2016-12-31": "12.76%", "2016-09-30": "12.92%", "2016-06-30": "12.85%", "2016-03-31": "12.65%", "2015-12-31": "12.42%", "2015-09-30": "10.63%", "2015-06-30": "10.66%", "2015-03-31": "10.69%", "2014-12-31": "11.04%", "2014-09-30": "13.22%", "2014-06-30": "13.69%", "2014-03-31": "14.31%", "2013-12-31": "15.16%", "2013-09-30": "15.07%", "2013-06-30": "14.71%", "2013-03-31": "14.34%", "2012-12-31": "13.90%", "2012-09-30": "14.07%", "2012-06-30": "14.24%", "2012-03-31": "14.35%", "2011-12-31": "14.69%", "2011-09-30": "14.53%", "2011-06-30": "15.02%", "2011-03-31": "15.72%", "2010-12-31": "15.81%", "2010-09-30": "15.47%", "2010-06-30": "15.16%", "2010-03-31": "15.40%", "2009-12-31": "16.07%", "2009-09-30": "17.24%", "2009-06-30": "17.62%", "2009-03-31": "18.02%", "2008-12-31": "18.87%", "2008-09-30": "19.37%", "2008-06-30": "20.57%", "2008-03-31": "22.56%", "2007-12-31": "24.40%", "2007-09-30": "25.98%", "2007-06-30": "26.30%", "2007-03-31": "26.25%", "2006-12-31": "25.83%", "2006-09-30": "26.45%", "2006-06-30": "26.43%", "2006-03-31": "26.27%", "2005-12-31": "25.91%"}, "return on tangible equity": {"2020-09-30": "-32.58%", "2020-06-30": "-31.77%", "2020-03-31": "-32.35%", "2019-12-31": "-29.67%", "2019-09-30": "-29.34%", "2019-06-30": "-32.65%", "2019-03-31": "-35.90%", "2018-12-31": "-41.07%", "2018-09-30": "-66.08%", "2018-06-30": "-57.46%", "2018-03-31": "-51.88%", "2017-12-31": "-44.46%", "2017-09-30": "-27.95%", "2017-06-30": "-26.13%", "2017-03-31": "-24.57%", "2016-12-31": "-22.76%", "2016-09-30": "-22.05%", "2016-06-30": "-21.43%", "2016-03-31": "-20.81%", "2015-12-31": "-20.20%", "2015-09-30": "-17.60%", "2015-06-30": "-17.38%", "2015-03-31": "-17.24%", "2014-12-31": "-19.44%", "2014-09-30": "-24.60%", "2014-06-30": "-27.65%", "2014-03-31": "-37.36%", "2013-12-31": "-41.77%", "2013-09-30": "-43.97%", "2013-06-30": "-46.36%", "2013-03-31": "-39.98%", "2012-12-31": "-34.97%", "2012-09-30": "-39.52%", "2012-06-30": "-48.06%", "2012-03-31": "-62.73%", "2011-12-31": "-97.40%", "2011-09-30": "-95.83%", "2011-06-30": "-91.45%", "2011-03-31": "-101.92%", "2010-12-31": "-102.95%", "2010-09-30": "-97.23%", "2010-06-30": "-92.11%", "2010-03-31": "-78.70%", "2009-12-31": "-70.39%", "2009-09-30": "-65.19%", "2009-06-30": "-59.30%", "2009-03-31": "-56.26%", "2008-12-31": "-60.78%", "2008-09-30": "-64.88%", "2008-06-30": "-77.45%", "2008-03-31": "-97.10%", "2007-12-31": "-112.88%", "2007-09-30": "-128.31%", "2007-06-30": "-117.10%", "2007-03-31": "-108.98%", "2006-12-31": "-94.64%", "2006-09-30": "-92.02%", "2006-06-30": "-93.62%", "2006-03-31": "-88.89%", "2005-12-31": "-82.63%"}, "dividend yield history": {"last payout": "$0.37", "last yield": "0.83%"}}