{"ticker": "BRKR", "price": {"title": "Bruker Historical Annual Stock Price Data", "value": 55.77, "historical": {"2020": {"Average Stock Price": "43.8394", "Year Open": "51.3600", "Year High": "55.4800", "Year Low": "31.5600", "Year Close": "54.1300", "Annual % Change": "6.20%"}, "2019": {"Average Stock Price": "42.7426", "Year Open": "29.3000", "Year High": "51.7500", "Year Low": "28.2700", "Year Close": "50.9700", "Annual % Change": "71.21%"}, "2018": {"Average Stock Price": "31.8219", "Year Open": "34.5200", "Year High": "36.2300", "Year Low": "26.4500", "Year Close": "29.7700", "Annual % Change": "-13.26%"}, "2017": {"Average Stock Price": "27.7124", "Year Open": "21.5800", "Year High": "36.3500", "Year Low": "21.5800", "Year Close": "34.3200", "Annual % Change": "62.04%"}, "2016": {"Average Stock Price": "24.0999", "Year Open": "23.6600", "Year High": "29.4400", "Year Low": "19.8700", "Year Close": "21.1800", "Annual % Change": "-12.73%"}, "2015": {"Average Stock Price": "19.8435", "Year Open": "19.6300", "Year High": "24.9600", "Year Low": "16.3100", "Year Close": "24.2700", "Annual % Change": "23.70%"}, "2014": {"Average Stock Price": "21.0207", "Year Open": "19.5100", "Year High": "24.5600", "Year Low": "17.9050", "Year Close": "19.6200", "Annual % Change": "-0.76%"}, "2013": {"Average Stock Price": "18.3830", "Year Open": "16.0050", "Year High": "21.2300", "Year Low": "15.9100", "Year Close": "19.7700", "Annual % Change": "29.74%"}, "2012": {"Average Stock Price": "14.0191", "Year Open": "12.6100", "Year High": "16.2600", "Year Low": "11.3400", "Year Close": "15.2379", "Annual % Change": "22.69%"}, "2011": {"Average Stock Price": "16.5643", "Year Open": "16.5500", "Year High": "21.4400", "Year Low": "11.5100", "Year Close": "12.4200", "Annual % Change": "-25.18%"}, "2010": {"Average Stock Price": "13.9097", "Year Open": "12.1600", "Year High": "17.4600", "Year Low": "10.8800", "Year Close": "16.6000", "Annual % Change": "37.65%"}, "2009": {"Average Stock Price": "8.2413", "Year Open": "4.3800", "Year High": "12.3500", "Year Low": "3.3500", "Year Close": "12.0600", "Annual % Change": "198.51%"}, "2008": {"Average Stock Price": "11.3192", "Year Open": "13.1500", "Year High": "16.9100", "Year Low": "3.3700", "Year Close": "4.0400", "Annual % Change": "-69.62%"}, "2007": {"Average Stock Price": "9.0908", "Year Open": "7.2400", "Year High": "13.3000", "Year Low": "6.4400", "Year Close": "13.3000", "Annual % Change": "77.10%"}, "2006": {"Average Stock Price": "6.0349", "Year Open": "4.9400", "Year High": "8.3400", "Year Low": "4.3400", "Year Close": "7.5100", "Annual % Change": "54.53%"}, "2005": {"Average Stock Price": "4.1161", "Year Open": "3.8900", "Year High": "5.4300", "Year Low": "3.1100", "Year Close": "4.8600", "Annual % Change": "20.60%"}, "2004": {"Average Stock Price": "4.5356", "Year Open": "5.1700", "Year High": "6.6800", "Year Low": "3.0500", "Year Close": "4.0300", "Annual % Change": "-11.43%"}, "2003": {"Average Stock Price": "4.3946", "Year Open": "5.0700", "Year High": "6.5000", "Year Low": "2.6000", "Year Close": "4.5500", "Annual % Change": "-6.38%"}, "2002": {"Average Stock Price": "7.3011", "Year Open": "16.2000", "Year High": "16.9600", "Year Low": "3.0500", "Year Close": "4.8600", "Annual % Change": "-70.28%"}, "2001": {"Average Stock Price": "17.0609", "Year Open": "20.6200", "Year High": "25.3800", "Year Low": "10.3800", "Year Close": "16.3500", "Annual % Change": "-30.60%"}, "2000": {"Average Stock Price": "31.1815", "Year Open": "23.0600", "Year High": "50.2500", "Year Low": "16.6200", "Year Close": "23.5600", "Annual % Change": "0.00%"}}}, "market cap": {"value": "$8.54B"}, "income statement": {"Revenue": {"2019-12-31": "2072.60000", "2018-12-31": "1895.60000", "2017-12-31": "1765.90000", "2016-12-31": "1611.30000", "2015-12-31": "1623.80000", "2014-12-31": "1808.90000", "2013-12-31": "1839.40000", "2012-12-31": "1791.40000", "2011-12-31": "1651.70000", "2010-12-31": "1304.90000", "2009-12-31": "1114.50000", "2008-12-31": "1107.10000", "2007-12-31": "1032.40000", "2006-12-31": "851.40000", "2005-12-31": "372.25300"}, "Cost Of Goods Sold": {"2019-12-31": "1077.30000", "2018-12-31": "995.60000", "2017-12-31": "949.90000", "2016-12-31": "866.00000", "2015-12-31": "915.20000", "2014-12-31": "1045.60000", "2013-12-31": "1034.20000", "2012-12-31": "962.00000", "2011-12-31": "899.20000", "2010-12-31": "700.90000", "2009-12-31": "597.00000", "2008-12-31": "602.10000", "2007-12-31": "556.80000", "2006-12-31": "450.90000", "2005-12-31": "206.27400"}, "Gross Profit": {"2019-12-31": "995.30000", "2018-12-31": "900.00000", "2017-12-31": "816.00000", "2016-12-31": "745.30000", "2015-12-31": "708.60000", "2014-12-31": "763.30000", "2013-12-31": "805.20010", "2012-12-31": "829.40000", "2011-12-31": "752.49990", "2010-12-31": "604.00000", "2009-12-31": "517.50000", "2008-12-31": "505.00000", "2007-12-31": "475.60000", "2006-12-31": "400.50000", "2005-12-31": "165.97900"}, "Research And Development Expenses": {"2019-12-31": "187.70000", "2018-12-31": "173.40000", "2017-12-31": "161.60000", "2016-12-31": "147.90000", "2015-12-31": "145.70000", "2014-12-31": "", "2013-12-31": "190.50000", "2012-12-31": "195.30000", "2011-12-31": "177.20000", "2010-12-31": "141.40000", "2009-12-31": "126.40000", "2008-12-31": "133.80000", "2007-12-31": "110.80000", "2006-12-31": "102.60000", "2005-12-31": "47.49800"}, "SG&A Expenses": {"2019-12-31": "500.20000", "2018-12-31": "444.70000", "2017-12-31": "415.20000", "2016-12-31": "389.80000", "2015-12-31": "392.20000", "2014-12-31": "625.20000", "2013-12-31": "437.90000", "2012-12-31": "440.40000", "2011-12-31": "406.60000", "2010-12-31": "301.10000", "2009-12-31": "254.00000", "2008-12-31": "252.70000", "2007-12-31": "219.70000", "2006-12-31": "186.00000", "2005-12-31": "96.05900"}, "Other Operating Income Or Expenses": {"2019-12-31": "-6.50000", "2018-12-31": "-19.50000", "2017-12-31": "-19.70000", "2016-12-31": "-25.80000", "2015-12-31": "-25.00000", "2014-12-31": "-32.70000", "2013-12-31": "-28.60000", "2012-12-31": "-37.70000", "2011-12-31": "-13.10000", "2010-12-31": "-5.80000", "2009-12-31": "-0.40000", "2008-12-31": "-8.50000", "2007-12-31": "", "2006-12-31": "", "2005-12-31": ""}, "Operating Expenses": {"2019-12-31": "1771.70000", "2018-12-31": "1633.20000", "2017-12-31": "1546.40000", "2016-12-31": "1429.50000", "2015-12-31": "1478.10000", "2014-12-31": "1703.50000", "2013-12-31": "1691.20000", "2012-12-31": "1635.40000", "2011-12-31": "1496.10000", "2010-12-31": "1149.20000", "2009-12-31": "977.80000", "2008-12-31": "998.90000", "2007-12-31": "894.70000", "2006-12-31": "745.10000", "2005-12-31": "349.83100"}, "Operating Income": {"2019-12-31": "300.90010", "2018-12-31": "262.40000", "2017-12-31": "219.50010", "2016-12-31": "181.80000", "2015-12-31": "145.70000", "2014-12-31": "105.40000", "2013-12-31": "148.20010", "2012-12-31": "156.00000", "2011-12-31": "155.60000", "2010-12-31": "155.70000", "2009-12-31": "136.70000", "2008-12-31": "108.20000", "2007-12-31": "137.70000", "2006-12-31": "106.30000", "2005-12-31": "22.42200"}, "Total Non-Operating Income/Expense": {"2019-12-31": "-20.50000", "2018-12-31": "-17.70000", "2017-12-31": "-21.70000", "2016-12-31": "-4.20000", "2015-12-31": "-17.70000", "2014-12-31": "-4.10000", "2013-12-31": "-23.60000", "2012-12-31": "-17.70000", "2011-12-31": "-10.10000", "2010-12-31": "-5.60000", "2009-12-31": "-7.60000", "2008-12-31": "-15.00000", "2007-12-31": "5.80000", "2006-12-31": "4.70000", "2005-12-31": "-0.78000"}, "Pre-Tax Income": {"2019-12-31": "280.40000", "2018-12-31": "244.70000", "2017-12-31": "197.80000", "2016-12-31": "177.60000", "2015-12-31": "128.00000", "2014-12-31": "101.30000", "2013-12-31": "124.60000", "2012-12-31": "138.30000", "2011-12-31": "145.50000", "2010-12-31": "150.10000", "2009-12-31": "129.10000", "2008-12-31": "93.20000", "2007-12-31": "143.50000", "2006-12-31": "111.00000", "2005-12-31": "21.64200"}, "Income Taxes": {"2019-12-31": "82.40000", "2018-12-31": "63.70000", "2017-12-31": "117.50000", "2016-12-31": "23.10000", "2015-12-31": "23.10000", "2014-12-31": "41.70000", "2013-12-31": "42.80000", "2012-12-31": "60.10000", "2011-12-31": "51.50000", "2010-12-31": "53.30000", "2009-12-31": "48.10000", "2008-12-31": "28.00000", "2007-12-31": "44.30000", "2006-12-31": "36.60000", "2005-12-31": "11.85500"}, "Income After Taxes": {"2019-12-31": "198.00000", "2018-12-31": "181.00000", "2017-12-31": "80.30000", "2016-12-31": "154.50000", "2015-12-31": "104.90000", "2014-12-31": "59.60000", "2013-12-31": "81.80000", "2012-12-31": "78.20000", "2011-12-31": "94.00000", "2010-12-31": "96.80000", "2009-12-31": "81.00000", "2008-12-31": "65.20000", "2007-12-31": "99.20000", "2006-12-31": "74.40000", "2005-12-31": "9.78700"}, "Other Income": {"2019-12-31": "", "2018-12-31": "", "2017-12-31": "", "2016-12-31": "", "2015-12-31": "", "2014-12-31": "", "2013-12-31": "", "2012-12-31": "", "2011-12-31": "", "2010-12-31": "", "2009-12-31": "", "2008-12-31": "", "2007-12-31": "", "2006-12-31": "", "2005-12-31": ""}, "Income From Continuous Operations": {"2019-12-31": "198.00000", "2018-12-31": "181.00000", "2017-12-31": "80.30000", "2016-12-31": "154.50000", "2015-12-31": "104.90000", "2014-12-31": "59.60000", "2013-12-31": "81.80000", "2012-12-31": "78.20000", "2011-12-31": "94.00000", "2010-12-31": "96.80000", "2009-12-31": "81.00000", "2008-12-31": "65.20000", "2007-12-31": "98.90000", "2006-12-31": "74.40000", "2005-12-31": "9.74700"}, "Income From Discontinued Operations": {"2019-12-31": "", "2018-12-31": "", "2017-12-31": "", "2016-12-31": "", "2015-12-31": "", "2014-12-31": "", "2013-12-31": "", "2012-12-31": "", "2011-12-31": "", "2010-12-31": "", "2009-12-31": "", "2008-12-31": "", "2007-12-31": "", "2006-12-31": "", "2005-12-31": ""}, "Net Income": {"2019-12-31": "197.20000", "2018-12-31": "179.70000", "2017-12-31": "78.60000", "2016-12-31": "153.60000", "2015-12-31": "101.60000", "2014-12-31": "56.70000", "2013-12-31": "80.10000", "2012-12-31": "77.50000", "2011-12-31": "92.30000", "2010-12-31": "95.40000", "2009-12-31": "81.20000", "2008-12-31": "64.90000", "2007-12-31": "98.90000", "2006-12-31": "74.40000", "2005-12-31": "9.74700"}, "EBITDA": {"2019-12-31": "376.50020", "2018-12-31": "327.30000", "2017-12-31": "283.40010", "2016-12-31": "236.10010", "2015-12-31": "199.00000", "2014-12-31": "165.10000", "2013-12-31": "209.50010", "2012-12-31": "215.10000", "2011-12-31": "208.50000", "2010-12-31": "191.80000", "2009-12-31": "167.09990", "2008-12-31": "138.10000", "2007-12-31": "165.60000", "2006-12-31": "132.30000", "2005-12-31": "32.92800"}, "EBIT": {"2019-12-31": "300.90010", "2018-12-31": "262.40000", "2017-12-31": "219.50010", "2016-12-31": "181.80000", "2015-12-31": "145.70000", "2014-12-31": "105.40000", "2013-12-31": "148.20010", "2012-12-31": "156.00000", "2011-12-31": "155.60000", "2010-12-31": "155.70000", "2009-12-31": "136.70000", "2008-12-31": "108.20000", "2007-12-31": "137.70000", "2006-12-31": "106.30000", "2005-12-31": "22.42200"}, "Basic Shares Outstanding": {"2019-12-31": "155.20000", "2018-12-31": "156.20000", "2017-12-31": "158.10000", "2016-12-31": "161.40000", "2015-12-31": "168.20000", "2014-12-31": "167.80000", "2013-12-31": "166.50000", "2012-12-31": "166.00000", "2011-12-31": "165.40000", "2010-12-31": "164.40000", "2009-12-31": "163.50000", "2008-12-31": "162.70000", "2007-12-31": "161.20000", "2006-12-31": "159.10000", "2005-12-31": "100.82300"}, "Shares Outstanding": {"2019-12-31": "156.60000", "2018-12-31": "157.20000", "2017-12-31": "159.10000", "2016-12-31": "162.20000", "2015-12-31": "169.10000", "2014-12-31": "169.50000", "2013-12-31": "168.50000", "2012-12-31": "167.40000", "2011-12-31": "166.90000", "2010-12-31": "165.70000", "2009-12-31": "164.90000", "2008-12-31": "165.60000", "2007-12-31": "164.30000", "2006-12-31": "160.10000", "2005-12-31": "101.13000"}, "Basic EPS": {"2019-12-31": "1.27000", "2018-12-31": "1.15000", "2017-12-31": "0.50000", "2016-12-31": "0.95000", "2015-12-31": "0.60000", "2014-12-31": "0.34000", "2013-12-31": "0.48000", "2012-12-31": "0.47000", "2011-12-31": "0.56000", "2010-12-31": "0.58000", "2009-12-31": "0.50000", "2008-12-31": "0.40000", "2007-12-31": "0.61000", "2006-12-31": "0.47000", "2005-12-31": "0.10000"}, "EPS - Earnings Per Share": {"2019-12-31": "1.26000", "2018-12-31": "1.14000", "2017-12-31": "0.49000", "2016-12-31": "0.95000", "2015-12-31": "0.60000", "2014-12-31": "0.33000", "2013-12-31": "0.48000", "2012-12-31": "0.46000", "2011-12-31": "0.55000", "2010-12-31": "0.58000", "2009-12-31": "0.49000", "2008-12-31": "0.39000", "2007-12-31": "0.60000", "2006-12-31": "0.46000", "2005-12-31": "0.10000"}}, "income statement, quarterly": {"Revenue": {"2020-09-30": "511.40000", "2020-06-30": "424.60000", "2020-03-31": "424.00000", "2019-12-31": "599.90000", "2019-09-30": "521.10000", "2019-06-30": "490.20000", "2019-03-31": "461.40000", "2018-12-31": "553.60000", "2018-09-30": "466.60000", "2018-06-30": "443.70000", "2018-03-31": "431.70000", "2017-12-31": "530.50000", "2017-09-30": "435.60000", "2017-06-30": "414.90000", "2017-03-31": "384.90000", "2016-12-31": "470.30000", "2016-09-30": "393.90000", "2016-06-30": "371.70000", "2016-03-31": "375.40000", "2015-12-31": "478.20010", "2015-09-30": "396.10000", "2015-06-30": "396.00000", "2015-03-31": "353.50000", "2014-12-31": "508.00010", "2014-09-30": "419.80000", "2014-06-30": "457.40000", "2014-03-31": "423.70000", "2013-12-31": "552.10000", "2013-09-30": "439.00000", "2013-06-30": "454.90000", "2013-03-31": "393.40000", "2012-12-31": "517.30000", "2012-09-30": "447.80000", "2012-06-30": "420.70000", "2012-03-31": "405.60000", "2011-12-31": "475.09990", "2011-09-30": "418.40000", "2011-06-30": "401.20000", "2011-03-31": "357.00000", "2010-12-31": "416.10000", "2010-09-30": "310.20000", "2010-06-30": "300.90000", "2010-03-31": "277.70000", "2009-12-31": "366.40000", "2009-09-30": "265.10000", "2009-06-30": "252.50000", "2009-03-31": "230.50000", "2008-12-31": "315.20000", "2008-09-30": "242.10000", "2008-06-30": "311.50000", "2008-03-31": "238.30000", "2007-12-31": "344.76200", "2007-09-30": "241.76000", "2007-06-30": "238.34200", "2007-03-31": "207.53600", "2006-12-31": "551.19100", "2006-09-30": "104.87000", "2006-06-30": "100.48300", "2006-03-31": "94.85600", "2005-12-31": "140.09000", "2005-09-30": "85.88400", "2005-06-30": "71.36800", "2005-03-31": "74.91100"}, "Cost Of Goods Sold": {"2020-09-30": "263.10000", "2020-06-30": "238.40000", "2020-03-31": "231.70000", "2019-12-31": "303.60010", "2019-09-30": "267.20000", "2019-06-30": "259.80000", "2019-03-31": "246.70000", "2018-12-31": "280.80000", "2018-09-30": "244.00000", "2018-06-30": "238.50000", "2018-03-31": "232.30000", "2017-12-31": "274.30000", "2017-09-30": "236.70000", "2017-06-30": "230.40000", "2017-03-31": "208.50000", "2016-12-31": "247.10000", "2016-09-30": "208.70000", "2016-06-30": "201.60000", "2016-03-31": "208.60000", "2015-12-31": "266.70000", "2015-09-30": "228.60000", "2015-06-30": "226.60000", "2015-03-31": "193.30000", "2014-12-31": "292.20000", "2014-09-30": "252.50000", "2014-06-30": "256.90000", "2014-03-31": "244.00000", "2013-12-31": "316.20000", "2013-09-30": "245.80000", "2013-06-30": "253.30000", "2013-03-31": "218.90000", "2012-12-31": "276.60000", "2012-09-30": "237.70000", "2012-06-30": "232.50000", "2012-03-31": "215.20000", "2011-12-31": "257.40000", "2011-09-30": "229.00000", "2011-06-30": "217.60000", "2011-03-31": "195.20000", "2010-12-31": "220.20000", "2010-09-30": "163.70000", "2010-06-30": "165.60000", "2010-03-31": "151.40000", "2009-12-31": "182.00000", "2009-09-30": "145.90000", "2009-06-30": "141.30000", "2009-03-31": "127.80000", "2008-12-31": "164.90000", "2008-09-30": "131.00000", "2008-06-30": "181.90000", "2008-03-31": "124.30000", "2007-12-31": "174.73300", "2007-09-30": "130.65200", "2007-06-30": "138.42700", "2007-03-31": "112.98800", "2006-12-31": "286.85300", "2006-09-30": "58.68700", "2006-06-30": "54.26000", "2006-03-31": "51.10000", "2005-12-31": "74.74400", "2005-09-30": "47.17500", "2005-06-30": "40.82300", "2005-03-31": "43.53200"}, "Gross Profit": {"2020-09-30": "248.30000", "2020-06-30": "186.20000", "2020-03-31": "192.30000", "2019-12-31": "296.29990", "2019-09-30": "253.90000", "2019-06-30": "230.40000", "2019-03-31": "214.70000", "2018-12-31": "272.80000", "2018-09-30": "222.60000", "2018-06-30": "205.20000", "2018-03-31": "199.40000", "2017-12-31": "256.20000", "2017-09-30": "198.90000", "2017-06-30": "184.50000", "2017-03-31": "176.40000", "2016-12-31": "223.20000", "2016-09-30": "185.20000", "2016-06-30": "170.10000", "2016-03-31": "166.80000", "2015-12-31": "211.50010", "2015-09-30": "167.50000", "2015-06-30": "169.40000", "2015-03-31": "160.20000", "2014-12-31": "215.80010", "2014-09-30": "167.30000", "2014-06-30": "200.50000", "2014-03-31": "179.70000", "2013-12-31": "235.90000", "2013-09-30": "193.20000", "2013-06-30": "201.60000", "2013-03-31": "174.50000", "2012-12-31": "240.70010", "2012-09-30": "210.10000", "2012-06-30": "188.20000", "2012-03-31": "190.40000", "2011-12-31": "217.69990", "2011-09-30": "189.40000", "2011-06-30": "183.60000", "2011-03-31": "161.80000", "2010-12-31": "195.90000", "2010-09-30": "146.50000", "2010-06-30": "135.30000", "2010-03-31": "126.30000", "2009-12-31": "184.40000", "2009-09-30": "119.20000", "2009-06-30": "111.20000", "2009-03-31": "102.70000", "2008-12-31": "150.30000", "2008-09-30": "111.10000", "2008-06-30": "129.60000", "2008-03-31": "114.00000", "2007-12-31": "170.02910", "2007-09-30": "111.10800", "2007-06-30": "99.91500", "2007-03-31": "94.54800", "2006-12-31": "264.33800", "2006-09-30": "46.18300", "2006-06-30": "46.22300", "2006-03-31": "43.75600", "2005-12-31": "65.34600", "2005-09-30": "38.70900", "2005-06-30": "30.54500", "2005-03-31": "31.37900"}, "Research And Development Expenses": {"2020-09-30": "48.30000", "2020-06-30": "44.10000", "2020-03-31": "48.50000", "2019-12-31": "46.70000", "2019-09-30": "46.10000", "2019-06-30": "48.50000", "2019-03-31": "46.40000", "2018-12-31": "44.80000", "2018-09-30": "41.80000", "2018-06-30": "43.60000", "2018-03-31": "43.20000", "2017-12-31": "43.10000", "2017-09-30": "40.60000", "2017-06-30": "40.30000", "2017-03-31": "37.60000", "2016-12-31": "37.10000", "2016-09-30": "37.90000", "2016-06-30": "36.80000", "2016-03-31": "36.10000", "2015-12-31": "36.70000", "2015-09-30": "34.30000", "2015-06-30": "37.50000", "2015-03-31": "37.20000", "2014-12-31": "", "2014-09-30": "42.10000", "2014-06-30": "44.50000", "2014-03-31": "46.00000", "2013-12-31": "49.10000", "2013-09-30": "45.50000", "2013-06-30": "46.50000", "2013-03-31": "49.40000", "2012-12-31": "50.30000", "2012-09-30": "44.90000", "2012-06-30": "51.90000", "2012-03-31": "48.20000", "2011-12-31": "44.70000", "2011-09-30": "43.50000", "2011-06-30": "44.30000", "2011-03-31": "44.70000", "2010-12-31": "44.90000", "2010-09-30": "32.50000", "2010-06-30": "31.20000", "2010-03-31": "32.80000", "2009-12-31": "34.60000", "2009-09-30": "31.60000", "2009-06-30": "31.10000", "2009-03-31": "29.10000", "2008-12-31": "33.00000", "2008-09-30": "33.10000", "2008-06-30": "36.50000", "2008-03-31": "31.20000", "2007-12-31": "30.33800", "2007-09-30": "26.84100", "2007-06-30": "27.65700", "2007-03-31": "25.96400", "2006-12-31": "66.10500", "2006-09-30": "11.93600", "2006-06-30": "12.28400", "2006-03-31": "12.27500", "2005-12-31": "13.98700", "2005-09-30": "11.52900", "2005-06-30": "10.96200", "2005-03-31": "11.02000"}, "SG&A Expenses": {"2020-09-30": "114.60000", "2020-06-30": "102.40000", "2020-03-31": "121.20000", "2019-12-31": "130.30000", "2019-09-30": "125.30000", "2019-06-30": "124.50000", "2019-03-31": "120.10000", "2018-12-31": "117.30000", "2018-09-30": "106.50000", "2018-06-30": "110.60000", "2018-03-31": "110.30000", "2017-12-31": "111.90000", "2017-09-30": "102.70000", "2017-06-30": "102.50000", "2017-03-31": "98.10000", "2016-12-31": "99.40000", "2016-09-30": "96.80000", "2016-06-30": "100.90000", "2016-03-31": "92.70000", "2015-12-31": "103.00000", "2015-09-30": "96.10000", "2015-06-30": "98.50000", "2015-03-31": "94.60000", "2014-12-31": "292.70000", "2014-09-30": "108.00000", "2014-06-30": "115.00000", "2014-03-31": "109.50000", "2013-12-31": "118.30000", "2013-09-30": "105.70000", "2013-06-30": "107.10000", "2013-03-31": "106.80000", "2012-12-31": "123.00000", "2012-09-30": "102.40000", "2012-06-30": "110.60000", "2012-03-31": "104.40000", "2011-12-31": "117.00000", "2011-09-30": "102.10000", "2011-06-30": "98.20000", "2011-03-31": "89.30000", "2010-12-31": "99.30000", "2010-09-30": "72.20000", "2010-06-30": "64.00000", "2010-03-31": "65.60000", "2009-12-31": "73.50000", "2009-09-30": "61.20000", "2009-06-30": "60.40000", "2009-03-31": "58.90000", "2008-12-31": "64.30000", "2008-09-30": "62.90000", "2008-06-30": "64.30000", "2008-03-31": "61.20000", "2007-12-31": "66.44700", "2007-09-30": "53.90700", "2007-06-30": "50.47100", "2007-03-31": "48.87500", "2006-12-31": "106.88600", "2006-09-30": "26.30200", "2006-06-30": "27.37300", "2006-03-31": "25.43900", "2005-12-31": "37.32200", "2005-09-30": "22.24500", "2005-06-30": "18.67200", "2005-03-31": "17.82000"}, "Other Operating Income Or Expenses": {"2020-09-30": "-4.20000", "2020-06-30": "-1.80000", "2020-03-31": "-6.20000", "2019-12-31": "-1.60000", "2019-09-30": "5.30000", "2019-06-30": "-3.90000", "2019-03-31": "-6.30000", "2018-12-31": "-4.30000", "2018-09-30": "-5.20000", "2018-06-30": "-2.20000", "2018-03-31": "-7.80000", "2017-12-31": "-5.90000", "2017-09-30": "-4.30000", "2017-06-30": "-6.40000", "2017-03-31": "-3.10000", "2016-12-31": "-5.20000", "2016-09-30": "-4.60000", "2016-06-30": "-12.00000", "2016-03-31": "-4.00000", "2015-12-31": "-1.10000", "2015-09-30": "-8.90000", "2015-06-30": "-1.80000", "2015-03-31": "-13.20000", "2014-12-31": "-11.20000", "2014-09-30": "-12.30000", "2014-06-30": "-5.60000", "2014-03-31": "-3.60000", "2013-12-31": "-7.50000", "2013-09-30": "-10.50000", "2013-06-30": "-4.50000", "2013-03-31": "-6.10000", "2012-12-31": "-28.20000", "2012-09-30": "-2.50000", "2012-06-30": "-3.60000", "2012-03-31": "-3.40000", "2011-12-31": "-2.30000", "2011-09-30": "-6.30000", "2011-06-30": "-2.40000", "2011-03-31": "-2.10000", "2010-12-31": "-1.50000", "2010-09-30": "-1.90000", "2010-06-30": "-1.90000", "2010-03-31": "-0.50000", "2009-12-31": "-1.40000", "2009-09-30": "", "2009-06-30": "1.00000", "2009-03-31": "", "2008-12-31": "", "2008-09-30": "", "2008-06-30": "", "2008-03-31": "", "2007-12-31": "", "2007-09-30": "", "2007-06-30": "", "2007-03-31": "", "2006-12-31": "", "2006-09-30": "", "2006-06-30": "", "2006-03-31": "", "2005-12-31": "", "2005-09-30": "", "2005-06-30": "", "2005-03-31": ""}, "Operating Expenses": {"2020-09-30": "430.20000", "2020-06-30": "386.70000", "2020-03-31": "407.60000", "2019-12-31": "482.20000", "2019-09-30": "433.30000", "2019-06-30": "436.70000", "2019-03-31": "419.50000", "2018-12-31": "447.20000", "2018-09-30": "397.50000", "2018-06-30": "394.90000", "2018-03-31": "393.60000", "2017-12-31": "435.19990", "2017-09-30": "384.30000", "2017-06-30": "379.60000", "2017-03-31": "347.30000", "2016-12-31": "388.80000", "2016-09-30": "348.00000", "2016-06-30": "351.30000", "2016-03-31": "341.40000", "2015-12-31": "407.50010", "2015-09-30": "367.90000", "2015-06-30": "364.40000", "2015-03-31": "338.30000", "2014-12-31": "463.50000", "2014-09-30": "414.90000", "2014-06-30": "422.00000", "2014-03-31": "403.10000", "2013-12-31": "491.09990", "2013-09-30": "407.50000", "2013-06-30": "411.40000", "2013-03-31": "381.20000", "2012-12-31": "478.10010", "2012-09-30": "387.50000", "2012-06-30": "398.60000", "2012-03-31": "371.20000", "2011-12-31": "421.39990", "2011-09-30": "380.90000", "2011-06-30": "362.50000", "2011-03-31": "331.30000", "2010-12-31": "364.50010", "2010-09-30": "270.90000", "2010-06-30": "263.00000", "2010-03-31": "250.80000", "2009-12-31": "290.20010", "2009-09-30": "239.10000", "2009-06-30": "232.30000", "2009-03-31": "216.20000", "2008-12-31": "266.30000", "2008-09-30": "227.00000", "2008-06-30": "283.10000", "2008-03-31": "222.50000", "2007-12-31": "278.37400", "2007-09-30": "211.94400", "2007-06-30": "216.55500", "2007-03-31": "187.82700", "2006-12-31": "459.61500", "2006-09-30": "97.88600", "2006-06-30": "97.60900", "2006-03-31": "89.99000", "2005-12-31": "126.05300", "2005-09-30": "80.94900", "2005-06-30": "70.45700", "2005-03-31": "72.37200"}, "Operating Income": {"2020-09-30": "81.20000", "2020-06-30": "37.90000", "2020-03-31": "16.40000", "2019-12-31": "117.70010", "2019-09-30": "87.80000", "2019-06-30": "53.50000", "2019-03-31": "41.90000", "2018-12-31": "106.40000", "2018-09-30": "69.10000", "2018-06-30": "48.80000", "2018-03-31": "38.10000", "2017-12-31": "95.30010", "2017-09-30": "51.30000", "2017-06-30": "35.30000", "2017-03-31": "37.60000", "2016-12-31": "81.50000", "2016-09-30": "45.90000", "2016-06-30": "20.40000", "2016-03-31": "34.00000", "2015-12-31": "70.70000", "2015-09-30": "28.20000", "2015-06-30": "31.60000", "2015-03-31": "15.20000", "2014-12-31": "44.50010", "2014-09-30": "4.90000", "2014-06-30": "35.40000", "2014-03-31": "20.60000", "2013-12-31": "61.00010", "2013-09-30": "31.50000", "2013-06-30": "43.50000", "2013-03-31": "12.20000", "2012-12-31": "39.20000", "2012-09-30": "60.30000", "2012-06-30": "22.10000", "2012-03-31": "34.40000", "2011-12-31": "53.70000", "2011-09-30": "37.50000", "2011-06-30": "38.70000", "2011-03-31": "25.70000", "2010-12-31": "51.60000", "2010-09-30": "39.30000", "2010-06-30": "37.90000", "2010-03-31": "26.90000", "2009-12-31": "76.20000", "2009-09-30": "26.00000", "2009-06-30": "20.20000", "2009-03-31": "14.30000", "2008-12-31": "48.90000", "2008-09-30": "15.10000", "2008-06-30": "28.40000", "2008-03-31": "15.80000", "2007-12-31": "66.38800", "2007-09-30": "29.81600", "2007-06-30": "21.78700", "2007-03-31": "19.70900", "2006-12-31": "91.57600", "2006-09-30": "6.98400", "2006-06-30": "2.87400", "2006-03-31": "4.86600", "2005-12-31": "14.03700", "2005-09-30": "4.93500", "2005-06-30": "0.91100", "2005-03-31": "2.53900"}, "Total Non-Operating Income/Expense": {"2020-09-30": "-5.90000", "2020-06-30": "-6.60000", "2020-03-31": "-2.90000", "2019-12-31": "-6.50000", "2019-09-30": "-4.60000", "2019-06-30": "-5.90000", "2019-03-31": "-3.50000", "2018-12-31": "-6.20000", "2018-09-30": "-3.70000", "2018-06-30": "-5.50000", "2018-03-31": "-2.30000", "2017-12-31": "-6.70000", "2017-09-30": "-3.90000", "2017-06-30": "-5.10000", "2017-03-31": "-6.00000", "2016-12-31": "6.90000", "2016-09-30": "-2.90000", "2016-06-30": "-2.60000", "2016-03-31": "-5.60000", "2015-12-31": "-3.40000", "2015-09-30": "-4.60000", "2015-06-30": "-6.20000", "2015-03-31": "-3.50000", "2014-12-31": "-1.00000", "2014-09-30": "4.10000", "2014-06-30": "-2.30000", "2014-03-31": "-4.90000", "2013-12-31": "-7.20000", "2013-09-30": "-4.70000", "2013-06-30": "-7.80000", "2013-03-31": "-3.90000", "2012-12-31": "-4.70000", "2012-09-30": "-2.70000", "2012-06-30": "-2.80000", "2012-03-31": "-7.50000", "2011-12-31": "-1.30000", "2011-09-30": "1.90000", "2011-06-30": "-5.70000", "2011-03-31": "-5.00000", "2010-12-31": "0.00000", "2010-09-30": "-1.10000", "2010-06-30": "-4.20000", "2010-03-31": "-0.30000", "2009-12-31": "-3.00000", "2009-09-30": "-1.80000", "2009-06-30": "-2.90000", "2009-03-31": "0.10000", "2008-12-31": "-7.20000", "2008-09-30": "0.80000", "2008-06-30": "3.60000", "2008-03-31": "-12.20000", "2007-12-31": "1.25600", "2007-09-30": "1.58000", "2007-06-30": "2.21400", "2007-03-31": "0.75000", "2006-12-31": "1.17800", "2006-09-30": "-0.49100", "2006-06-30": "2.33200", "2006-03-31": "1.68100", "2005-12-31": "-1.41700", "2005-09-30": "0.21300", "2005-06-30": "0.55400", "2005-03-31": "-0.13000"}, "Pre-Tax Income": {"2020-09-30": "75.30000", "2020-06-30": "31.30000", "2020-03-31": "13.50000", "2019-12-31": "111.20000", "2019-09-30": "83.20000", "2019-06-30": "47.60000", "2019-03-31": "38.40000", "2018-12-31": "100.20000", "2018-09-30": "65.40000", "2018-06-30": "43.30000", "2018-03-31": "35.80000", "2017-12-31": "88.60000", "2017-09-30": "47.40000", "2017-06-30": "30.20000", "2017-03-31": "31.60000", "2016-12-31": "88.40000", "2016-09-30": "43.00000", "2016-06-30": "17.80000", "2016-03-31": "28.40000", "2015-12-31": "67.30000", "2015-09-30": "23.60000", "2015-06-30": "25.40000", "2015-03-31": "11.70000", "2014-12-31": "43.50000", "2014-09-30": "9.00000", "2014-06-30": "33.10000", "2014-03-31": "15.70000", "2013-12-31": "53.80000", "2013-09-30": "26.80000", "2013-06-30": "35.70000", "2013-03-31": "8.30000", "2012-12-31": "34.50000", "2012-09-30": "57.60000", "2012-06-30": "19.30000", "2012-03-31": "26.90000", "2011-12-31": "52.40000", "2011-09-30": "39.40000", "2011-06-30": "33.00000", "2011-03-31": "20.70000", "2010-12-31": "51.60000", "2010-09-30": "38.20000", "2010-06-30": "33.70000", "2010-03-31": "26.60000", "2009-12-31": "73.20000", "2009-09-30": "24.20000", "2009-06-30": "17.30000", "2009-03-31": "14.40000", "2008-12-31": "41.70000", "2008-09-30": "15.90000", "2008-06-30": "32.00000", "2008-03-31": "3.60000", "2007-12-31": "67.64400", "2007-09-30": "31.39600", "2007-06-30": "24.00100", "2007-03-31": "20.45900", "2006-12-31": "92.75400", "2006-09-30": "6.49300", "2006-06-30": "5.20600", "2006-03-31": "6.54700", "2005-12-31": "12.62000", "2005-09-30": "5.14800", "2005-06-30": "1.46500", "2005-03-31": "2.40900"}, "Income Taxes": {"2020-09-30": "20.00000", "2020-06-30": "7.10000", "2020-03-31": "2.90000", "2019-12-31": "42.40000", "2019-09-30": "21.70000", "2019-06-30": "10.60000", "2019-03-31": "7.70000", "2018-12-31": "22.30000", "2018-09-30": "21.20000", "2018-06-30": "11.80000", "2018-03-31": "8.40000", "2017-12-31": "91.60000", "2017-09-30": "9.80000", "2017-06-30": "6.20000", "2017-03-31": "9.90000", "2016-12-31": "19.30000", "2016-09-30": "-4.00000", "2016-06-30": "3.00000", "2016-03-31": "4.80000", "2015-12-31": "5.30000", "2015-09-30": "10.70000", "2015-06-30": "2.30000", "2015-03-31": "4.80000", "2014-12-31": "17.00000", "2014-09-30": "2.70000", "2014-06-30": "16.30000", "2014-03-31": "5.70000", "2013-12-31": "17.90000", "2013-09-30": "9.90000", "2013-06-30": "12.40000", "2013-03-31": "2.60000", "2012-12-31": "21.20000", "2012-09-30": "17.70000", "2012-06-30": "9.40000", "2012-03-31": "11.80000", "2011-12-31": "12.80000", "2011-09-30": "19.30000", "2011-06-30": "10.40000", "2011-03-31": "9.00000", "2010-12-31": "21.60000", "2010-09-30": "10.30000", "2010-06-30": "10.80000", "2010-03-31": "10.60000", "2009-12-31": "29.60000", "2009-09-30": "8.10000", "2009-06-30": "4.60000", "2009-03-31": "5.80000", "2008-12-31": "15.50000", "2008-09-30": "-2.00000", "2008-06-30": "10.30000", "2008-03-31": "4.20000", "2007-12-31": "27.37700", "2007-09-30": "4.61600", "2007-06-30": "6.28400", "2007-03-31": "6.02300", "2006-12-31": "27.20200", "2006-09-30": "3.53500", "2006-06-30": "2.62300", "2006-03-31": "3.24000", "2005-12-31": "5.74900", "2005-09-30": "3.03600", "2005-06-30": "1.14500", "2005-03-31": "1.92500"}, "Income After Taxes": {"2020-09-30": "55.30000", "2020-06-30": "24.20000", "2020-03-31": "10.60000", "2019-12-31": "68.80000", "2019-09-30": "61.50000", "2019-06-30": "37.00000", "2019-03-31": "30.70000", "2018-12-31": "77.90000", "2018-09-30": "44.20000", "2018-06-30": "31.50000", "2018-03-31": "27.40000", "2017-12-31": "-3.00000", "2017-09-30": "37.60000", "2017-06-30": "24.00000", "2017-03-31": "21.70000", "2016-12-31": "69.10000", "2016-09-30": "47.00000", "2016-06-30": "14.80000", "2016-03-31": "23.60000", "2015-12-31": "62.00000", "2015-09-30": "12.90000", "2015-06-30": "23.10000", "2015-03-31": "6.90000", "2014-12-31": "26.50000", "2014-09-30": "6.30000", "2014-06-30": "16.80000", "2014-03-31": "10.00000", "2013-12-31": "35.90000", "2013-09-30": "16.90000", "2013-06-30": "23.30000", "2013-03-31": "5.70000", "2012-12-31": "13.30000", "2012-09-30": "39.90000", "2012-06-30": "9.90000", "2012-03-31": "15.10000", "2011-12-31": "39.60000", "2011-09-30": "20.10000", "2011-06-30": "22.60000", "2011-03-31": "11.70000", "2010-12-31": "30.00000", "2010-09-30": "27.90000", "2010-06-30": "22.90000", "2010-03-31": "16.00000", "2009-12-31": "43.60000", "2009-09-30": "16.10000", "2009-06-30": "12.70000", "2009-03-31": "8.60000", "2008-12-31": "26.20000", "2008-09-30": "17.90000", "2008-06-30": "21.70000", "2008-03-31": "-0.60000", "2007-12-31": "40.26700", "2007-09-30": "26.78000", "2007-06-30": "17.71700", "2007-03-31": "14.43600", "2006-12-31": "65.55200", "2006-09-30": "2.95800", "2006-06-30": "2.58300", "2006-03-31": "3.30700", "2005-12-31": "6.87100", "2005-09-30": "2.11200", "2005-06-30": "0.32000", "2005-03-31": "0.48400"}, "Other Income": {"2020-09-30": "", "2020-06-30": "", "2020-03-31": "", "2019-12-31": "", "2019-09-30": "", "2019-06-30": "", "2019-03-31": "", "2018-12-31": "", "2018-09-30": "", "2018-06-30": "", "2018-03-31": "", "2017-12-31": "", "2017-09-30": "", "2017-06-30": "", "2017-03-31": "", "2016-12-31": "", "2016-09-30": "", "2016-06-30": "", "2016-03-31": "", "2015-12-31": "", "2015-09-30": "", "2015-06-30": "", "2015-03-31": "", "2014-12-31": "", "2014-09-30": "", "2014-06-30": "", "2014-03-31": "", "2013-12-31": "", "2013-09-30": "", "2013-06-30": "", "2013-03-31": "", "2012-12-31": "", "2012-09-30": "", "2012-06-30": "", "2012-03-31": "", "2011-12-31": "", "2011-09-30": "", "2011-06-30": "", "2011-03-31": "", "2010-12-31": "", "2010-09-30": "", "2010-06-30": "", "2010-03-31": "", "2009-12-31": "", "2009-09-30": "", "2009-06-30": "", "2009-03-31": "", "2008-12-31": "", "2008-09-30": "", "2008-06-30": "", "2008-03-31": "", "2007-12-31": "", "2007-09-30": "", "2007-06-30": "", "2007-03-31": "", "2006-12-31": "", "2006-09-30": "", "2006-06-30": "", "2006-03-31": "", "2005-12-31": "", "2005-09-30": "", "2005-06-30": "", "2005-03-31": ""}, "Income From Continuous Operations": {"2020-09-30": "55.30000", "2020-06-30": "24.20000", "2020-03-31": "10.60000", "2019-12-31": "68.80000", "2019-09-30": "61.50000", "2019-06-30": "37.00000", "2019-03-31": "30.70000", "2018-12-31": "77.90000", "2018-09-30": "44.20000", "2018-06-30": "31.50000", "2018-03-31": "27.40000", "2017-12-31": "-3.00000", "2017-09-30": "37.60000", "2017-06-30": "24.00000", "2017-03-31": "21.70000", "2016-12-31": "69.10000", "2016-09-30": "47.00000", "2016-06-30": "14.80000", "2016-03-31": "23.60000", "2015-12-31": "62.00000", "2015-09-30": "12.90000", "2015-06-30": "23.10000", "2015-03-31": "6.90000", "2014-12-31": "26.50000", "2014-09-30": "6.30000", "2014-06-30": "16.80000", "2014-03-31": "10.00000", "2013-12-31": "35.90000", "2013-09-30": "16.90000", "2013-06-30": "23.30000", "2013-03-31": "5.70000", "2012-12-31": "13.30000", "2012-09-30": "39.90000", "2012-06-30": "9.90000", "2012-03-31": "15.10000", "2011-12-31": "39.60000", "2011-09-30": "20.10000", "2011-06-30": "22.60000", "2011-03-31": "11.70000", "2010-12-31": "30.00000", "2010-09-30": "27.90000", "2010-06-30": "22.90000", "2010-03-31": "16.00000", "2009-12-31": "43.60000", "2009-09-30": "16.10000", "2009-06-30": "12.70000", "2009-03-31": "8.60000", "2008-12-31": "26.20000", "2008-09-30": "17.90000", "2008-06-30": "21.70000", "2008-03-31": "-0.60000", "2007-12-31": "40.22200", "2007-09-30": "26.67100", "2007-06-30": "17.65700", "2007-03-31": "14.35000", "2006-12-31": "65.62700", "2006-09-30": "2.97600", "2006-06-30": "2.53800", "2006-03-31": "3.25900", "2005-12-31": "6.96200", "2005-09-30": "2.08400", "2005-06-30": "0.28400", "2005-03-31": "0.41700"}, "Income From Discontinued Operations": {"2020-09-30": "", "2020-06-30": "", "2020-03-31": "", "2019-12-31": "", "2019-09-30": "", "2019-06-30": "", "2019-03-31": "", "2018-12-31": "", "2018-09-30": "", "2018-06-30": "", "2018-03-31": "", "2017-12-31": "", "2017-09-30": "", "2017-06-30": "", "2017-03-31": "", "2016-12-31": "", "2016-09-30": "", "2016-06-30": "", "2016-03-31": "", "2015-12-31": "", "2015-09-30": "", "2015-06-30": "", "2015-03-31": "", "2014-12-31": "", "2014-09-30": "", "2014-06-30": "", "2014-03-31": "", "2013-12-31": "", "2013-09-30": "", "2013-06-30": "", "2013-03-31": "", "2012-12-31": "", "2012-09-30": "", "2012-06-30": "", "2012-03-31": "", "2011-12-31": "", "2011-09-30": "", "2011-06-30": "", "2011-03-31": "", "2010-12-31": "", "2010-09-30": "", "2010-06-30": "", "2010-03-31": "", "2009-12-31": "", "2009-09-30": "", "2009-06-30": "", "2009-03-31": "", "2008-12-31": "", "2008-09-30": "", "2008-06-30": "", "2008-03-31": "", "2007-12-31": "", "2007-09-30": "", "2007-06-30": "", "2007-03-31": "", "2006-12-31": "", "2006-09-30": "", "2006-06-30": "", "2006-03-31": "", "2005-12-31": "", "2005-09-30": "", "2005-06-30": "", "2005-03-31": ""}, "Net Income": {"2020-09-30": "54.30000", "2020-06-30": "24.10000", "2020-03-31": "10.50000", "2019-12-31": "68.60000", "2019-09-30": "61.30000", "2019-06-30": "36.50000", "2019-03-31": "30.80000", "2018-12-31": "78.10000", "2018-09-30": "43.40000", "2018-06-30": "31.20000", "2018-03-31": "27.00000", "2017-12-31": "-3.40000", "2017-09-30": "37.00000", "2017-06-30": "23.40000", "2017-03-31": "21.60000", "2016-12-31": "69.00000", "2016-09-30": "46.50000", "2016-06-30": "14.50000", "2016-03-31": "23.60000", "2015-12-31": "61.40000", "2015-09-30": "11.80000", "2015-06-30": "21.90000", "2015-03-31": "6.50000", "2014-12-31": "26.10000", "2014-09-30": "5.50000", "2014-06-30": "16.40000", "2014-03-31": "8.70000", "2013-12-31": "35.20000", "2013-09-30": "16.60000", "2013-06-30": "22.90000", "2013-03-31": "5.40000", "2012-12-31": "12.80000", "2012-09-30": "39.70000", "2012-06-30": "9.90000", "2012-03-31": "15.10000", "2011-12-31": "39.10000", "2011-09-30": "19.80000", "2011-06-30": "22.10000", "2011-03-31": "11.30000", "2010-12-31": "29.30000", "2010-09-30": "27.40000", "2010-06-30": "22.60000", "2010-03-31": "16.10000", "2009-12-31": "43.50000", "2009-09-30": "16.40000", "2009-06-30": "12.90000", "2009-03-31": "8.40000", "2008-12-31": "26.20000", "2008-09-30": "17.80000", "2008-06-30": "21.70000", "2008-03-31": "-0.80000", "2007-12-31": "40.22200", "2007-09-30": "26.67100", "2007-06-30": "17.65700", "2007-03-31": "14.35000", "2006-12-31": "65.62700", "2006-09-30": "2.97600", "2006-06-30": "2.53800", "2006-03-31": "3.25900", "2005-12-31": "6.96200", "2005-09-30": "2.08400", "2005-06-30": "0.28400", "2005-03-31": "0.41700"}, "EBITDA": {"2020-09-30": "101.70000", "2020-06-30": "57.10000", "2020-03-31": "35.40000", "2019-12-31": "136.00010", "2019-09-30": "106.70000", "2019-06-30": "72.90000", "2019-03-31": "60.90000", "2018-12-31": "123.00000", "2018-09-30": "85.00000", "2018-06-30": "65.40000", "2018-03-31": "53.90000", "2017-12-31": "111.00010", "2017-09-30": "68.40000", "2017-06-30": "51.30000", "2017-03-31": "52.70000", "2016-12-31": "95.40000", "2016-09-30": "59.60000", "2016-06-30": "33.90000", "2016-03-31": "47.20000", "2015-12-31": "84.00000", "2015-09-30": "41.50000", "2015-06-30": "44.80000", "2015-03-31": "28.70000", "2014-12-31": "56.60010", "2014-09-30": "22.50000", "2014-06-30": "50.20000", "2014-03-31": "35.80000", "2013-12-31": "76.90010", "2013-09-30": "46.70000", "2013-06-30": "58.50000", "2013-03-31": "27.40000", "2012-12-31": "55.80000", "2012-09-30": "74.20000", "2012-06-30": "37.10000", "2012-03-31": "48.00000", "2011-12-31": "66.90000", "2011-09-30": "51.20000", "2011-06-30": "52.70000", "2011-03-31": "37.70000", "2010-12-31": "63.40000", "2010-09-30": "48.60000", "2010-06-30": "45.20000", "2010-03-31": "34.60000", "2009-12-31": "85.70000", "2009-09-30": "33.10000", "2009-06-30": "27.20000", "2009-03-31": "21.10000", "2008-12-31": "56.50000", "2008-09-30": "22.90000", "2008-06-30": "35.50000", "2008-03-31": "23.20000", "2007-12-31": "71.52400", "2007-09-30": "29.81600", "2007-06-30": "21.78700", "2007-03-31": "19.70900", "2006-12-31": "91.57600", "2006-09-30": "6.98400", "2006-06-30": "2.87400", "2006-03-31": "4.86600", "2005-12-31": "14.03700", "2005-09-30": "4.93500", "2005-06-30": "0.91100", "2005-03-31": "2.53900"}, "EBIT": {"2020-09-30": "81.20000", "2020-06-30": "37.90000", "2020-03-31": "16.40000", "2019-12-31": "117.70010", "2019-09-30": "87.80000", "2019-06-30": "53.50000", "2019-03-31": "41.90000", "2018-12-31": "106.40000", "2018-09-30": "69.10000", "2018-06-30": "48.80000", "2018-03-31": "38.10000", "2017-12-31": "95.30010", "2017-09-30": "51.30000", "2017-06-30": "35.30000", "2017-03-31": "37.60000", "2016-12-31": "81.50010", "2016-09-30": "45.90000", "2016-06-30": "20.40000", "2016-03-31": "34.00000", "2015-12-31": "70.69990", "2015-09-30": "28.20000", "2015-06-30": "31.60000", "2015-03-31": "15.20000", "2014-12-31": "44.50000", "2014-09-30": "4.90000", "2014-06-30": "35.40000", "2014-03-31": "20.60000", "2013-12-31": "61.00010", "2013-09-30": "31.50000", "2013-06-30": "43.50000", "2013-03-31": "12.20000", "2012-12-31": "39.20000", "2012-09-30": "60.30000", "2012-06-30": "22.10000", "2012-03-31": "34.40000", "2011-12-31": "53.70000", "2011-09-30": "37.50000", "2011-06-30": "38.70000", "2011-03-31": "25.70000", "2010-12-31": "51.59990", "2010-09-30": "39.30000", "2010-06-30": "37.90000", "2010-03-31": "26.90000", "2009-12-31": "76.19990", "2009-09-30": "26.00000", "2009-06-30": "20.20000", "2009-03-31": "14.30000", "2008-12-31": "48.90000", "2008-09-30": "15.10000", "2008-06-30": "28.40000", "2008-03-31": "15.80000", "2007-12-31": "66.38800", "2007-09-30": "29.81600", "2007-06-30": "21.78700", "2007-03-31": "19.70900", "2006-12-31": "91.57610", "2006-09-30": "6.98400", "2006-06-30": "2.87400", "2006-03-31": "4.86600", "2005-12-31": "14.03700", "2005-09-30": "4.93500", "2005-06-30": "0.91100", "2005-03-31": "2.53900"}, "Basic Shares Outstanding": {"2020-09-30": "153.20000", "2020-06-30": "153.60000", "2020-03-31": "154.20000", "2019-12-31": "155.20000", "2019-09-30": "154.20000", "2019-06-30": "156.10000", "2019-03-31": "156.70000", "2018-12-31": "156.20000", "2018-09-30": "156.40000", "2018-06-30": "156.10000", "2018-03-31": "155.90000", "2017-12-31": "158.10000", "2017-09-30": "157.50000", "2017-06-30": "159.50000", "2017-03-31": "159.70000", "2016-12-31": "161.40000", "2016-09-30": "160.80000", "2016-06-30": "161.40000", "2016-03-31": "163.30000", "2015-12-31": "168.20000", "2015-09-30": "167.80000", "2015-06-30": "168.30000", "2015-03-31": "168.30000", "2014-12-31": "167.80000", "2014-09-30": "168.00000", "2014-06-30": "167.60000", "2014-03-31": "167.30000", "2013-12-31": "166.50000", "2013-09-30": "167.00000", "2013-06-30": "166.80000", "2013-03-31": "166.40000", "2012-12-31": "166.00000", "2012-09-30": "166.00000", "2012-06-30": "166.00000", "2012-03-31": "165.70000", "2011-12-31": "165.40000", "2011-09-30": "165.60000", "2011-06-30": "165.40000", "2011-03-31": "165.10000", "2010-12-31": "164.40000", "2010-09-30": "164.50000", "2010-06-30": "164.30000", "2010-03-31": "164.10000", "2009-12-31": "163.50000", "2009-09-30": "163.50000", "2009-06-30": "163.30000", "2009-03-31": "163.30000", "2008-12-31": "162.70000", "2008-09-30": "162.80000", "2008-06-30": "162.40000", "2008-03-31": "162.30000", "2007-12-31": "161.20000", "2007-09-30": "161.92200", "2007-06-30": "161.72800", "2007-03-31": "160.36500", "2006-12-31": "159.10000", "2006-09-30": "102.03800", "2006-06-30": "101.45600", "2006-03-31": "101.18600", "2005-12-31": "100.82300", "2005-09-30": "100.85100", "2005-06-30": "89.47200", "2005-03-31": "89.47100"}, "Shares Outstanding": {"2020-09-30": "154.30000", "2020-06-30": "154.70000", "2020-03-31": "155.40000", "2019-12-31": "156.60000", "2019-09-30": "155.60000", "2019-06-30": "157.60000", "2019-03-31": "157.90000", "2018-12-31": "157.20000", "2018-09-30": "157.40000", "2018-06-30": "157.00000", "2018-03-31": "157.00000", "2017-12-31": "159.10000", "2017-09-30": "158.70000", "2017-06-30": "160.40000", "2017-03-31": "160.50000", "2016-12-31": "162.20000", "2016-09-30": "161.50000", "2016-06-30": "162.40000", "2016-03-31": "164.30000", "2015-12-31": "169.10000", "2015-09-30": "168.70000", "2015-06-30": "169.70000", "2015-03-31": "169.70000", "2014-12-31": "169.50000", "2014-09-30": "169.60000", "2014-06-30": "169.50000", "2014-03-31": "169.40000", "2013-12-31": "168.50000", "2013-09-30": "168.70000", "2013-06-30": "168.40000", "2013-03-31": "168.10000", "2012-12-31": "167.40000", "2012-09-30": "167.30000", "2012-06-30": "167.10000", "2012-03-31": "166.90000", "2011-12-31": "166.90000", "2011-09-30": "166.90000", "2011-06-30": "167.30000", "2011-03-31": "166.70000", "2010-12-31": "165.70000", "2010-09-30": "165.70000", "2010-06-30": "165.80000", "2010-03-31": "165.60000", "2009-12-31": "164.90000", "2009-09-30": "165.00000", "2009-06-30": "164.70000", "2009-03-31": "164.30000", "2008-12-31": "165.60000", "2008-09-30": "165.90000", "2008-06-30": "165.50000", "2008-03-31": "162.30000", "2007-12-31": "164.30000", "2007-09-30": "164.22400", "2007-06-30": "164.34300", "2007-03-31": "162.90600", "2006-12-31": "160.10000", "2006-09-30": "102.70400", "2006-06-30": "101.86900", "2006-03-31": "101.48000", "2005-12-31": "101.13000", "2005-09-30": "101.04400", "2005-06-30": "89.59900", "2005-03-31": "89.58100"}, "Basic EPS": {"2020-09-30": "0.35000", "2020-06-30": "0.16000", "2020-03-31": "0.07000", "2019-12-31": "0.44000", "2019-09-30": "0.40000", "2019-06-30": "0.23000", "2019-03-31": "0.20000", "2018-12-31": "0.50000", "2018-09-30": "0.28000", "2018-06-30": "0.20000", "2018-03-31": "0.17000", "2017-12-31": "-0.02000", "2017-09-30": "0.23000", "2017-06-30": "0.15000", "2017-03-31": "0.14000", "2016-12-31": "0.43000", "2016-09-30": "0.29000", "2016-06-30": "0.09000", "2016-03-31": "0.14000", "2015-12-31": "0.36000", "2015-09-30": "0.07000", "2015-06-30": "0.13000", "2015-03-31": "0.04000", "2014-12-31": "0.16000", "2014-09-30": "0.03000", "2014-06-30": "0.10000", "2014-03-31": "0.05000", "2013-12-31": "0.21000", "2013-09-30": "0.10000", "2013-06-30": "0.14000", "2013-03-31": "0.03000", "2012-12-31": "0.08000", "2012-09-30": "0.24000", "2012-06-30": "0.06000", "2012-03-31": "0.09000", "2011-12-31": "0.24000", "2011-09-30": "0.12000", "2011-06-30": "0.13000", "2011-03-31": "0.07000", "2010-12-31": "0.17000", "2010-09-30": "0.17000", "2010-06-30": "0.14000", "2010-03-31": "0.10000", "2009-12-31": "0.27000", "2009-09-30": "0.10000", "2009-06-30": "0.08000", "2009-03-31": "0.05000", "2008-12-31": "0.16000", "2008-09-30": "0.11000", "2008-06-30": "0.13000", "2008-03-31": "0.00000", "2007-12-31": "0.25000", "2007-09-30": "0.16000", "2007-06-30": "0.11000", "2007-03-31": "0.09000", "2006-12-31": "0.38000", "2006-09-30": "0.03000", "2006-06-30": "0.03000", "2006-03-31": "0.03000", "2005-12-31": "0.08000", "2005-09-30": "0.02000", "2005-06-30": "0.00000", "2005-03-31": "0.00000"}, "EPS - Earnings Per Share": {"2020-09-30": "0.35000", "2020-06-30": "0.16000", "2020-03-31": "0.07000", "2019-12-31": "0.44000", "2019-09-30": "0.39000", "2019-06-30": "0.23000", "2019-03-31": "0.20000", "2018-12-31": "0.49000", "2018-09-30": "0.28000", "2018-06-30": "0.20000", "2018-03-31": "0.17000", "2017-12-31": "-0.02000", "2017-09-30": "0.23000", "2017-06-30": "0.15000", "2017-03-31": "0.13000", "2016-12-31": "0.43000", "2016-09-30": "0.29000", "2016-06-30": "0.09000", "2016-03-31": "0.14000", "2015-12-31": "0.36000", "2015-09-30": "0.07000", "2015-06-30": "0.13000", "2015-03-31": "0.04000", "2014-12-31": "0.15000", "2014-09-30": "0.03000", "2014-06-30": "0.10000", "2014-03-31": "0.05000", "2013-12-31": "0.21000", "2013-09-30": "0.10000", "2013-06-30": "0.14000", "2013-03-31": "0.03000", "2012-12-31": "0.07000", "2012-09-30": "0.24000", "2012-06-30": "0.06000", "2012-03-31": "0.09000", "2011-12-31": "0.23000", "2011-09-30": "0.12000", "2011-06-30": "0.13000", "2011-03-31": "0.07000", "2010-12-31": "0.17000", "2010-09-30": "0.17000", "2010-06-30": "0.14000", "2010-03-31": "0.10000", "2009-12-31": "0.26000", "2009-09-30": "0.10000", "2009-06-30": "0.08000", "2009-03-31": "0.05000", "2008-12-31": "0.15000", "2008-09-30": "0.11000", "2008-06-30": "0.13000", "2008-03-31": "0.00000", "2007-12-31": "0.24000", "2007-09-30": "0.16000", "2007-06-30": "0.11000", "2007-03-31": "0.09000", "2006-12-31": "0.38000", "2006-09-30": "0.03000", "2006-06-30": "0.02000", "2006-03-31": "0.03000", "2005-12-31": "0.08000", "2005-09-30": "0.02000", "2005-06-30": "0.00000", "2005-03-31": "0.00000"}}, "balance sheet": {"Cash On Hand": {"2019-12-31": "684.90000", "2018-12-31": "322.40000", "2017-12-31": "439.20000", "2016-12-31": "500.30000", "2015-12-31": "468.30000", "2014-12-31": "497.50000", "2013-12-31": "438.70000", "2012-12-31": "310.60000", "2011-12-31": "246.00000", "2010-12-31": "233.30000", "2009-12-31": "209.10000", "2008-12-31": "167.70000", "2007-12-31": "344.60000", "2006-12-31": "52.14700", "2005-12-31": "109.05100"}, "Receivables": {"2019-12-31": "362.20000", "2018-12-31": "357.20000", "2017-12-31": "319.30000", "2016-12-31": "243.90000", "2015-12-31": "234.70000", "2014-12-31": "293.20000", "2013-12-31": "307.60000", "2012-12-31": "289.30000", "2011-12-31": "282.80000", "2010-12-31": "232.90000", "2009-12-31": "184.10000", "2008-12-31": "171.90000", "2007-12-31": "185.20000", "2006-12-31": "88.63200", "2005-12-31": "74.37700"}, "Inventory": {"2019-12-31": "577.20000", "2018-12-31": "509.60000", "2017-12-31": "486.20000", "2016-12-31": "440.40000", "2015-12-31": "422.00000", "2014-12-31": "477.40000", "2013-12-31": "589.80000", "2012-12-31": "611.50000", "2011-12-31": "576.20000", "2010-12-31": "511.00000", "2009-12-31": "422.80000", "2008-12-31": "425.10000", "2007-12-31": "446.40000", "2006-12-31": "134.50400", "2005-12-31": "117.65500"}, "Pre-Paid Expenses": {"2019-12-31": "", "2018-12-31": "", "2017-12-31": "", "2016-12-31": "", "2015-12-31": "", "2014-12-31": "", "2013-12-31": "", "2012-12-31": "", "2011-12-31": "", "2010-12-31": "", "2009-12-31": "", "2008-12-31": "", "2007-12-31": "", "2006-12-31": "", "2005-12-31": ""}, "Other Current Assets": {"2019-12-31": "172.00000", "2018-12-31": "115.10000", "2017-12-31": "114.10000", "2016-12-31": "91.30000", "2015-12-31": "106.50000", "2014-12-31": "88.90000", "2013-12-31": "86.10000", "2012-12-31": "92.50000", "2011-12-31": "77.60000", "2010-12-31": "65.30000", "2009-12-31": "49.90000", "2008-12-31": "34.40000", "2007-12-31": "57.50000", "2006-12-31": "19.46100", "2005-12-31": "14.16600"}, "Total Current Assets": {"2019-12-31": "1796.30000", "2018-12-31": "1304.30000", "2017-12-31": "1358.80000", "2016-12-31": "1275.90000", "2015-12-31": "1231.50000", "2014-12-31": "1366.30000", "2013-12-31": "1431.90000", "2012-12-31": "1309.70000", "2011-12-31": "1194.10000", "2010-12-31": "1051.10000", "2009-12-31": "873.80000", "2008-12-31": "820.70000", "2007-12-31": "1033.70000", "2006-12-31": "294.74400", "2005-12-31": "315.24900"}, "Property, Plant, And Equipment": {"2019-12-31": "306.10000", "2018-12-31": "270.60000", "2017-12-31": "266.50000", "2016-12-31": "239.10000", "2015-12-31": "231.10000", "2014-12-31": "249.90000", "2013-12-31": "299.50000", "2012-12-31": "283.60000", "2011-12-31": "249.00000", "2010-12-31": "233.70000", "2009-12-31": "223.40000", "2008-12-31": "221.30000", "2007-12-31": "207.60000", "2006-12-31": "90.34900", "2005-12-31": "85.31300"}, "Long-Term Investments": {"2019-12-31": "", "2018-12-31": "", "2017-12-31": "", "2016-12-31": "", "2015-12-31": "", "2014-12-31": "", "2013-12-31": "", "2012-12-31": "", "2011-12-31": "", "2010-12-31": "", "2009-12-31": "", "2008-12-31": "", "2007-12-31": "", "2006-12-31": "", "2005-12-31": ""}, "Goodwill And Intangible Assets": {"2019-12-31": "526.20000", "2018-12-31": "494.40000", "2017-12-31": "252.20000", "2016-12-31": "200.30000", "2015-12-31": "205.30000", "2014-12-31": "211.60000", "2013-12-31": "233.00000", "2012-12-31": "232.90000", "2011-12-31": "236.60000", "2010-12-31": "234.40000", "2009-12-31": "52.40000", "2008-12-31": "52.40000", "2007-12-31": "47.00000", "2006-12-31": "45.35600", "2005-12-31": "19.04900"}, "Other Long-Term Assets": {"2019-12-31": "16.80000", "2018-12-31": "8.40000", "2017-12-31": "14.00000", "2016-12-31": "16.60000", "2015-12-31": "9.10000", "2014-12-31": "7.30000", "2013-12-31": "5.20000", "2012-12-31": "12.60000", "2011-12-31": "13.60000", "2010-12-31": "18.10000", "2009-12-31": "9.30000", "2008-12-31": "8.30000", "2007-12-31": "22.40000", "2006-12-31": "2.73800", "2005-12-31": "4.03100"}, "Total Long-Term Assets": {"2019-12-31": "975.20000", "2018-12-31": "824.30000", "2017-12-31": "589.70000", "2016-12-31": "532.50000", "2015-12-31": "498.50000", "2014-12-31": "498.50000", "2013-12-31": "556.40000", "2012-12-31": "546.70000", "2011-12-31": "516.40000", "2010-12-31": "498.70000", "2009-12-31": "298.50000", "2008-12-31": "295.60000", "2007-12-31": "277.00000", "2006-12-31": "138.44300", "2005-12-31": "108.39300"}, "Total Assets": {"2019-12-31": "2771.50000", "2018-12-31": "2128.60000", "2017-12-31": "1948.50000", "2016-12-31": "1808.40000", "2015-12-31": "1730.00000", "2014-12-31": "1864.80000", "2013-12-31": "1988.30000", "2012-12-31": "1856.40000", "2011-12-31": "1710.50000", "2010-12-31": "1549.80000", "2009-12-31": "1172.30000", "2008-12-31": "1116.30000", "2007-12-31": "1310.70000", "2006-12-31": "433.18700", "2005-12-31": "423.64200"}, "Total Current Liabilities": {"2019-12-31": "645.60000", "2018-12-31": "599.30000", "2017-12-31": "524.50000", "2016-12-31": "524.70000", "2015-12-31": "554.50000", "2014-12-31": "582.70000", "2013-12-31": "648.60000", "2012-12-31": "681.80000", "2011-12-31": "755.80000", "2010-12-31": "831.50000", "2009-12-31": "540.50000", "2008-12-31": "519.70000", "2007-12-31": "561.10000", "2006-12-31": "195.12800", "2005-12-31": "147.85900"}, "Long Term Debt": {"2019-12-31": "812.80000", "2018-12-31": "322.60000", "2017-12-31": "415.60000", "2016-12-31": "391.60000", "2015-12-31": "265.20000", "2014-12-31": "354.20000", "2013-12-31": "354.30000", "2012-12-31": "335.90000", "2011-12-31": "219.40000", "2010-12-31": "86.60000", "2009-12-31": "115.70000", "2008-12-31": "182.80000", "2007-12-31": "8.60000", "2006-12-31": "22.86300", "2005-12-31": "25.07000"}, "Other Non-Current Liabilities": {"2019-12-31": "113.90000", "2018-12-31": "99.10000", "2017-12-31": "96.30000", "2016-12-31": "39.60000", "2015-12-31": "31.90000", "2014-12-31": "35.10000", "2013-12-31": "38.40000", "2012-12-31": "22.00000", "2011-12-31": "14.70000", "2010-12-31": "16.80000", "2009-12-31": "10.30000", "2008-12-31": "12.80000", "2007-12-31": "44.60000", "2006-12-31": "12.37500", "2005-12-31": "11.67500"}, "Total Long Term Liabilities": {"2019-12-31": "1208.80000", "2018-12-31": "624.20000", "2017-12-31": "690.50000", "2016-12-31": "590.60000", "2015-12-31": "442.60000", "2014-12-31": "510.40000", "2013-12-31": "489.50000", "2012-12-31": "464.90000", "2011-12-31": "329.80000", "2010-12-31": "190.90000", "2009-12-31": "213.00000", "2008-12-31": "283.90000", "2007-12-31": "114.60000", "2006-12-31": "46.59300", "2005-12-31": "46.37600"}, "Total Liabilities": {"2019-12-31": "1854.40000", "2018-12-31": "1223.50000", "2017-12-31": "1215.00000", "2016-12-31": "1115.30000", "2015-12-31": "997.10000", "2014-12-31": "1093.10000", "2013-12-31": "1138.10000", "2012-12-31": "1146.70000", "2011-12-31": "1085.60000", "2010-12-31": "1022.40000", "2009-12-31": "753.50000", "2008-12-31": "803.60000", "2007-12-31": "675.70000", "2006-12-31": "241.72100", "2005-12-31": "194.23500"}, "Common Stock Net": {"2019-12-31": "1.70000", "2018-12-31": "1.70000", "2017-12-31": "1.70000", "2016-12-31": "1.70000", "2015-12-31": "1.70000", "2014-12-31": "1.70000", "2013-12-31": "1.70000", "2012-12-31": "1.70000", "2011-12-31": "1.70000", "2010-12-31": "1.60000", "2009-12-31": "1.60000", "2008-12-31": "1.60000", "2007-12-31": "1.60000", "2006-12-31": "1.02000", "2005-12-31": "1.01100"}, "Retained Earnings (Accumulated Deficit)": {"2019-12-31": "1274.70000", "2018-12-31": "1102.50000", "2017-12-31": "942.00000", "2016-12-31": "885.20000", "2015-12-31": "757.40000", "2014-12-31": "655.80000", "2013-12-31": "599.10000", "2012-12-31": "519.00000", "2011-12-31": "441.50000", "2010-12-31": "349.20000", "2009-12-31": "253.80000", "2008-12-31": "172.60000", "2007-12-31": "282.60000", "2006-12-31": "17.46700", "2005-12-31": "-1.01400"}, "Comprehensive Income": {"2019-12-31": "-25.50000", "2018-12-31": "17.00000", "2017-12-31": "27.00000", "2016-12-31": "-75.90000", "2015-12-31": "-44.20000", "2014-12-31": "28.20000", "2013-12-31": "182.40000", "2012-12-31": "137.80000", "2011-12-31": "142.50000", "2010-12-31": "152.40000", "2009-12-31": "153.50000", "2008-12-31": "137.80000", "2007-12-31": "148.50000", "2006-12-31": "23.51900", "2005-12-31": "11.69400"}, "Other Share Holders Equity": {"2019-12-31": "", "2018-12-31": "", "2017-12-31": "", "2016-12-31": "", "2015-12-31": "", "2014-12-31": "", "2013-12-31": "", "2012-12-31": "", "2011-12-31": "", "2010-12-31": "", "2009-12-31": "", "2008-12-31": "", "2007-12-31": "", "2006-12-31": "", "2005-12-31": ""}, "Share Holder Equity": {"2019-12-31": "917.10000", "2018-12-31": "905.10000", "2017-12-31": "733.50000", "2016-12-31": "693.10000", "2015-12-31": "732.90000", "2014-12-31": "771.70000", "2013-12-31": "850.20000", "2012-12-31": "709.70000", "2011-12-31": "624.90000", "2010-12-31": "527.40000", "2009-12-31": "418.80000", "2008-12-31": "312.70000", "2007-12-31": "635.00000", "2006-12-31": "191.46600", "2005-12-31": "229.40700"}, "Total Liabilities And Share Holders Equity": {"2019-12-31": "2771.50000", "2018-12-31": "2128.60000", "2017-12-31": "1948.50000", "2016-12-31": "1808.40000", "2015-12-31": "1730.00000", "2014-12-31": "1864.80000", "2013-12-31": "1988.30000", "2012-12-31": "1856.40000", "2011-12-31": "1710.50000", "2010-12-31": "1549.80000", "2009-12-31": "1172.30000", "2008-12-31": "1116.30000", "2007-12-31": "1310.70000", "2006-12-31": "433.18700", "2005-12-31": "423.64200"}}, "balance sheet, quarterly": {"Cash On Hand": {"2020-09-30": "617.10000", "2020-06-30": "796.80000", "2020-03-31": "851.70000", "2019-12-31": "684.90000", "2019-09-30": "302.40000", "2019-06-30": "288.80000", "2019-03-31": "298.80000", "2018-12-31": "322.40000", "2018-09-30": "270.10000", "2018-06-30": "258.70000", "2018-03-31": "283.90000", "2017-12-31": "439.20000", "2017-09-30": "429.20000", "2017-06-30": "440.30000", "2017-03-31": "464.50000", "2016-12-31": "500.30000", "2016-09-30": "441.50000", "2016-06-30": "420.40000", "2016-03-31": "420.50000", "2015-12-31": "468.30000", "2015-09-30": "532.30000", "2015-06-30": "493.60000", "2015-03-31": "492.30000", "2014-12-31": "497.50000", "2014-09-30": "442.30000", "2014-06-30": "457.60000", "2014-03-31": "454.00000", "2013-12-31": "438.70000", "2013-09-30": "306.80000", "2013-06-30": "250.90000", "2013-03-31": "269.40000", "2012-12-31": "310.60000", "2012-09-30": "242.10000", "2012-06-30": "240.30000", "2012-03-31": "233.10000", "2011-12-31": "246.00000", "2011-09-30": "198.80000", "2011-06-30": "173.10000", "2011-03-31": "196.30000", "2010-12-31": "233.30000", "2010-09-30": "190.50000", "2010-06-30": "190.10000", "2010-03-31": "206.60000", "2009-12-31": "209.10000", "2009-09-30": "150.50000", "2009-06-30": "154.30000", "2009-03-31": "149.90000", "2008-12-31": "167.70000", "2008-09-30": "87.36700", "2008-06-30": "131.79000", "2008-03-31": "321.28200", "2007-12-31": "344.60000", "2007-09-30": "38.90400", "2007-06-30": "41.93300", "2007-03-31": "55.69200", "2006-12-31": "52.14700", "2006-09-30": "44.15100", "2006-06-30": "96.59600", "2006-03-31": "95.97100", "2005-12-31": "109.05100", "2005-09-30": "95.33700", "2005-06-30": "92.03800", "2005-03-31": "84.82200"}, "Receivables": {"2020-09-30": "329.90000", "2020-06-30": "324.50000", "2020-03-31": "325.50000", "2019-12-31": "362.20000", "2019-09-30": "358.80000", "2019-06-30": "348.00000", "2019-03-31": "360.40000", "2018-12-31": "357.20000", "2018-09-30": "323.40000", "2018-06-30": "278.80000", "2018-03-31": "313.60000", "2017-12-31": "319.30000", "2017-09-30": "269.80000", "2017-06-30": "240.40000", "2017-03-31": "225.40000", "2016-12-31": "243.90000", "2016-09-30": "223.60000", "2016-06-30": "206.90000", "2016-03-31": "233.40000", "2015-12-31": "234.70000", "2015-09-30": "242.30000", "2015-06-30": "240.30000", "2015-03-31": "227.60000", "2014-12-31": "293.20000", "2014-09-30": "268.90000", "2014-06-30": "279.60000", "2014-03-31": "295.00000", "2013-12-31": "307.60000", "2013-09-30": "297.70000", "2013-06-30": "300.50000", "2013-03-31": "273.40000", "2012-12-31": "289.30000", "2012-09-30": "264.80000", "2012-06-30": "248.80000", "2012-03-31": "261.80000", "2011-12-31": "282.80000", "2011-09-30": "271.10000", "2011-06-30": "273.70000", "2011-03-31": "250.50000", "2010-12-31": "232.90000", "2010-09-30": "195.40000", "2010-06-30": "161.50000", "2010-03-31": "174.90000", "2009-12-31": "184.10000", "2009-09-30": "151.70000", "2009-06-30": "132.90000", "2009-03-31": "142.90000", "2008-12-31": "171.90000", "2008-09-30": "156.06800", "2008-06-30": "164.23600", "2008-03-31": "165.08100", "2007-12-31": "185.20000", "2007-09-30": "92.20600", "2007-06-30": "74.83700", "2007-03-31": "82.64600", "2006-12-31": "88.63200", "2006-09-30": "76.53600", "2006-06-30": "64.38700", "2006-03-31": "58.56200", "2005-12-31": "74.37700", "2005-09-30": "55.29000", "2005-06-30": "57.52800", "2005-03-31": "67.06400"}, "Inventory": {"2020-09-30": "695.90000", "2020-06-30": "665.40000", "2020-03-31": "625.50000", "2019-12-31": "577.20000", "2019-09-30": "586.70000", "2019-06-30": "594.60000", "2019-03-31": "541.80000", "2018-12-31": "509.60000", "2018-09-30": "518.60000", "2018-06-30": "509.40000", "2018-03-31": "518.00000", "2017-12-31": "486.20000", "2017-09-30": "515.30000", "2017-06-30": "505.10000", "2017-03-31": "476.40000", "2016-12-31": "440.40000", "2016-09-30": "483.10000", "2016-06-30": "471.00000", "2016-03-31": "460.10000", "2015-12-31": "422.00000", "2015-09-30": "478.30000", "2015-06-30": "486.30000", "2015-03-31": "473.90000", "2014-12-31": "477.40000", "2014-09-30": "566.80000", "2014-06-30": "612.10000", "2014-03-31": "620.50000", "2013-12-31": "589.80000", "2013-09-30": "632.00000", "2013-06-30": "601.80000", "2013-03-31": "621.70000", "2012-12-31": "611.50000", "2012-09-30": "632.80000", "2012-06-30": "620.30000", "2012-03-31": "648.00000", "2011-12-31": "576.20000", "2011-09-30": "601.40000", "2011-06-30": "618.70000", "2011-03-31": "571.60000", "2010-12-31": "511.00000", "2010-09-30": "487.80000", "2010-06-30": "424.50000", "2010-03-31": "431.20000", "2009-12-31": "422.80000", "2009-09-30": "443.60000", "2009-06-30": "436.40000", "2009-03-31": "420.40000", "2008-12-31": "425.10000", "2008-09-30": "456.81400", "2008-06-30": "487.50300", "2008-03-31": "511.59700", "2007-12-31": "446.40000", "2007-09-30": "184.24800", "2007-06-30": "169.89500", "2007-03-31": "157.61600", "2006-12-31": "134.50400", "2006-09-30": "133.34700", "2006-06-30": "103.17400", "2006-03-31": "101.56900", "2005-12-31": "117.65500", "2005-09-30": "99.30900", "2005-06-30": "98.35500", "2005-03-31": "103.44400"}, "Pre-Paid Expenses": {"2020-09-30": "", "2020-06-30": "", "2020-03-31": "", "2019-12-31": "", "2019-09-30": "", "2019-06-30": "", "2019-03-31": "", "2018-12-31": "", "2018-09-30": "", "2018-06-30": "", "2018-03-31": "", "2017-12-31": "", "2017-09-30": "", "2017-06-30": "", "2017-03-31": "", "2016-12-31": "", "2016-09-30": "", "2016-06-30": "", "2016-03-31": "", "2015-12-31": "", "2015-09-30": "", "2015-06-30": "", "2015-03-31": "", "2014-12-31": "", "2014-09-30": "", "2014-06-30": "", "2014-03-31": "", "2013-12-31": "", "2013-09-30": "", "2013-06-30": "", "2013-03-31": "", "2012-12-31": "", "2012-09-30": "", "2012-06-30": "", "2012-03-31": "", "2011-12-31": "", "2011-09-30": "", "2011-06-30": "", "2011-03-31": "", "2010-12-31": "", "2010-09-30": "", "2010-06-30": "", "2010-03-31": "", "2009-12-31": "", "2009-09-30": "", "2009-06-30": "", "2009-03-31": "", "2008-12-31": "", "2008-09-30": "", "2008-06-30": "", "2008-03-31": "", "2007-12-31": "", "2007-09-30": "", "2007-06-30": "", "2007-03-31": "", "2006-12-31": "", "2006-09-30": "", "2006-06-30": "", "2006-03-31": "", "2005-12-31": "", "2005-09-30": "", "2005-06-30": "", "2005-03-31": ""}, "Other Current Assets": {"2020-09-30": "183.20000", "2020-06-30": "170.50000", "2020-03-31": "187.30000", "2019-12-31": "172.00000", "2019-09-30": "186.10000", "2019-06-30": "175.00000", "2019-03-31": "142.70000", "2018-12-31": "115.10000", "2018-09-30": "149.40000", "2018-06-30": "135.10000", "2018-03-31": "125.00000", "2017-12-31": "114.10000", "2017-09-30": "122.50000", "2017-06-30": "113.80000", "2017-03-31": "97.80000", "2016-12-31": "91.30000", "2016-09-30": "118.50000", "2016-06-30": "117.10000", "2016-03-31": "111.40000", "2015-12-31": "106.50000", "2015-09-30": "133.50000", "2015-06-30": "134.30000", "2015-03-31": "111.00000", "2014-12-31": "88.90000", "2014-09-30": "121.70000", "2014-06-30": "116.10000", "2014-03-31": "107.20000", "2013-12-31": "86.10000", "2013-09-30": "136.40000", "2013-06-30": "110.60000", "2013-03-31": "113.00000", "2012-12-31": "92.50000", "2012-09-30": "105.20000", "2012-06-30": "102.70000", "2012-03-31": "102.50000", "2011-12-31": "77.60000", "2011-09-30": "97.80000", "2011-06-30": "101.60000", "2011-03-31": "97.40000", "2010-12-31": "65.30000", "2010-09-30": "80.30000", "2010-06-30": "58.50000", "2010-03-31": "61.60000", "2009-12-31": "49.90000", "2009-09-30": "72.70000", "2009-06-30": "65.60000", "2009-03-31": "61.10000", "2008-12-31": "34.40000", "2008-09-30": "71.47300", "2008-06-30": "75.69700", "2008-03-31": "88.50000", "2007-12-31": "57.50000", "2007-09-30": "28.08200", "2007-06-30": "24.99500", "2007-03-31": "23.12100", "2006-12-31": "19.46100", "2006-09-30": "17.42800", "2006-06-30": "11.87900", "2006-03-31": "14.01000", "2005-12-31": "14.16600", "2005-09-30": "13.10300", "2005-06-30": "12.47300", "2005-03-31": "16.93600"}, "Total Current Assets": {"2020-09-30": "1826.10000", "2020-06-30": "1957.20000", "2020-03-31": "1990.00000", "2019-12-31": "1796.30000", "2019-09-30": "1434.00000", "2019-06-30": "1406.40000", "2019-03-31": "1343.70000", "2018-12-31": "1304.30000", "2018-09-30": "1261.50000", "2018-06-30": "1182.00000", "2018-03-31": "1240.50000", "2017-12-31": "1358.80000", "2017-09-30": "1336.80000", "2017-06-30": "1299.60000", "2017-03-31": "1264.10000", "2016-12-31": "1275.90000", "2016-09-30": "1266.70000", "2016-06-30": "1215.40000", "2016-03-31": "1225.40000", "2015-12-31": "1231.50000", "2015-09-30": "1386.40000", "2015-06-30": "1354.50000", "2015-03-31": "1304.80000", "2014-12-31": "1366.30000", "2014-09-30": "1399.70000", "2014-06-30": "1465.40000", "2014-03-31": "1476.70000", "2013-12-31": "1431.90000", "2013-09-30": "1372.90000", "2013-06-30": "1263.80000", "2013-03-31": "1277.50000", "2012-12-31": "1309.70000", "2012-09-30": "1244.90000", "2012-06-30": "1212.10000", "2012-03-31": "1245.40000", "2011-12-31": "1194.10000", "2011-09-30": "1169.10000", "2011-06-30": "1167.10000", "2011-03-31": "1115.80000", "2010-12-31": "1051.10000", "2010-09-30": "954.00000", "2010-06-30": "834.60000", "2010-03-31": "874.30000", "2009-12-31": "873.80000", "2009-09-30": "818.50000", "2009-06-30": "789.20000", "2009-03-31": "774.30000", "2008-12-31": "820.70000", "2008-09-30": "771.72200", "2008-06-30": "859.22600", "2008-03-31": "1086.46000", "2007-12-31": "1033.70000", "2007-09-30": "343.44000", "2007-06-30": "311.66000", "2007-03-31": "319.07500", "2006-12-31": "294.74400", "2006-09-30": "271.46200", "2006-06-30": "276.03600", "2006-03-31": "270.11200", "2005-12-31": "315.24900", "2005-09-30": "263.03900", "2005-06-30": "260.39400", "2005-03-31": "272.26600"}, "Property, Plant, And Equipment": {"2020-09-30": "354.60000", "2020-06-30": "335.90000", "2020-03-31": "318.60000", "2019-12-31": "306.10000", "2019-09-30": "278.10000", "2019-06-30": "281.90000", "2019-03-31": "267.60000", "2018-12-31": "270.60000", "2018-09-30": "260.90000", "2018-06-30": "259.20000", "2018-03-31": "270.00000", "2017-12-31": "266.50000", "2017-09-30": "260.40000", "2017-06-30": "252.80000", "2017-03-31": "241.00000", "2016-12-31": "239.10000", "2016-09-30": "239.40000", "2016-06-30": "236.80000", "2016-03-31": "239.00000", "2015-12-31": "231.10000", "2015-09-30": "232.40000", "2015-06-30": "233.10000", "2015-03-31": "228.70000", "2014-12-31": "249.90000", "2014-09-30": "265.00000", "2014-06-30": "293.40000", "2014-03-31": "296.70000", "2013-12-31": "299.50000", "2013-09-30": "297.40000", "2013-06-30": "287.80000", "2013-03-31": "279.70000", "2012-12-31": "283.60000", "2012-09-30": "272.50000", "2012-06-30": "259.10000", "2012-03-31": "261.80000", "2011-12-31": "249.00000", "2011-09-30": "249.40000", "2011-06-30": "265.90000", "2011-03-31": "246.80000", "2010-12-31": "233.70000", "2010-09-30": "218.70000", "2010-06-30": "199.30000", "2010-03-31": "212.00000", "2009-12-31": "223.40000", "2009-09-30": "226.40000", "2009-06-30": "221.30000", "2009-03-31": "208.60000", "2008-12-31": "221.30000", "2008-09-30": "219.31700", "2008-06-30": "236.32100", "2008-03-31": "231.54100", "2007-12-31": "207.60000", "2007-09-30": "101.01500", "2007-06-30": "95.03500", "2007-03-31": "91.41000", "2006-12-31": "90.34900", "2006-09-30": "87.90800", "2006-06-30": "74.86400", "2006-03-31": "72.81700", "2005-12-31": "85.31300", "2005-09-30": "73.47200", "2005-06-30": "74.65400", "2005-03-31": "80.03300"}, "Long-Term Investments": {"2020-09-30": "", "2020-06-30": "", "2020-03-31": "", "2019-12-31": "", "2019-09-30": "", "2019-06-30": "", "2019-03-31": "", "2018-12-31": "", "2018-09-30": "", "2018-06-30": "", "2018-03-31": "", "2017-12-31": "", "2017-09-30": "", "2017-06-30": "", "2017-03-31": "", "2016-12-31": "", "2016-09-30": "", "2016-06-30": "", "2016-03-31": "", "2015-12-31": "", "2015-09-30": "", "2015-06-30": "", "2015-03-31": "", "2014-12-31": "", "2014-09-30": "", "2014-06-30": "", "2014-03-31": "", "2013-12-31": "", "2013-09-30": "", "2013-06-30": "", "2013-03-31": "", "2012-12-31": "", "2012-09-30": "", "2012-06-30": "", "2012-03-31": "", "2011-12-31": "", "2011-09-30": "", "2011-06-30": "", "2011-03-31": "", "2010-12-31": "", "2010-09-30": "", "2010-06-30": "", "2010-03-31": "", "2009-12-31": "", "2009-09-30": "", "2009-06-30": "", "2009-03-31": "", "2008-12-31": "", "2008-09-30": "", "2008-06-30": "", "2008-03-31": "", "2007-12-31": "", "2007-09-30": "", "2007-06-30": "", "2007-03-31": "", "2006-12-31": "", "2006-09-30": "", "2006-06-30": "", "2006-03-31": "", "2005-12-31": "", "2005-09-30": "", "2005-06-30": "", "2005-03-31": ""}, "Goodwill And Intangible Assets": {"2020-09-30": "638.00000", "2020-06-30": "590.30000", "2020-03-31": "591.00000", "2019-12-31": "603.50000", "2019-09-30": "571.10000", "2019-06-30": "586.90000", "2019-03-31": "553.80000", "2018-12-31": "494.40000", "2018-09-30": "366.70000", "2018-06-30": "364.80000", "2018-03-31": "320.00000", "2017-12-31": "252.20000", "2017-09-30": "364.30000", "2017-06-30": "360.50000", "2017-03-31": "334.80000", "2016-12-31": "200.30000", "2016-09-30": "291.80000", "2016-06-30": "268.30000", "2016-03-31": "275.40000", "2015-12-31": "205.30000", "2015-09-30": "224.10000", "2015-06-30": "232.80000", "2015-03-31": "239.20000", "2014-12-31": "211.60000", "2014-09-30": "245.90000", "2014-06-30": "245.10000", "2014-03-31": "254.30000", "2013-12-31": "233.00000", "2013-09-30": "265.90000", "2013-06-30": "250.20000", "2013-03-31": "254.70000", "2012-12-31": "232.90000", "2012-09-30": "282.60000", "2012-06-30": "278.90000", "2012-03-31": "290.10000", "2011-12-31": "236.60000", "2011-09-30": "251.90000", "2011-06-30": "266.90000", "2011-03-31": "261.30000", "2010-12-31": "234.40000", "2010-09-30": "104.40000", "2010-06-30": "106.60000", "2010-03-31": "73.30000", "2009-12-31": "52.40000", "2009-09-30": "79.30000", "2009-06-30": "77.00000", "2009-03-31": "76.20000", "2008-12-31": "52.40000", "2008-09-30": "86.47100", "2008-06-30": "75.89500", "2008-03-31": "79.42800", "2007-12-31": "47.00000", "2007-09-30": "53.90900", "2007-06-30": "53.79100", "2007-03-31": "52.60900", "2006-12-31": "45.35600", "2006-09-30": "49.99700", "2006-06-30": "28.82600", "2006-03-31": "27.05100", "2005-12-31": "19.04900", "2005-09-30": "14.83500", "2005-06-30": "14.99300", "2005-03-31": "15.14900"}, "Other Long-Term Assets": {"2020-09-30": "", "2020-06-30": "", "2020-03-31": "", "2019-12-31": "", "2019-09-30": "", "2019-06-30": "", "2019-03-31": "", "2018-12-31": "8.40000", "2018-09-30": "", "2018-06-30": "", "2018-03-31": "", "2017-12-31": "14.00000", "2017-09-30": "", "2017-06-30": "", "2017-03-31": "", "2016-12-31": "16.60000", "2016-09-30": "", "2016-06-30": "", "2016-03-31": "", "2015-12-31": "9.10000", "2015-09-30": "", "2015-06-30": "", "2015-03-31": "", "2014-12-31": "7.30000", "2014-09-30": "", "2014-06-30": "", "2014-03-31": "", "2013-12-31": "5.20000", "2013-09-30": "", "2013-06-30": "", "2013-03-31": "", "2012-12-31": "12.60000", "2012-09-30": "", "2012-06-30": "", "2012-03-31": "", "2011-12-31": "13.60000", "2011-09-30": "", "2011-06-30": "", "2011-03-31": "", "2010-12-31": "18.10000", "2010-09-30": "", "2010-06-30": "", "2010-03-31": "", "2009-12-31": "9.30000", "2009-09-30": "", "2009-06-30": "", "2009-03-31": "", "2008-12-31": "8.30000", "2008-09-30": "", "2008-06-30": "", "2008-03-31": "", "2007-12-31": "22.40000", "2007-09-30": "", "2007-06-30": "", "2007-03-31": "", "2006-12-31": "2.73800", "2006-09-30": "", "2006-06-30": "", "2006-03-31": "", "2005-12-31": "4.03100", "2005-09-30": "", "2005-06-30": "", "2005-03-31": ""}, "Total Long-Term Assets": {"2020-09-30": "1053.30000", "2020-06-30": "986.20000", "2020-03-31": "971.90000", "2019-12-31": "975.20000", "2019-09-30": "918.10000", "2019-06-30": "943.30000", "2019-03-31": "898.80000", "2018-12-31": "824.30000", "2018-09-30": "627.60000", "2018-06-30": "624.00000", "2018-03-31": "590.00000", "2017-12-31": "589.70000", "2017-09-30": "624.70000", "2017-06-30": "613.30000", "2017-03-31": "575.80000", "2016-12-31": "532.50000", "2016-09-30": "531.20000", "2016-06-30": "505.10000", "2016-03-31": "514.40000", "2015-12-31": "498.50000", "2015-09-30": "456.50000", "2015-06-30": "465.90000", "2015-03-31": "467.90000", "2014-12-31": "498.50000", "2014-09-30": "510.90000", "2014-06-30": "538.50000", "2014-03-31": "551.00000", "2013-12-31": "556.40000", "2013-09-30": "563.30000", "2013-06-30": "538.00000", "2013-03-31": "534.40000", "2012-12-31": "546.70000", "2012-09-30": "555.10000", "2012-06-30": "538.00000", "2012-03-31": "551.90000", "2011-12-31": "516.40000", "2011-09-30": "501.30000", "2011-06-30": "532.80000", "2011-03-31": "508.10000", "2010-12-31": "498.70000", "2010-09-30": "323.10000", "2010-06-30": "305.90000", "2010-03-31": "285.30000", "2009-12-31": "298.50000", "2009-09-30": "305.70000", "2009-06-30": "298.30000", "2009-03-31": "284.80000", "2008-12-31": "295.60000", "2008-09-30": "305.78800", "2008-06-30": "312.21600", "2008-03-31": "310.96900", "2007-12-31": "277.00000", "2007-09-30": "154.92400", "2007-06-30": "148.82600", "2007-03-31": "144.01900", "2006-12-31": "138.44300", "2006-09-30": "137.90500", "2006-06-30": "103.69000", "2006-03-31": "99.86800", "2005-12-31": "108.39300", "2005-09-30": "88.30700", "2005-06-30": "89.64700", "2005-03-31": "95.18200"}, "Total Assets": {"2020-09-30": "2879.40000", "2020-06-30": "2943.40000", "2020-03-31": "2961.90000", "2019-12-31": "2771.50000", "2019-09-30": "2352.10000", "2019-06-30": "2349.70000", "2019-03-31": "2242.50000", "2018-12-31": "2128.60000", "2018-09-30": "1889.10000", "2018-06-30": "1806.00000", "2018-03-31": "1830.50000", "2017-12-31": "1948.50000", "2017-09-30": "1961.50000", "2017-06-30": "1912.90000", "2017-03-31": "1839.90000", "2016-12-31": "1808.40000", "2016-09-30": "1797.90000", "2016-06-30": "1720.50000", "2016-03-31": "1739.80000", "2015-12-31": "1730.00000", "2015-09-30": "1842.90000", "2015-06-30": "1820.40000", "2015-03-31": "1772.70000", "2014-12-31": "1864.80000", "2014-09-30": "1910.60000", "2014-06-30": "2003.90000", "2014-03-31": "2027.70000", "2013-12-31": "1988.30000", "2013-09-30": "1936.20000", "2013-06-30": "1801.80000", "2013-03-31": "1811.90000", "2012-12-31": "1856.40000", "2012-09-30": "1800.00000", "2012-06-30": "1750.10000", "2012-03-31": "1797.30000", "2011-12-31": "1710.50000", "2011-09-30": "1670.40000", "2011-06-30": "1699.90000", "2011-03-31": "1623.90000", "2010-12-31": "1549.80000", "2010-09-30": "1277.10000", "2010-06-30": "1140.50000", "2010-03-31": "1159.60000", "2009-12-31": "1172.30000", "2009-09-30": "1124.20000", "2009-06-30": "1087.50000", "2009-03-31": "1059.10000", "2008-12-31": "1116.30000", "2008-09-30": "1077.51000", "2008-06-30": "1171.44200", "2008-03-31": "1397.42900", "2007-12-31": "1310.70000", "2007-09-30": "498.36400", "2007-06-30": "460.48600", "2007-03-31": "463.09400", "2006-12-31": "433.18700", "2006-09-30": "409.36700", "2006-06-30": "379.72600", "2006-03-31": "369.98000", "2005-12-31": "423.64200", "2005-09-30": "351.34600", "2005-06-30": "350.04100", "2005-03-31": "367.44800"}, "Total Current Liabilities": {"2020-09-30": "683.20000", "2020-06-30": "749.70000", "2020-03-31": "765.80000", "2019-12-31": "645.60000", "2019-09-30": "643.00000", "2019-06-30": "641.00000", "2019-03-31": "632.70000", "2018-12-31": "599.30000", "2018-09-30": "563.10000", "2018-06-30": "531.50000", "2018-03-31": "558.70000", "2017-12-31": "524.50000", "2017-09-30": "513.50000", "2017-06-30": "493.60000", "2017-03-31": "514.90000", "2016-12-31": "524.70000", "2016-09-30": "552.60000", "2016-06-30": "535.10000", "2016-03-31": "541.70000", "2015-12-31": "554.50000", "2015-09-30": "676.10000", "2015-06-30": "652.00000", "2015-03-31": "540.50000", "2014-12-31": "582.70000", "2014-09-30": "610.00000", "2014-06-30": "628.50000", "2014-03-31": "671.10000", "2013-12-31": "648.60000", "2013-09-30": "646.80000", "2013-06-30": "602.80000", "2013-03-31": "643.20000", "2012-12-31": "681.80000", "2012-09-30": "686.50000", "2012-06-30": "751.90000", "2012-03-31": "771.50000", "2011-12-31": "755.80000", "2011-09-30": "919.50000", "2011-06-30": "901.70000", "2011-03-31": "871.30000", "2010-12-31": "831.50000", "2010-09-30": "591.60000", "2010-06-30": "543.20000", "2010-03-31": "544.00000", "2009-12-31": "540.50000", "2009-09-30": "521.00000", "2009-06-30": "519.20000", "2009-03-31": "491.90000", "2008-12-31": "519.70000", "2008-09-30": "509.35300", "2008-06-30": "576.42800", "2008-03-31": "831.61100", "2007-12-31": "561.10000", "2007-09-30": "210.44900", "2007-06-30": "189.75700", "2007-03-31": "199.71100", "2006-12-31": "195.12800", "2006-09-30": "177.58600", "2006-06-30": "116.39000", "2006-03-31": "114.48600", "2005-12-31": "147.85900", "2005-09-30": "108.69100", "2005-06-30": "103.85700", "2005-03-31": "111.70300"}, "Long Term Debt": {"2020-09-30": "828.20000", "2020-06-30": "924.20000", "2020-03-31": "914.80000", "2019-12-31": "812.80000", "2019-09-30": "518.50000", "2019-06-30": "493.90000", "2019-03-31": "332.00000", "2018-12-31": "322.60000", "2018-09-30": "225.20000", "2018-06-30": "205.60000", "2018-03-31": "205.60000", "2017-12-31": "415.60000", "2017-09-30": "480.50000", "2017-06-30": "430.70000", "2017-03-31": "384.70000", "2016-12-31": "391.60000", "2016-09-30": "344.70000", "2016-06-30": "322.70000", "2016-03-31": "281.80000", "2015-12-31": "265.20000", "2015-09-30": "241.10000", "2015-06-30": "241.40000", "2015-03-31": "353.90000", "2014-12-31": "354.20000", "2014-09-30": "354.50000", "2014-06-30": "354.90000", "2014-03-31": "354.10000", "2013-12-31": "354.30000", "2013-09-30": "354.70000", "2013-06-30": "335.40000", "2013-03-31": "335.50000", "2012-12-31": "335.90000", "2012-09-30": "298.00000", "2012-06-30": "243.30000", "2012-03-31": "243.30000", "2011-12-31": "219.40000", "2011-09-30": "40.80000", "2011-06-30": "60.20000", "2011-03-31": "79.00000", "2010-12-31": "86.60000", "2010-09-30": "94.30000", "2010-06-30": "101.60000", "2010-03-31": "109.60000", "2009-12-31": "115.70000", "2009-09-30": "120.40000", "2009-06-30": "127.60000", "2009-03-31": "172.70000", "2008-12-31": "182.80000", "2008-09-30": "169.70300", "2008-06-30": "175.71900", "2008-03-31": "169.42800", "2007-12-31": "8.60000", "2007-09-30": "18.07800", "2007-06-30": "17.56400", "2007-03-31": "22.78200", "2006-12-31": "22.86300", "2006-09-30": "27.02200", "2006-06-30": "21.96900", "2006-03-31": "21.37200", "2005-12-31": "25.07000", "2005-09-30": "21.82100", "2005-06-30": "23.91000", "2005-03-31": "26.26300"}, "Other Non-Current Liabilities": {"2020-09-30": "363.20000", "2020-06-30": "320.50000", "2020-03-31": "312.40000", "2019-12-31": "327.90000", "2019-09-30": "264.30000", "2019-06-30": "267.30000", "2019-03-31": "275.70000", "2018-12-31": "99.10000", "2018-09-30": "275.60000", "2018-06-30": "283.60000", "2018-03-31": "275.90000", "2017-12-31": "96.30000", "2017-09-30": "227.60000", "2017-06-30": "225.50000", "2017-03-31": "208.70000", "2016-12-31": "39.60000", "2016-09-30": "199.70000", "2016-06-30": "192.30000", "2016-03-31": "207.20000", "2015-12-31": "31.90000", "2015-09-30": "157.70000", "2015-06-30": "159.50000", "2015-03-31": "156.70000", "2014-12-31": "35.10000", "2014-09-30": "133.00000", "2014-06-30": "135.10000", "2014-03-31": "134.20000", "2013-12-31": "38.40000", "2013-09-30": "154.10000", "2013-06-30": "140.90000", "2013-03-31": "140.60000", "2012-12-31": "22.00000", "2012-09-30": "119.80000", "2012-06-30": "113.30000", "2012-03-31": "120.40000", "2011-12-31": "14.70000", "2011-09-30": "107.00000", "2011-06-30": "107.20000", "2011-03-31": "102.10000", "2010-12-31": "16.80000", "2010-09-30": "97.20000", "2010-06-30": "83.10000", "2010-03-31": "88.10000", "2009-12-31": "10.30000", "2009-09-30": "109.30000", "2009-06-30": "104.20000", "2009-03-31": "96.70000", "2008-12-31": "12.80000", "2008-09-30": "103.27400", "2008-06-30": "109.71300", "2008-03-31": "106.00500", "2007-12-31": "44.60000", "2007-09-30": "31.32100", "2007-06-30": "31.51500", "2007-03-31": "26.02300", "2006-12-31": "12.37500", "2006-09-30": "28.28800", "2006-06-30": "23.29300", "2006-03-31": "21.74800", "2005-12-31": "11.67500", "2005-09-30": "13.91500", "2005-06-30": "15.99700", "2005-03-31": "17.03500"}, "Total Long Term Liabilities": {"2020-09-30": "1233.50000", "2020-06-30": "1287.10000", "2020-03-31": "1271.50000", "2019-12-31": "1208.80000", "2019-09-30": "854.40000", "2019-06-30": "838.60000", "2019-03-31": "688.00000", "2018-12-31": "624.20000", "2018-09-30": "500.80000", "2018-06-30": "489.20000", "2018-03-31": "481.50000", "2017-12-31": "690.50000", "2017-09-30": "708.10000", "2017-06-30": "656.20000", "2017-03-31": "593.40000", "2016-12-31": "590.60000", "2016-09-30": "544.40000", "2016-06-30": "515.00000", "2016-03-31": "489.00000", "2015-12-31": "442.60000", "2015-09-30": "398.80000", "2015-06-30": "400.90000", "2015-03-31": "510.60000", "2014-12-31": "510.40000", "2014-09-30": "487.50000", "2014-06-30": "490.00000", "2014-03-31": "488.30000", "2013-12-31": "489.50000", "2013-09-30": "508.80000", "2013-06-30": "476.30000", "2013-03-31": "476.10000", "2012-12-31": "464.90000", "2012-09-30": "417.80000", "2012-06-30": "356.60000", "2012-03-31": "363.70000", "2011-12-31": "329.80000", "2011-09-30": "147.80000", "2011-06-30": "167.40000", "2011-03-31": "181.10000", "2010-12-31": "190.90000", "2010-09-30": "191.50000", "2010-06-30": "184.70000", "2010-03-31": "197.70000", "2009-12-31": "213.00000", "2009-09-30": "229.70000", "2009-06-30": "231.80000", "2009-03-31": "269.40000", "2008-12-31": "283.90000", "2008-09-30": "273.78700", "2008-06-30": "286.18500", "2008-03-31": "276.10500", "2007-12-31": "114.60000", "2007-09-30": "49.39900", "2007-06-30": "49.07900", "2007-03-31": "48.80500", "2006-12-31": "46.59300", "2006-09-30": "55.31000", "2006-06-30": "45.26200", "2006-03-31": "43.12000", "2005-12-31": "46.37600", "2005-09-30": "35.73600", "2005-06-30": "39.90700", "2005-03-31": "43.29800"}, "Total Liabilities": {"2020-09-30": "1916.70000", "2020-06-30": "2036.80000", "2020-03-31": "2037.30000", "2019-12-31": "1854.40000", "2019-09-30": "1497.40000", "2019-06-30": "1479.60000", "2019-03-31": "1320.70000", "2018-12-31": "1223.50000", "2018-09-30": "1063.90000", "2018-06-30": "1020.70000", "2018-03-31": "1040.20000", "2017-12-31": "1215.00000", "2017-09-30": "1221.60000", "2017-06-30": "1149.80000", "2017-03-31": "1108.30000", "2016-12-31": "1115.30000", "2016-09-30": "1097.00000", "2016-06-30": "1050.10000", "2016-03-31": "1030.70000", "2015-12-31": "997.10000", "2015-09-30": "1074.90000", "2015-06-30": "1052.90000", "2015-03-31": "1051.10000", "2014-12-31": "1093.10000", "2014-09-30": "1097.50000", "2014-06-30": "1118.50000", "2014-03-31": "1159.40000", "2013-12-31": "1138.10000", "2013-09-30": "1155.60000", "2013-06-30": "1079.10000", "2013-03-31": "1119.30000", "2012-12-31": "1146.70000", "2012-09-30": "1104.30000", "2012-06-30": "1108.50000", "2012-03-31": "1135.20000", "2011-12-31": "1085.60000", "2011-09-30": "1067.30000", "2011-06-30": "1069.10000", "2011-03-31": "1052.40000", "2010-12-31": "1022.40000", "2010-09-30": "783.10000", "2010-06-30": "727.90000", "2010-03-31": "741.70000", "2009-12-31": "753.50000", "2009-09-30": "750.70000", "2009-06-30": "751.00000", "2009-03-31": "761.30000", "2008-12-31": "803.60000", "2008-09-30": "783.14000", "2008-06-30": "862.61300", "2008-03-31": "1107.71600", "2007-12-31": "675.70000", "2007-09-30": "259.84800", "2007-06-30": "238.83600", "2007-03-31": "248.51600", "2006-12-31": "241.72100", "2006-09-30": "232.89600", "2006-06-30": "161.65200", "2006-03-31": "157.60600", "2005-12-31": "194.23500", "2005-09-30": "144.42700", "2005-06-30": "143.76400", "2005-03-31": "155.00100"}, "Common Stock Net": {"2020-09-30": "1.70000", "2020-06-30": "1.70000", "2020-03-31": "1.70000", "2019-12-31": "1.70000", "2019-09-30": "1.70000", "2019-06-30": "1.70000", "2019-03-31": "1.70000", "2018-12-31": "1.70000", "2018-09-30": "1.70000", "2018-06-30": "1.70000", "2018-03-31": "1.70000", "2017-12-31": "1.70000", "2017-09-30": "1.70000", "2017-06-30": "1.70000", "2017-03-31": "1.70000", "2016-12-31": "1.70000", "2016-09-30": "1.70000", "2016-06-30": "1.70000", "2016-03-31": "1.70000", "2015-12-31": "1.70000", "2015-09-30": "1.70000", "2015-06-30": "1.70000", "2015-03-31": "1.70000", "2014-12-31": "1.70000", "2014-09-30": "1.70000", "2014-06-30": "1.70000", "2014-03-31": "1.70000", "2013-12-31": "1.70000", "2013-09-30": "1.70000", "2013-06-30": "1.70000", "2013-03-31": "1.70000", "2012-12-31": "1.70000", "2012-09-30": "1.70000", "2012-06-30": "1.70000", "2012-03-31": "1.70000", "2011-12-31": "1.70000", "2011-09-30": "1.60000", "2011-06-30": "1.60000", "2011-03-31": "1.60000", "2010-12-31": "1.60000", "2010-09-30": "1.60000", "2010-06-30": "1.60000", "2010-03-31": "1.60000", "2009-12-31": "1.60000", "2009-09-30": "1.60000", "2009-06-30": "1.60000", "2009-03-31": "1.60000", "2008-12-31": "1.60000", "2008-09-30": "1.63300", "2008-06-30": "1.62800", "2008-03-31": "1.62600", "2007-12-31": "1.60000", "2007-09-30": "1.04700", "2007-06-30": "1.04700", "2007-03-31": "1.04600", "2006-12-31": "1.02000", "2006-09-30": "1.01700", "2006-06-30": "0.90100", "2006-03-31": "0.90100", "2005-12-31": "1.01100", "2005-09-30": "0.89500", "2005-06-30": "0.89500", "2005-03-31": "0.89500"}, "Retained Earnings (Accumulated Deficit)": {"2020-09-30": "", "2020-06-30": "", "2020-03-31": "", "2019-12-31": "", "2019-09-30": "", "2019-06-30": "", "2019-03-31": "", "2018-12-31": "1102.50000", "2018-09-30": "", "2018-06-30": "", "2018-03-31": "", "2017-12-31": "942.00000", "2017-09-30": "", "2017-06-30": "", "2017-03-31": "", "2016-12-31": "885.20000", "2016-09-30": "", "2016-06-30": "", "2016-03-31": "", "2015-12-31": "757.40000", "2015-09-30": "", "2015-06-30": "", "2015-03-31": "", "2014-12-31": "655.80000", "2014-09-30": "", "2014-06-30": "", "2014-03-31": "", "2013-12-31": "599.10000", "2013-09-30": "", "2013-06-30": "", "2013-03-31": "", "2012-12-31": "519.00000", "2012-09-30": "506.20000", "2012-06-30": "466.50000", "2012-03-31": "", "2011-12-31": "441.50000", "2011-09-30": "", "2011-06-30": "", "2011-03-31": "", "2010-12-31": "349.20000", "2010-09-30": "", "2010-06-30": "", "2010-03-31": "", "2009-12-31": "253.80000", "2009-09-30": "", "2009-06-30": "", "2009-03-31": "", "2008-12-31": "172.60000", "2008-09-30": "", "2008-06-30": "", "2008-03-31": "", "2007-12-31": "282.60000", "2007-09-30": "", "2007-06-30": "", "2007-03-31": "", "2006-12-31": "17.46700", "2006-09-30": "", "2006-06-30": "", "2006-03-31": "", "2005-12-31": "-1.01400", "2005-09-30": "", "2005-06-30": "", "2005-03-31": ""}, "Comprehensive Income": {"2020-09-30": "-5.20000", "2020-06-30": "-13.50000", "2020-03-31": "-23.30000", "2019-12-31": "-25.50000", "2019-09-30": "-18.80000", "2019-06-30": "15.40000", "2019-03-31": "3.30000", "2018-12-31": "17.00000", "2018-09-30": "12.70000", "2018-06-30": "14.80000", "2018-03-31": "51.20000", "2017-12-31": "27.00000", "2017-09-30": "10.50000", "2017-06-30": "-13.00000", "2017-03-31": "-60.20000", "2016-12-31": "-75.90000", "2016-09-30": "-15.40000", "2016-06-30": "-28.70000", "2016-03-31": "-11.80000", "2015-12-31": "-44.20000", "2015-09-30": "-7.70000", "2015-06-30": "0.20000", "2015-03-31": "-36.00000", "2014-12-31": "28.20000", "2014-09-30": "98.70000", "2014-06-30": "181.70000", "2014-03-31": "185.20000", "2013-12-31": "182.40000", "2013-09-30": "150.80000", "2013-06-30": "114.20000", "2013-03-31": "109.20000", "2012-12-31": "137.80000", "2012-09-30": "", "2012-06-30": "", "2012-03-31": "", "2011-12-31": "142.50000", "2011-09-30": "", "2011-06-30": "", "2011-03-31": "", "2010-12-31": "152.40000", "2010-09-30": "", "2010-06-30": "", "2010-03-31": "", "2009-12-31": "153.50000", "2009-09-30": "", "2009-06-30": "", "2009-03-31": "", "2008-12-31": "137.80000", "2008-09-30": "", "2008-06-30": "", "2008-03-31": "", "2007-12-31": "148.50000", "2007-09-30": "", "2007-06-30": "", "2007-03-31": "", "2006-12-31": "23.51900", "2006-09-30": "", "2006-06-30": "", "2006-03-31": "", "2005-12-31": "11.69400", "2005-09-30": "", "2005-06-30": "", "2005-03-31": ""}, "Other Share Holders Equity": {"2020-09-30": "1554.40000", "2020-06-30": "1503.00000", "2020-03-31": "1481.00000", "2019-12-31": "1474.40000", "2019-09-30": "1406.10000", "2019-06-30": "1345.20000", "2019-03-31": "1309.70000", "2018-12-31": "", "2018-09-30": "1204.00000", "2018-06-30": "1161.50000", "2018-03-31": "1129.90000", "2017-12-31": "", "2017-09-30": "1100.50000", "2017-06-30": "1060.30000", "2017-03-31": "1032.50000", "2016-12-31": "", "2016-09-30": "942.50000", "2016-06-30": "899.00000", "2016-03-31": "886.30000", "2015-12-31": "", "2015-09-30": "792.20000", "2015-06-30": "777.10000", "2015-03-31": "751.00000", "2014-12-31": "", "2014-09-30": "708.00000", "2014-06-30": "697.50000", "2014-03-31": "676.30000", "2013-12-31": "", "2013-09-30": "625.20000", "2013-06-30": "603.40000", "2013-03-31": "578.50000", "2012-12-31": "", "2012-09-30": "185.00000", "2012-06-30": "170.70000", "2012-03-31": "657.10000", "2011-12-31": "", "2011-09-30": "598.10000", "2011-06-30": "626.00000", "2011-03-31": "566.90000", "2010-12-31": "", "2010-09-30": "490.40000", "2010-06-30": "409.50000", "2010-03-31": "414.90000", "2009-12-31": "", "2009-09-30": "371.20000", "2009-06-30": "333.80000", "2009-03-31": "295.50000", "2008-12-31": "", "2008-09-30": "292.85200", "2008-06-30": "307.31000", "2008-03-31": "288.18500", "2007-12-31": "", "2007-09-30": "237.56100", "2007-06-30": "220.69500", "2007-03-31": "213.56500", "2006-12-31": "", "2006-09-30": "175.45400", "2006-06-30": "217.17300", "2006-03-31": "211.47300", "2005-12-31": "", "2005-09-30": "206.02400", "2005-06-30": "205.38200", "2005-03-31": "211.55200"}, "Share Holder Equity": {"2020-09-30": "962.70000", "2020-06-30": "906.60000", "2020-03-31": "924.60000", "2019-12-31": "917.10000", "2019-09-30": "854.70000", "2019-06-30": "870.10000", "2019-03-31": "921.60000", "2018-12-31": "905.10000", "2018-09-30": "825.20000", "2018-06-30": "785.30000", "2018-03-31": "790.30000", "2017-12-31": "733.50000", "2017-09-30": "739.90000", "2017-06-30": "763.10000", "2017-03-31": "731.60000", "2016-12-31": "693.10000", "2016-09-30": "700.90000", "2016-06-30": "670.40000", "2016-03-31": "709.10000", "2015-12-31": "732.90000", "2015-09-30": "768.00000", "2015-06-30": "767.50000", "2015-03-31": "721.60000", "2014-12-31": "771.70000", "2014-09-30": "813.10000", "2014-06-30": "885.40000", "2014-03-31": "868.30000", "2013-12-31": "850.20000", "2013-09-30": "780.60000", "2013-06-30": "722.70000", "2013-03-31": "692.60000", "2012-12-31": "709.70000", "2012-09-30": "695.70000", "2012-06-30": "641.60000", "2012-03-31": "662.10000", "2011-12-31": "624.90000", "2011-09-30": "603.10000", "2011-06-30": "630.80000", "2011-03-31": "571.50000", "2010-12-31": "527.40000", "2010-09-30": "494.00000", "2010-06-30": "412.60000", "2010-03-31": "417.90000", "2009-12-31": "418.80000", "2009-09-30": "373.50000", "2009-06-30": "336.50000", "2009-03-31": "297.80000", "2008-12-31": "312.70000", "2008-09-30": "294.37000", "2008-06-30": "308.82900", "2008-03-31": "289.71300", "2007-12-31": "635.00000", "2007-09-30": "238.51600", "2007-06-30": "221.65000", "2007-03-31": "214.57800", "2006-12-31": "191.46600", "2006-09-30": "176.47100", "2006-06-30": "218.07400", "2006-03-31": "212.37400", "2005-12-31": "229.40700", "2005-09-30": "206.91900", "2005-06-30": "206.27700", "2005-03-31": "212.44700"}, "Total Liabilities And Share Holders Equity": {"2020-09-30": "2879.40000", "2020-06-30": "2943.40000", "2020-03-31": "2961.90000", "2019-12-31": "2771.50000", "2019-09-30": "2352.10000", "2019-06-30": "2349.70000", "2019-03-31": "2242.30000", "2018-12-31": "2128.60000", "2018-09-30": "1889.10000", "2018-06-30": "1806.00000", "2018-03-31": "1830.50000", "2017-12-31": "1948.50000", "2017-09-30": "1961.50000", "2017-06-30": "1912.90000", "2017-03-31": "1839.90000", "2016-12-31": "1808.40000", "2016-09-30": "1797.90000", "2016-06-30": "1720.50000", "2016-03-31": "1739.80000", "2015-12-31": "1730.00000", "2015-09-30": "1842.90000", "2015-06-30": "1820.40000", "2015-03-31": "1772.70000", "2014-12-31": "1864.80000", "2014-09-30": "1910.60000", "2014-06-30": "2003.90000", "2014-03-31": "2027.70000", "2013-12-31": "1988.30000", "2013-09-30": "1936.20000", "2013-06-30": "1801.80000", "2013-03-31": "1811.90000", "2012-12-31": "1856.40000", "2012-09-30": "1800.00000", "2012-06-30": "1750.10000", "2012-03-31": "1797.30000", "2011-12-31": "1710.50000", "2011-09-30": "1670.40000", "2011-06-30": "1699.90000", "2011-03-31": "1623.90000", "2010-12-31": "1549.80000", "2010-09-30": "1277.10000", "2010-06-30": "1140.50000", "2010-03-31": "1159.60000", "2009-12-31": "1172.30000", "2009-09-30": "1124.20000", "2009-06-30": "1087.50000", "2009-03-31": "1059.10000", "2008-12-31": "1116.30000", "2008-09-30": "1077.51000", "2008-06-30": "1171.44200", "2008-03-31": "1397.42900", "2007-12-31": "1310.70000", "2007-09-30": "498.36400", "2007-06-30": "460.48600", "2007-03-31": "463.09400", "2006-12-31": "433.18700", "2006-09-30": "409.36700", "2006-06-30": "379.72600", "2006-03-31": "369.98000", "2005-12-31": "423.64200", "2005-09-30": "351.34600", "2005-06-30": "350.04100", "2005-03-31": "367.44800"}}, "cash flow statement": {"Net Income/Loss": {"2019-12-31": "198.00000", "2018-12-31": "181.00000", "2017-12-31": "80.30000", "2016-12-31": "154.50000", "2015-12-31": "104.90000", "2014-12-31": "59.60000", "2013-12-31": "81.80000", "2012-12-31": "78.20000", "2011-12-31": "94.00000", "2010-12-31": "96.80000", "2009-12-31": "81.00000", "2008-12-31": "65.20000", "2007-12-31": "99.20000", "2006-12-31": "74.40000", "2005-12-31": "9.74700"}, "Total Depreciation And Amortization - Cash Flow": {"2019-12-31": "75.60000", "2018-12-31": "64.90000", "2017-12-31": "63.90000", "2016-12-31": "54.30000", "2015-12-31": "53.30000", "2014-12-31": "59.70000", "2013-12-31": "61.30000", "2012-12-31": "59.10000", "2011-12-31": "52.90000", "2010-12-31": "36.10000", "2009-12-31": "30.40000", "2008-12-31": "29.90000", "2007-12-31": "27.90000", "2006-12-31": "26.00000", "2005-12-31": "10.50600"}, "Other Non-Cash Items": {"2019-12-31": "14.30000", "2018-12-31": "36.00000", "2017-12-31": "50.80000", "2016-12-31": "10.80000", "2015-12-31": "24.70000", "2014-12-31": "34.30000", "2013-12-31": "47.90000", "2012-12-31": "54.10000", "2011-12-31": "34.30000", "2010-12-31": "29.60000", "2009-12-31": "28.80000", "2008-12-31": "27.40000", "2007-12-31": "1.30000", "2006-12-31": "6.20000", "2005-12-31": "1.17800"}, "Total Non-Cash Items": {"2019-12-31": "89.90000", "2018-12-31": "100.90000", "2017-12-31": "114.70000", "2016-12-31": "65.10000", "2015-12-31": "78.00000", "2014-12-31": "94.00000", "2013-12-31": "109.20000", "2012-12-31": "113.20000", "2011-12-31": "87.20000", "2010-12-31": "65.70000", "2009-12-31": "59.20000", "2008-12-31": "57.30000", "2007-12-31": "29.20000", "2006-12-31": "32.20000", "2005-12-31": "11.68400"}, "Change In Accounts Receivable": {"2019-12-31": "-5.00000", "2018-12-31": "-30.50000", "2017-12-31": "-55.50000", "2016-12-31": "-8.40000", "2015-12-31": "45.00000", "2014-12-31": "-14.50000", "2013-12-31": "-19.30000", "2012-12-31": "1.60000", "2011-12-31": "-52.80000", "2010-12-31": "-27.30000", "2009-12-31": "-9.40000", "2008-12-31": "33.00000", "2007-12-31": "-30.00000", "2006-12-31": "0.10000", "2005-12-31": "-2.25300"}, "Change In Inventories": {"2019-12-31": "-60.20000", "2018-12-31": "-35.50000", "2017-12-31": "-6.60000", "2016-12-31": "-43.20000", "2015-12-31": "-5.40000", "2014-12-31": "4.60000", "2013-12-31": "5.70000", "2012-12-31": "-49.50000", "2011-12-31": "-103.30000", "2010-12-31": "-68.00000", "2009-12-31": "-4.40000", "2008-12-31": "-16.50000", "2007-12-31": "-3.50000", "2006-12-31": "-5.90000", "2005-12-31": "-0.83500"}, "Change In Accounts Payable": {"2019-12-31": "15.90000", "2018-12-31": "5.00000", "2017-12-31": "33.70000", "2016-12-31": "-19.60000", "2015-12-31": "12.60000", "2014-12-31": "9.00000", "2013-12-31": "7.00000", "2012-12-31": "4.60000", "2011-12-31": "23.40000", "2010-12-31": "29.60000", "2009-12-31": "5.70000", "2008-12-31": "-39.30000", "2007-12-31": "2.30000", "2006-12-31": "-7.00000", "2005-12-31": "0.57300"}, "Change In Assets/Liabilities": {"2019-12-31": "-38.30000", "2018-12-31": "14.80000", "2017-12-31": "-17.40000", "2016-12-31": "9.20000", "2015-12-31": "-28.60000", "2014-12-31": "-44.00000", "2013-12-31": "-10.70000", "2012-12-31": "-2.00000", "2011-12-31": "40.00000", "2010-12-31": "38.70000", "2009-12-31": "17.70000", "2008-12-31": "7.20000", "2007-12-31": "10.40000", "2006-12-31": "-7.90000", "2005-12-31": "19.80400"}, "Total Change In Assets/Liabilities": {"2019-12-31": "-74.50000", "2018-12-31": "-42.20000", "2017-12-31": "-40.60000", "2016-12-31": "-88.80000", "2015-12-31": "46.30000", "2014-12-31": "-39.30000", "2013-12-31": "-46.00000", "2012-12-31": "-58.30000", "2011-12-31": "-93.50000", "2010-12-31": "-6.40000", "2009-12-31": "9.60000", "2008-12-31": "-15.60000", "2007-12-31": "-20.80000", "2006-12-31": "-20.70000", "2005-12-31": "28.29100"}, "Cash Flow From Operating Activities": {"2019-12-31": "213.40000", "2018-12-31": "239.70000", "2017-12-31": "154.40000", "2016-12-31": "130.80000", "2015-12-31": "229.20000", "2014-12-31": "114.30000", "2013-12-31": "145.00000", "2012-12-31": "133.10000", "2011-12-31": "87.70000", "2010-12-31": "156.10000", "2009-12-31": "149.80000", "2008-12-31": "106.90000", "2007-12-31": "107.60000", "2006-12-31": "85.90000", "2005-12-31": "49.72200"}, "Net Change In Property, Plant, And Equipment": {"2019-12-31": "-62.00000", "2018-12-31": "-48.80000", "2017-12-31": "-32.20000", "2016-12-31": "-36.00000", "2015-12-31": "-33.30000", "2014-12-31": "-30.70000", "2013-12-31": "-48.90000", "2012-12-31": "-69.50000", "2011-12-31": "-54.40000", "2010-12-31": "-29.20000", "2009-12-31": "-16.30000", "2008-12-31": "-47.40000", "2007-12-31": "-26.20000", "2006-12-31": "-25.20000", "2005-12-31": "-4.79100"}, "Net Change In Intangible Assets": {"2019-12-31": "", "2018-12-31": "", "2017-12-31": "", "2016-12-31": "", "2015-12-31": "0.20000", "2014-12-31": "25.30000", "2013-12-31": "0.50000", "2012-12-31": "3.30000", "2011-12-31": "", "2010-12-31": "", "2009-12-31": "", "2008-12-31": "", "2007-12-31": "", "2006-12-31": "", "2005-12-31": ""}, "Net Acquisitions/Divestitures": {"2019-12-31": "-90.00000", "2018-12-31": "-191.60000", "2017-12-31": "-66.30000", "2016-12-31": "-24.30000", "2015-12-31": "-28.60000", "2014-12-31": "-3.90000", "2013-12-31": "-11.60000", "2012-12-31": "-27.00000", "2011-12-31": "-14.30000", "2010-12-31": "-269.80000", "2009-12-31": "-1.90000", "2008-12-31": "-4.60000", "2007-12-31": "-3.50000", "2006-12-31": "-19.60000", "2005-12-31": "-5.60500"}, "Net Change In Short-term Investments": {"2019-12-31": "-6.40000", "2018-12-31": "117.00000", "2017-12-31": "68.30000", "2016-12-31": "38.50000", "2015-12-31": "-40.70000", "2014-12-31": "-192.60000", "2013-12-31": "", "2012-12-31": "", "2011-12-31": "", "2010-12-31": "", "2009-12-31": "", "2008-12-31": "9.70000", "2007-12-31": "2.50000", "2006-12-31": "43.00000", "2005-12-31": "-1.27600"}, "Net Change In Long-Term Investments": {"2019-12-31": "", "2018-12-31": "", "2017-12-31": "", "2016-12-31": "", "2015-12-31": "", "2014-12-31": "", "2013-12-31": "", "2012-12-31": "", "2011-12-31": "", "2010-12-31": "", "2009-12-31": "", "2008-12-31": "", "2007-12-31": "", "2006-12-31": "", "2005-12-31": ""}, "Net Change In Investments - Total": {"2019-12-31": "-6.40000", "2018-12-31": "117.00000", "2017-12-31": "68.30000", "2016-12-31": "38.50000", "2015-12-31": "-40.70000", "2014-12-31": "-192.60000", "2013-12-31": "", "2012-12-31": "", "2011-12-31": "", "2010-12-31": "", "2009-12-31": "", "2008-12-31": "9.70000", "2007-12-31": "2.50000", "2006-12-31": "43.00000", "2005-12-31": "-1.27600"}, "Investing Activities - Other": {"2019-12-31": "", "2018-12-31": "", "2017-12-31": "", "2016-12-31": "", "2015-12-31": "", "2014-12-31": "", "2013-12-31": "", "2012-12-31": "", "2011-12-31": "", "2010-12-31": "", "2009-12-31": "", "2008-12-31": "-6.80000", "2007-12-31": "-4.80000", "2006-12-31": "-3.30000", "2005-12-31": "-0.35700"}, "Cash Flow From Investing Activities": {"2019-12-31": "-158.40000", "2018-12-31": "-123.40000", "2017-12-31": "-30.20000", "2016-12-31": "-21.80000", "2015-12-31": "-102.40000", "2014-12-31": "-201.90000", "2013-12-31": "-60.00000", "2012-12-31": "-93.20000", "2011-12-31": "-68.70000", "2010-12-31": "-299.00000", "2009-12-31": "-18.20000", "2008-12-31": "-49.10000", "2007-12-31": "-32.00000", "2006-12-31": "-5.10000", "2005-12-31": "-12.02900"}, "Net Long-Term Debt": {"2019-12-31": "593.30000", "2018-12-31": "-4.80000", "2017-12-31": "-0.90000", "2016-12-31": "-0.10000", "2015-12-31": "-0.60000", "2014-12-31": "-0.80000", "2013-12-31": "-1.60000", "2012-12-31": "-83.20000", "2011-12-31": "-29.30000", "2010-12-31": "-21.60000", "2009-12-31": "-22.30000", "2008-12-31": "139.90000", "2007-12-31": "-7.00000", "2006-12-31": "-14.40000", "2005-12-31": "-5.98600"}, "Net Current Debt": {"2019-12-31": "-126.30000", "2018-12-31": "-88.70000", "2017-12-31": "4.00000", "2016-12-31": "146.00000", "2015-12-31": "-87.50000", "2014-12-31": "", "2013-12-31": "19.50000", "2012-12-31": "116.50000", "2011-12-31": "30.70000", "2010-12-31": "185.00000", "2009-12-31": "-62.40000", "2008-12-31": "33.10000", "2007-12-31": "-10.50000", "2006-12-31": "11.10000", "2005-12-31": "-5.36600"}, "Debt Issuance/Retirement Net - Total": {"2019-12-31": "467.00010", "2018-12-31": "-93.50000", "2017-12-31": "3.10000", "2016-12-31": "145.90000", "2015-12-31": "-88.10000", "2014-12-31": "-0.80000", "2013-12-31": "17.90000", "2012-12-31": "33.30000", "2011-12-31": "1.40000", "2010-12-31": "163.40000", "2009-12-31": "-84.70000", "2008-12-31": "173.00000", "2007-12-31": "-17.50000", "2006-12-31": "-3.30000", "2005-12-31": "-11.35200"}, "Net Common Equity Issued/Repurchased": {"2019-12-31": "-131.40000", "2018-12-31": "9.40000", "2017-12-31": "-132.20000", "2016-12-31": "-148.50000", "2015-12-31": "-79.20000", "2014-12-31": "7.90000", "2013-12-31": "8.20000", "2012-12-31": "4.50000", "2011-12-31": "3.30000", "2010-12-31": "6.00000", "2009-12-31": "1.50000", "2008-12-31": "3.70000", "2007-12-31": "19.60000", "2006-12-31": "1.70000", "2005-12-31": "0.37700"}, "Net Total Equity Issued/Repurchased": {"2019-12-31": "-131.40000", "2018-12-31": "9.40000", "2017-12-31": "-132.20000", "2016-12-31": "-148.50000", "2015-12-31": "-79.20000", "2014-12-31": "7.90000", "2013-12-31": "8.20000", "2012-12-31": "4.50000", "2011-12-31": "3.30000", "2010-12-31": "6.00000", "2009-12-31": "1.50000", "2008-12-31": "3.70000", "2007-12-31": "19.60000", "2006-12-31": "1.70000", "2005-12-31": "0.37700"}, "Total Common And Preferred Stock Dividends Paid": {"2019-12-31": "", "2018-12-31": "-0.90000", "2017-12-31": "-1.00000", "2016-12-31": "-0.70000", "2015-12-31": "-1.30000", "2014-12-31": "", "2013-12-31": "", "2012-12-31": "", "2011-12-31": "", "2010-12-31": "", "2009-12-31": "", "2008-12-31": "-386.00000", "2007-12-31": "-85.40000", "2006-12-31": "-103.50000", "2005-12-31": ""}, "Financial Activities - Other": {"2019-12-31": "-35.60000", "2018-12-31": "-27.40000", "2017-12-31": "-28.90000", "2016-12-31": "-24.60000", "2015-12-31": "-0.80000", "2014-12-31": "-0.40000", "2013-12-31": "0.40000", "2012-12-31": "-3.40000", "2011-12-31": "-1.40000", "2010-12-31": "-1.10000", "2009-12-31": "-0.90000", "2008-12-31": "-24.40000", "2007-12-31": "0.90000", "2006-12-31": "", "2005-12-31": ""}, "Cash Flow From Financial Activities": {"2019-12-31": "300.00000", "2018-12-31": "-112.40000", "2017-12-31": "-159.00000", "2016-12-31": "-27.90000", "2015-12-31": "-169.40000", "2014-12-31": "6.70000", "2013-12-31": "26.50000", "2012-12-31": "34.40000", "2011-12-31": "3.30000", "2010-12-31": "168.30000", "2009-12-31": "-84.10000", "2008-12-31": "-233.70000", "2007-12-31": "-82.40000", "2006-12-31": "-105.10000", "2005-12-31": "-10.97500"}, "Net Cash Flow": {"2019-12-31": "355.60000", "2018-12-31": "-2.60000", "2017-12-31": "-17.00000", "2016-12-31": "74.70000", "2015-12-31": "-53.60000", "2014-12-31": "-119.20000", "2013-12-31": "128.10000", "2012-12-31": "64.60000", "2011-12-31": "15.60000", "2010-12-31": "23.30000", "2009-12-31": "40.90000", "2008-12-31": "-166.20000", "2007-12-31": "21.20000", "2006-12-31": "-0.30000", "2005-12-31": "21.21200"}, "Stock-Based Compensation": {"2019-12-31": "9.60000", "2018-12-31": "11.30000", "2017-12-31": "11.00000", "2016-12-31": "9.40000", "2015-12-31": "8.00000", "2014-12-31": "9.40000", "2013-12-31": "6.60000", "2012-12-31": "7.80000", "2011-12-31": "7.90000", "2010-12-31": "6.90000", "2009-12-31": "6.30000", "2008-12-31": "4.50000", "2007-12-31": "2.20000", "2006-12-31": "1.50000", "2005-12-31": "0.02800"}, "Common Stock Dividends Paid": {"2019-12-31": "", "2018-12-31": "-0.90000", "2017-12-31": "-1.00000", "2016-12-31": "-0.70000", "2015-12-31": "-1.30000", "2014-12-31": "", "2013-12-31": "", "2012-12-31": "", "2011-12-31": "", "2010-12-31": "", "2009-12-31": "", "2008-12-31": "-386.00000", "2007-12-31": "-85.40000", "2006-12-31": "-103.50000", "2005-12-31": ""}}, "cash flow statement, quarterly": {"Net Income/Loss": {"2020-09-30": 55.3, "2020-06-30": 24.2, "2020-03-31": "10.60000", "2019-12-31": 68.8, "2019-09-30": 61.5, "2019-06-30": 37, "2019-03-31": "30.70000", "2018-12-31": 77.9, "2018-09-30": 44.2, "2018-06-30": 31.5, "2018-03-31": "27.40000", "2017-12-31": -3, "2017-09-30": 37.6, "2017-06-30": 24, "2017-03-31": "21.70000", "2016-12-31": 69.1, "2016-09-30": 47, "2016-06-30": 14.8, "2016-03-31": "23.60000", "2015-12-31": 62, "2015-09-30": 12.9, "2015-06-30": 23.1, "2015-03-31": "6.90000", "2014-12-31": 26.5, "2014-09-30": 6.3, "2014-06-30": 16.8, "2014-03-31": "10.00000", "2013-12-31": 35.9, "2013-09-30": 16.9, "2013-06-30": 23.3, "2013-03-31": "5.70000", "2012-12-31": 13.3, "2012-09-30": 39.9, "2012-06-30": 9.9, "2012-03-31": "15.10000", "2011-12-31": 39.6, "2011-09-30": 20.1, "2011-06-30": 22.6, "2011-03-31": "11.70000", "2010-12-31": 30, "2010-09-30": 27.9, "2010-06-30": 22.9, "2010-03-31": "16.00000", "2009-12-31": 43.6, "2009-09-30": 16.1, "2009-06-30": 12.7, "2009-03-31": "8.60000", "2008-12-31": 26.5, "2008-09-30": 17.6, "2008-06-30": 21.7, "2008-03-31": "-0.60000", "2007-12-31": 40.522, "2007-09-30": 42.045, "2007-06-30": 16.633, "2007-03-31": "0.00000", "2006-12-31": 74.4, "2006-09-30": 0, "2006-06-30": 0, "2006-03-31": "0.00000", "2005-12-31": 9.747, "2005-09-30": 0, "2005-06-30": 0, "2005-03-31": "0.00000"}, "Total Depreciation And Amortization - Cash Flow": {"2020-09-30": 20.5, "2020-06-30": 19.2, "2020-03-31": "19.00000", "2019-12-31": 18.3, "2019-09-30": 18.9, "2019-06-30": 19.4, "2019-03-31": "19.00000", "2018-12-31": 16.6, "2018-09-30": 15.9, "2018-06-30": 16.6, "2018-03-31": "15.80000", "2017-12-31": 15.7, "2017-09-30": 17.1, "2017-06-30": 16, "2017-03-31": "15.10000", "2016-12-31": 13.9, "2016-09-30": 13.7, "2016-06-30": 13.5, "2016-03-31": "13.20000", "2015-12-31": 13.3, "2015-09-30": 13.3, "2015-06-30": 13.2, "2015-03-31": "13.50000", "2014-12-31": 12.1, "2014-09-30": 17.6, "2014-06-30": 14.8, "2014-03-31": "15.20000", "2013-12-31": 15.9, "2013-09-30": 15.2, "2013-06-30": 15, "2013-03-31": "15.20000", "2012-12-31": 16.6, "2012-09-30": 13.9, "2012-06-30": 15, "2012-03-31": "13.60000", "2011-12-31": 13.2, "2011-09-30": 13.7, "2011-06-30": 14, "2011-03-31": "12.00000", "2010-12-31": 11.8, "2010-09-30": 9.3, "2010-06-30": 7.3, "2010-03-31": "7.70000", "2009-12-31": 9.5, "2009-09-30": 7.1, "2009-06-30": 7, "2009-03-31": "6.80000", "2008-12-31": 7.6, "2008-09-30": 7.8, "2008-06-30": 7.1, "2008-03-31": "7.40000", "2007-12-31": 5.136, "2007-09-30": 22.764, "2007-06-30": 0, "2007-03-31": "", "2006-12-31": 26, "2006-09-30": 0, "2006-06-30": 0, "2006-03-31": "", "2005-12-31": 10.506, "2005-09-30": 0, "2005-06-30": 0, "2005-03-31": ""}, "Other Non-Cash Items": {"2020-09-30": 12.4, "2020-06-30": 8.4, "2020-03-31": "16.10000", "2019-12-31": 3, "2019-09-30": -0.6, "2019-06-30": 4.5, "2019-03-31": "7.40000", "2018-12-31": 7.7, "2018-09-30": 6, "2018-06-30": 8.7, "2018-03-31": "13.60000", "2017-12-31": 41.3, "2017-09-30": 4.6, "2017-06-30": -2.2, "2017-03-31": "7.10000", "2016-12-31": 10.9, "2016-09-30": -17.9, "2016-06-30": 11.8, "2016-03-31": "6.00000", "2015-12-31": -4.7, "2015-09-30": 15.4, "2015-06-30": 3.2, "2015-03-31": "10.80000", "2014-12-31": 2.5, "2014-09-30": 10.1, "2014-06-30": 11.1, "2014-03-31": "10.60000", "2013-12-31": 26.9, "2013-09-30": 5, "2013-06-30": 10.2, "2013-03-31": "5.80000", "2012-12-31": 26, "2012-09-30": 9.5, "2012-06-30": 9.2, "2012-03-31": "9.40000", "2011-12-31": 7, "2011-09-30": 7.7, "2011-06-30": 14.9, "2011-03-31": "4.70000", "2010-12-31": 9.7, "2010-09-30": 10.7, "2010-06-30": 11.9, "2010-03-31": "-2.70000", "2009-12-31": 32.4, "2009-09-30": -3.3, "2009-06-30": 1.5, "2009-03-31": "-1.80000", "2008-12-31": 31.5, "2008-09-30": -1.3, "2008-06-30": 4.2, "2008-03-31": "-7.00000", "2007-12-31": 13.366, "2007-09-30": -12.066, "2007-06-30": 0, "2007-03-31": "", "2006-12-31": 6.2, "2006-09-30": 0, "2006-06-30": 0, "2006-03-31": "", "2005-12-31": 1.178, "2005-09-30": 0, "2005-06-30": 0, "2005-03-31": ""}, "Total Non-Cash Items": {"2020-09-30": 32.9, "2020-06-30": 27.6, "2020-03-31": "35.10000", "2019-12-31": 21.3, "2019-09-30": 18.3, "2019-06-30": 23.9, "2019-03-31": "26.40000", "2018-12-31": 24.3, "2018-09-30": 21.9, "2018-06-30": 25.3, "2018-03-31": "29.40000", "2017-12-31": 57, "2017-09-30": 21.7, "2017-06-30": 13.8, "2017-03-31": "22.20000", "2016-12-31": 24.8, "2016-09-30": -4.2, "2016-06-30": 25.3, "2016-03-31": "19.20000", "2015-12-31": 8.6, "2015-09-30": 28.7, "2015-06-30": 16.4, "2015-03-31": "24.30000", "2014-12-31": 14.6, "2014-09-30": 27.7, "2014-06-30": 25.9, "2014-03-31": "25.80000", "2013-12-31": 42.8, "2013-09-30": 20.2, "2013-06-30": 25.2, "2013-03-31": "21.00000", "2012-12-31": 42.6, "2012-09-30": 23.4, "2012-06-30": 24.2, "2012-03-31": "23.00000", "2011-12-31": 20.2, "2011-09-30": 21.4, "2011-06-30": 28.9, "2011-03-31": "16.70000", "2010-12-31": 21.5, "2010-09-30": 20, "2010-06-30": 19.2, "2010-03-31": "5.00000", "2009-12-31": 41.9, "2009-09-30": 3.8, "2009-06-30": 8.5, "2009-03-31": "5.00000", "2008-12-31": 39.1, "2008-09-30": 6.5, "2008-06-30": 11.3, "2008-03-31": "0.40000", "2007-12-31": 18.502, "2007-09-30": 10.698, "2007-06-30": 0, "2007-03-31": "", "2006-12-31": 32.2, "2006-09-30": 0, "2006-06-30": 0, "2006-03-31": "", "2005-12-31": 11.684, "2005-09-30": 0, "2005-06-30": 0, "2005-03-31": ""}, "Change In Accounts Receivable": {"2020-09-30": 2.6, "2020-06-30": 4.8, "2020-03-31": "29.50000", "2019-12-31": 3, "2019-09-30": -18.6, "2019-06-30": 16.6, "2019-03-31": "-6.00000", "2018-12-31": -23.6, "2018-09-30": -43.5, "2018-06-30": 26.6, "2018-03-31": "10.00000", "2017-12-31": -47.1, "2017-09-30": -25.3, "2017-06-30": -8.7, "2017-03-31": "25.60000", "2016-12-31": -23.8, "2016-09-30": -14.9, "2016-06-30": 23.1, "2016-03-31": "7.20000", "2015-12-31": 7.3, "2015-09-30": -4.9, "2015-06-30": -8.9, "2015-03-31": "51.50000", "2014-12-31": -36, "2014-09-30": -7.4, "2014-06-30": 16.1, "2014-03-31": "12.80000", "2013-12-31": -9.6, "2013-09-30": 11.2, "2013-06-30": -29.6, "2013-03-31": "8.70000", "2012-12-31": -23.6, "2012-09-30": -11.4, "2012-06-30": 7.7, "2012-03-31": "28.90000", "2011-12-31": -14.3, "2011-09-30": -10.1, "2011-06-30": -18.2, "2011-03-31": "-10.20000", "2010-12-31": -15.9, "2010-09-30": -20.8, "2010-06-30": 4.9, "2010-03-31": "4.50000", "2009-12-31": -36.3, "2009-09-30": -13.4, "2009-06-30": 19.7, "2009-03-31": "20.60000", "2008-12-31": -8.8, "2008-09-30": 0.6, "2008-06-30": 24.7, "2008-03-31": "16.50000", "2007-12-31": -26.614, "2007-09-30": -3.386, "2007-06-30": 0, "2007-03-31": "", "2006-12-31": 0.1, "2006-09-30": 0, "2006-06-30": 0, "2006-03-31": "", "2005-12-31": -2.253, "2005-09-30": 0, "2005-06-30": 0, "2005-03-31": ""}, "Change In Inventories": {"2020-09-30": -12.7, "2020-06-30": -36, "2020-03-31": "-61.00000", "2019-12-31": 20.7, "2019-09-30": -11.1, "2019-06-30": -26.6, "2019-03-31": "-43.20000", "2018-12-31": 19.8, "2018-09-30": -10.5, "2018-06-30": -12.8, "2018-03-31": "-32.00000", "2017-12-31": 30.9, "2017-09-30": -0.9, "2017-06-30": -5.5, "2017-03-31": "-31.10000", "2016-12-31": 30.2, "2016-09-30": -13.4, "2016-06-30": -31.2, "2016-03-31": "-28.80000", "2015-12-31": 35.3, "2015-09-30": -1.8, "2015-06-30": -2.3, "2015-03-31": "-36.60000", "2014-12-31": 51.5, "2014-09-30": -8.5, "2014-06-30": -0.4, "2014-03-31": "-38.00000", "2013-12-31": 40.6, "2013-09-30": -13, "2013-06-30": 15.1, "2013-03-31": "-37.00000", "2012-12-31": 23.4, "2012-09-30": -14.3, "2012-06-30": -6.1, "2012-03-31": "-52.50000", "2011-12-31": 2.9, "2011-09-30": -24.2, "2011-06-30": -37.8, "2011-03-31": "-44.20000", "2010-12-31": 8.2, "2010-09-30": -27.4, "2010-06-30": -17.2, "2010-03-31": "-31.60000", "2009-12-31": -12.1, "2009-09-30": 12.2, "2009-06-30": 12.4, "2009-03-31": "-16.90000", "2008-12-31": 19.1, "2008-09-30": -28.7, "2008-06-30": 18.5, "2008-03-31": "-25.40000", "2007-12-31": 31.405, "2007-09-30": -34.905, "2007-06-30": 0, "2007-03-31": "", "2006-12-31": -5.9, "2006-09-30": 0, "2006-06-30": 0, "2006-03-31": "", "2005-12-31": -0.835, "2005-09-30": 0, "2005-06-30": 0, "2005-03-31": ""}, "Change In Accounts Payable": {"2020-09-30": 0.8, "2020-06-30": -35.2, "2020-03-31": "19.10000", "2019-12-31": 5.6, "2019-09-30": 7.5, "2019-06-30": -8.2, "2019-03-31": "11.00000", "2018-12-31": 6.2, "2018-09-30": 12.4, "2018-06-30": 0.1, "2018-03-31": "-13.70000", "2017-12-31": 42.3, "2017-09-30": 15.8, "2017-06-30": -21.7, "2017-03-31": "-2.70000", "2016-12-31": -8.1, "2016-09-30": 0.8, "2016-06-30": -3.3, "2016-03-31": "-9.00000", "2015-12-31": 7.8, "2015-09-30": 12.1, "2015-06-30": -0.5, "2015-03-31": "-6.80000", "2014-12-31": -15.7, "2014-09-30": 15.8, "2014-06-30": -13, "2014-03-31": "21.90000", "2013-12-31": 1.3, "2013-09-30": 19.8, "2013-06-30": -6.3, "2013-03-31": "-7.80000", "2012-12-31": 15.6, "2012-09-30": -6.7, "2012-06-30": 4.5, "2012-03-31": "-8.80000", "2011-12-31": 5.1, "2011-09-30": 5.3, "2011-06-30": -1.3, "2011-03-31": "14.30000", "2010-12-31": 18.8, "2010-09-30": 1.5, "2010-06-30": 3.4, "2010-03-31": "5.90000", "2009-12-31": 5.1, "2009-09-30": 2.9, "2009-06-30": -8.9, "2009-03-31": "6.60000", "2008-12-31": -24.6, "2008-09-30": -1.7, "2008-06-30": -28.3, "2008-03-31": "15.30000", "2007-12-31": -3.997, "2007-09-30": 6.297, "2007-06-30": 0, "2007-03-31": "", "2006-12-31": -7, "2006-09-30": 0, "2006-06-30": 0, "2006-03-31": "", "2005-12-31": 0.573, "2005-09-30": 0, "2005-06-30": 0, "2005-03-31": ""}, "Change In Assets/Liabilities": {"2020-09-30": 9.5, "2020-06-30": 14.5, "2020-03-31": "16.70000", "2019-12-31": -2.7, "2019-09-30": -18, "2019-06-30": -20.8, "2019-03-31": "3.20000", "2018-12-31": 15.2, "2018-09-30": -4.2, "2018-06-30": -22.2, "2018-03-31": "26.00000", "2017-12-31": 12.1, "2017-09-30": -14.9, "2017-06-30": -17.9, "2017-03-31": "3.30000", "2016-12-31": 5.6, "2016-09-30": 9, "2016-06-30": 7.1, "2016-03-31": "-12.50000", "2015-12-31": 1.4, "2015-09-30": -5.1, "2015-06-30": -19.5, "2015-03-31": "-5.40000", "2014-12-31": 8, "2014-09-30": -12.8, "2014-06-30": -31.2, "2014-03-31": "-8.00000", "2013-12-31": 21.5, "2013-09-30": -1.9, "2013-06-30": -25.5, "2013-03-31": "-4.80000", "2012-12-31": 22, "2012-09-30": -35.5, "2012-06-30": -1.9, "2012-03-31": "13.40000", "2011-12-31": 33.3, "2011-09-30": 14.8, "2011-06-30": 9.6, "2011-03-31": "-17.70000", "2010-12-31": 10.2, "2010-09-30": 8.4, "2010-06-30": 14.4, "2010-03-31": "5.70000", "2009-12-31": 40.3, "2009-09-30": -5.6, "2009-06-30": -6.2, "2009-03-31": "-10.80000", "2008-12-31": 36.7, "2008-09-30": 6.5, "2008-06-30": -52.1, "2008-03-31": "16.10000", "2007-12-31": 14.901, "2007-09-30": -4.501, "2007-06-30": 0, "2007-03-31": "", "2006-12-31": -7.9, "2006-09-30": 0, "2006-06-30": 0, "2006-03-31": "", "2005-12-31": 19.804, "2005-09-30": 0, "2005-06-30": 0, "2005-03-31": ""}, "Total Change In Assets/Liabilities": {"2020-09-30": -5.8, "2020-06-30": -40, "2020-03-31": "-10.70000", "2019-12-31": 46.1, "2019-09-30": -27.4, "2019-06-30": -50.3, "2019-03-31": "-42.90000", "2018-12-31": 30.1, "2018-09-30": -38.6, "2018-06-30": -20.7, "2018-03-31": "-13.00000", "2017-12-31": 49.7, "2017-09-30": -24, "2017-06-30": -55, "2017-03-31": "-11.30000", "2016-12-31": -3.1, "2016-09-30": -6.9, "2016-06-30": -22, "2016-03-31": "-56.80000", "2015-12-31": 79, "2015-09-30": 12.5, "2015-06-30": -41, "2015-03-31": "-4.20000", "2014-12-31": 28.2, "2014-09-30": -20.5, "2014-06-30": -29.7, "2014-03-31": "-17.30000", "2013-12-31": 52.7, "2013-09-30": 1.4, "2013-06-30": -55.2, "2013-03-31": "-44.90000", "2012-12-31": 35, "2012-09-30": -63, "2012-06-30": 3, "2012-03-31": "-33.30000", "2011-12-31": 32.3, "2011-09-30": -20.3, "2011-06-30": -47.7, "2011-03-31": "-57.80000", "2010-12-31": 41.9, "2010-09-30": -38.3, "2010-06-30": 5.5, "2010-03-31": "-15.50000", "2009-12-31": -3, "2009-09-30": -3.9, "2009-06-30": 17, "2009-03-31": "-0.50000", "2008-12-31": 22.4, "2008-09-30": -23.3, "2008-06-30": -37.2, "2008-03-31": "22.50000", "2007-12-31": 15.695, "2007-09-30": -36.495, "2007-06-30": 0, "2007-03-31": "", "2006-12-31": -20.7, "2006-09-30": 0, "2006-06-30": 0, "2006-03-31": "", "2005-12-31": 28.291, "2005-09-30": 0, "2005-06-30": 0, "2005-03-31": ""}, "Cash Flow From Operating Activities": {"2020-09-30": 82.4, "2020-06-30": 11.8, "2020-03-31": "35.00000", "2019-12-31": 136.2, "2019-09-30": 52.4, "2019-06-30": 10.6, "2019-03-31": "14.20000", "2018-12-31": 132.3, "2018-09-30": 27.5, "2018-06-30": 36.1, "2018-03-31": "43.80000", "2017-12-31": 103.7, "2017-09-30": 35.3, "2017-06-30": -17.2, "2017-03-31": "32.60000", "2016-12-31": 90.8, "2016-09-30": 35.9, "2016-06-30": 18.1, "2016-03-31": "-14.00000", "2015-12-31": 149.6, "2015-09-30": 54.1, "2015-06-30": -1.5, "2015-03-31": "27.00000", "2014-12-31": 69.3, "2014-09-30": 13.5, "2014-06-30": 13, "2014-03-31": "18.50000", "2013-12-31": 131.4, "2013-09-30": 38.5, "2013-06-30": -6.7, "2013-03-31": "-18.20000", "2012-12-31": 90.9, "2012-09-30": 0.3, "2012-06-30": 37.1, "2012-03-31": "4.80000", "2011-12-31": 92.1, "2011-09-30": 21.2, "2011-06-30": 3.8, "2011-03-31": "-29.40000", "2010-12-31": 93.4, "2010-09-30": 9.6, "2010-06-30": 47.6, "2010-03-31": "5.50000", "2009-12-31": 82.5, "2009-09-30": 16, "2009-06-30": 38.2, "2009-03-31": "13.10000", "2008-12-31": 88, "2008-09-30": 0.8, "2008-06-30": -4.2, "2008-03-31": "22.30000", "2007-12-31": 74.719, "2007-09-30": 16.248, "2007-06-30": -4.89, "2007-03-31": "21.52300", "2006-12-31": 68.065, "2006-09-30": 13.396, "2006-06-30": 0.117, "2006-03-31": "4.32200", "2005-12-31": 19.837, "2005-09-30": 8.225, "2005-06-30": 16.471, "2005-03-31": "5.18900"}, "Net Change In Property, Plant, And Equipment": {"2020-09-30": -17.6, "2020-06-30": -20.2, "2020-03-31": "-30.50000", "2019-12-31": -28.2, "2019-09-30": -5.5, "2019-06-30": -17.7, "2019-03-31": "-10.60000", "2018-12-31": -20, "2018-09-30": -11.4, "2018-06-30": -8.9, "2018-03-31": "-8.50000", "2017-12-31": -7.8, "2017-09-30": -10.2, "2017-06-30": -9.3, "2017-03-31": "-4.90000", "2016-12-31": -10.9, "2016-09-30": -8.8, "2016-06-30": -8.9, "2016-03-31": "-7.40000", "2015-12-31": -11.2, "2015-09-30": -9.4, "2015-06-30": -7, "2015-03-31": "-5.70000", "2014-12-31": -6.9, "2014-09-30": -8.1, "2014-06-30": -7.1, "2014-03-31": "-8.60000", "2013-12-31": -8.4, "2013-09-30": -10, "2013-06-30": -16.5, "2013-03-31": "-14.00000", "2012-12-31": -22.2, "2012-09-30": -18.6, "2012-06-30": -17.9, "2012-03-31": "-10.80000", "2011-12-31": -16, "2011-09-30": -7.2, "2011-06-30": -21.3, "2011-03-31": "-9.90000", "2010-12-31": -8.7, "2010-09-30": -9.8, "2010-06-30": -5.3, "2010-03-31": "-5.40000", "2009-12-31": -7.4, "2009-09-30": -1.8, "2009-06-30": -3.2, "2009-03-31": "-3.90000", "2008-12-31": -7.6, "2008-09-30": -12.7, "2008-06-30": -13.7, "2008-03-31": "-13.40000", "2007-12-31": -6.322, "2007-09-30": -6.855, "2007-06-30": -8.766, "2007-03-31": "-4.25700", "2006-12-31": -20.163, "2006-09-30": -2.577, "2006-06-30": -1.098, "2006-03-31": "-1.36200", "2005-12-31": -1.177, "2005-09-30": -2.365, "2005-06-30": -0.698, "2005-03-31": "-0.55100"}, "Net Change In Intangible Assets": {"2020-09-30": 0, "2020-06-30": 0, "2020-03-31": "", "2019-12-31": 0, "2019-09-30": 0, "2019-06-30": 0, "2019-03-31": "", "2018-12-31": 0, "2018-09-30": 0, "2018-06-30": 0, "2018-03-31": "", "2017-12-31": 0, "2017-09-30": 0, "2017-06-30": 0, "2017-03-31": "", "2016-12-31": 0, "2016-09-30": 0, "2016-06-30": 0, "2016-03-31": "", "2015-12-31": 0.2, "2015-09-30": 0, "2015-06-30": 0, "2015-03-31": "", "2014-12-31": 12.5, "2014-09-30": 12.1, "2014-06-30": 0, "2014-03-31": "0.70000", "2013-12-31": 0, "2013-09-30": 0, "2013-06-30": 0, "2013-03-31": "0.50000", "2012-12-31": 0, "2012-09-30": 3.3, "2012-06-30": 0, "2012-03-31": "", "2011-12-31": 0, "2011-09-30": 0, "2011-06-30": 0, "2011-03-31": "", "2010-12-31": 0, "2010-09-30": 0, "2010-06-30": 0, "2010-03-31": "", "2009-12-31": 0, "2009-09-30": 0, "2009-06-30": 0, "2009-03-31": "", "2008-12-31": 0, "2008-09-30": 0, "2008-06-30": 0, "2008-03-31": "", "2007-12-31": 0, "2007-09-30": 0, "2007-06-30": 0, "2007-03-31": "", "2006-12-31": 0, "2006-09-30": 0, "2006-06-30": 0, "2006-03-31": "", "2005-12-31": 0, "2005-09-30": 0, "2005-06-30": 0, "2005-03-31": ""}, "Net Acquisitions/Divestitures": {"2020-09-30": -34.2, "2020-06-30": -2.6, "2020-03-31": "-22.00000", "2019-12-31": -11, "2019-09-30": -7.1, "2019-06-30": -55.8, "2019-03-31": "-16.10000", "2018-12-31": -136.3, "2018-09-30": -17.7, "2018-06-30": -37.2, "2018-03-31": "-0.40000", "2017-12-31": -0.5, "2017-09-30": -7.1, "2017-06-30": -18.9, "2017-03-31": "-39.80000", "2016-12-31": -23.1, "2016-09-30": 0, "2016-06-30": -1.2, "2016-03-31": "", "2015-12-31": -28.6, "2015-09-30": 0, "2015-06-30": 0, "2015-03-31": "", "2014-12-31": 0, "2014-09-30": -3.9, "2014-06-30": 0, "2014-03-31": "", "2013-12-31": 0, "2013-09-30": -9.5, "2013-06-30": -1.3, "2013-03-31": "-0.80000", "2012-12-31": -5.3, "2012-09-30": 0, "2012-06-30": 0, "2012-03-31": "-21.70000", "2011-12-31": -13, "2011-09-30": 0, "2011-06-30": -1.1, "2011-03-31": "-0.20000", "2010-12-31": -232, "2010-09-30": 0, "2010-06-30": -37.8, "2010-03-31": "", "2009-12-31": -0.3, "2009-09-30": -0.5, "2009-06-30": -0.4, "2009-03-31": "-0.70000", "2008-12-31": -0.5, "2008-09-30": 3.2, "2008-06-30": -5.1, "2008-03-31": "-2.20000", "2007-12-31": -0.645, "2007-09-30": -0.387, "2007-06-30": -0.552, "2007-03-31": "-1.91600", "2006-12-31": 8.042, "2006-09-30": -23.672, "2006-06-30": -1.269, "2006-03-31": "-2.70100", "2005-12-31": -5.605, "2005-09-30": -0.11, "2005-06-30": 0.11, "2005-03-31": ""}, "Net Change In Short-term Investments": {"2020-09-30": 0, "2020-06-30": 6.1, "2020-03-31": "-50.00000", "2019-12-31": 0, "2019-09-30": 0, "2019-06-30": -6.4, "2019-03-31": "", "2018-12-31": 0, "2018-09-30": 0, "2018-06-30": 0, "2018-03-31": "117.00000", "2017-12-31": 52.8, "2017-09-30": 64.6, "2017-06-30": -22.5, "2017-03-31": "-26.60000", "2016-12-31": -6.3, "2016-09-30": 27.8, "2016-06-30": 17, "2016-03-31": "0.00000", "2015-12-31": -4, "2015-09-30": -27.9, "2015-06-30": -8.8, "2015-03-31": "0.00000", "2014-12-31": -71.8, "2014-09-30": -53, "2014-06-30": -67.8, "2014-03-31": "", "2013-12-31": 0, "2013-09-30": 0, "2013-06-30": 0, "2013-03-31": "", "2012-12-31": 0, "2012-09-30": 0, "2012-06-30": 0, "2012-03-31": "", "2011-12-31": 0, "2011-09-30": 0, "2011-06-30": 0, "2011-03-31": "", "2010-12-31": 0, "2010-09-30": 0, "2010-06-30": 0, "2010-03-31": "", "2009-12-31": 0, "2009-09-30": 0, "2009-06-30": 0, "2009-03-31": "", "2008-12-31": 0.1, "2008-09-30": -0.2, "2008-06-30": 9.5, "2008-03-31": "0.30000", "2007-12-31": 0.027, "2007-09-30": 2.746, "2007-06-30": -0.157, "2007-03-31": "-0.11600", "2006-12-31": -3.46, "2006-09-30": 0, "2006-06-30": 29.301, "2006-03-31": "17.15900", "2005-12-31": -1.696, "2005-09-30": -0.044, "2005-06-30": -2.206, "2005-03-31": "2.67000"}, "Net Change In Long-Term Investments": {"2020-09-30": 0, "2020-06-30": 0, "2020-03-31": "", "2019-12-31": 0, "2019-09-30": 0, "2019-06-30": 0, "2019-03-31": "", "2018-12-31": 0, "2018-09-30": 0, "2018-06-30": 0, "2018-03-31": "", "2017-12-31": 0, "2017-09-30": 0, "2017-06-30": 0, "2017-03-31": "", "2016-12-31": 0, "2016-09-30": 0, "2016-06-30": 0, "2016-03-31": "", "2015-12-31": 0, "2015-09-30": 0, "2015-06-30": 0, "2015-03-31": "", "2014-12-31": 0, "2014-09-30": 0, "2014-06-30": 0, "2014-03-31": "", "2013-12-31": 0, "2013-09-30": 0, "2013-06-30": 0, "2013-03-31": "", "2012-12-31": 0, "2012-09-30": 0, "2012-06-30": 0, "2012-03-31": "", "2011-12-31": 0, "2011-09-30": 0, "2011-06-30": 0, "2011-03-31": "", "2010-12-31": 0, "2010-09-30": 0, "2010-06-30": 0, "2010-03-31": "", "2009-12-31": 0, "2009-09-30": 0, "2009-06-30": 0, "2009-03-31": "", "2008-12-31": 0, "2008-09-30": 0, "2008-06-30": 0, "2008-03-31": "", "2007-12-31": 0, "2007-09-30": 0, "2007-06-30": 0, "2007-03-31": "", "2006-12-31": 0, "2006-09-30": 0, "2006-06-30": 0, "2006-03-31": "", "2005-12-31": 0, "2005-09-30": 0, "2005-06-30": 0, "2005-03-31": ""}, "Net Change In Investments - Total": {"2020-09-30": 0, "2020-06-30": 6.1, "2020-03-31": "-50.00000", "2019-12-31": 0, "2019-09-30": 0, "2019-06-30": -6.4, "2019-03-31": "", "2018-12-31": 0, "2018-09-30": 0, "2018-06-30": 0, "2018-03-31": "117.00000", "2017-12-31": 52.8, "2017-09-30": 64.6, "2017-06-30": -22.5, "2017-03-31": "-26.60000", "2016-12-31": -6.3, "2016-09-30": 27.8, "2016-06-30": 17, "2016-03-31": "0.00000", "2015-12-31": -4, "2015-09-30": -27.9, "2015-06-30": -8.8, "2015-03-31": "", "2014-12-31": -71.8, "2014-09-30": -53, "2014-06-30": -67.8, "2014-03-31": "", "2013-12-31": 0, "2013-09-30": 0, "2013-06-30": 0, "2013-03-31": "", "2012-12-31": 0, "2012-09-30": 0, "2012-06-30": 0, "2012-03-31": "", "2011-12-31": 0, "2011-09-30": 0, "2011-06-30": 0, "2011-03-31": "", "2010-12-31": 0, "2010-09-30": 0, "2010-06-30": 0, "2010-03-31": "", "2009-12-31": 0, "2009-09-30": 0, "2009-06-30": 0, "2009-03-31": "", "2008-12-31": 0.1, "2008-09-30": -0.2, "2008-06-30": 9.5, "2008-03-31": "0.30000", "2007-12-31": 0.027, "2007-09-30": 2.746, "2007-06-30": -0.157, "2007-03-31": "-0.11600", "2006-12-31": -3.46, "2006-09-30": 0, "2006-06-30": 29.301, "2006-03-31": "17.15900", "2005-12-31": -1.696, "2005-09-30": -0.044, "2005-06-30": -2.206, "2005-03-31": "2.67000"}, "Investing Activities - Other": {"2020-09-30": 3.6, "2020-06-30": 1.6, "2020-03-31": "1.90000", "2019-12-31": 0, "2019-09-30": 0, "2019-06-30": 0, "2019-03-31": "", "2018-12-31": 0, "2018-09-30": 0, "2018-06-30": 0, "2018-03-31": "", "2017-12-31": 0, "2017-09-30": 0, "2017-06-30": 0, "2017-03-31": "", "2016-12-31": 0, "2016-09-30": 0, "2016-06-30": 0, "2016-03-31": "", "2015-12-31": 0, "2015-09-30": 0, "2015-06-30": 0, "2015-03-31": "", "2014-12-31": 0, "2014-09-30": 0, "2014-06-30": 0, "2014-03-31": "", "2013-12-31": 0, "2013-09-30": 0, "2013-06-30": 0, "2013-03-31": "", "2012-12-31": 0, "2012-09-30": 0, "2012-06-30": 0, "2012-03-31": "", "2011-12-31": 0, "2011-09-30": 0, "2011-06-30": 0, "2011-03-31": "", "2010-12-31": 0, "2010-09-30": 0, "2010-06-30": 0, "2010-03-31": "", "2009-12-31": 0, "2009-09-30": 0, "2009-06-30": 0, "2009-03-31": "", "2008-12-31": -0.1, "2008-09-30": -3.3, "2008-06-30": 12.5, "2008-03-31": "-15.90000", "2007-12-31": -4.477, "2007-09-30": -0.467, "2007-06-30": 0.95, "2007-03-31": "-0.80600", "2006-12-31": -3.224, "2006-09-30": 0.031, "2006-06-30": -0.072, "2006-03-31": "-0.03500", "2005-12-31": -0.215, "2005-09-30": 0.011, "2005-06-30": -0.07, "2005-03-31": "-0.08300"}, "Cash Flow From Investing Activities": {"2020-09-30": -48.2, "2020-06-30": -15.1, "2020-03-31": "-100.60000", "2019-12-31": -39.2, "2019-09-30": -12.6, "2019-06-30": -79.9, "2019-03-31": "-26.70000", "2018-12-31": -156.3, "2018-09-30": -29.1, "2018-06-30": -46.1, "2018-03-31": "108.10000", "2017-12-31": 44.5, "2017-09-30": 47.3, "2017-06-30": -50.7, "2017-03-31": "-71.30000", "2016-12-31": -40.3, "2016-09-30": 19, "2016-06-30": 6.9, "2016-03-31": "-7.40000", "2015-12-31": -43.6, "2015-09-30": -37.3, "2015-06-30": -15.8, "2015-03-31": "-5.70000", "2014-12-31": -66.2, "2014-09-30": -52.9, "2014-06-30": -74.9, "2014-03-31": "-7.90000", "2013-12-31": -8.4, "2013-09-30": -19.5, "2013-06-30": -17.8, "2013-03-31": "-14.30000", "2012-12-31": -27.5, "2012-09-30": -15.3, "2012-06-30": -17.9, "2012-03-31": "-32.50000", "2011-12-31": -29, "2011-09-30": -7.2, "2011-06-30": -22.4, "2011-03-31": "-10.10000", "2010-12-31": -240.7, "2010-09-30": -9.8, "2010-06-30": -43.1, "2010-03-31": "-5.40000", "2009-12-31": -7.7, "2009-09-30": -2.3, "2009-06-30": -3.6, "2009-03-31": "-4.60000", "2008-12-31": -8.1, "2008-09-30": -13, "2008-06-30": 3.2, "2008-03-31": "-31.20000", "2007-12-31": -11.417, "2007-09-30": -4.963, "2007-06-30": -8.525, "2007-03-31": "-7.09500", "2006-12-31": -18.805, "2006-09-30": -26.218, "2006-06-30": 26.862, "2006-03-31": "13.06100", "2005-12-31": -8.693, "2005-09-30": -2.508, "2005-06-30": -2.864, "2005-03-31": "2.03600"}, "Net Long-Term Debt": {"2020-09-30": -0.6, "2020-06-30": -0.7, "2020-03-31": "0.90000", "2019-12-31": 597.7, "2019-09-30": -0.3, "2019-06-30": 0.2, "2019-03-31": "-4.30000", "2018-12-31": -3.9, "2018-09-30": -0.1, "2018-06-30": -0.7, "2018-03-31": "-0.10000", "2017-12-31": 0.1, "2017-09-30": -0.7, "2017-06-30": -0.2, "2017-03-31": "-0.10000", "2016-12-31": -0.2, "2016-09-30": -0.1, "2016-06-30": -0.2, "2016-03-31": "0.40000", "2015-12-31": -0.2, "2015-09-30": -0.2, "2015-06-30": -0.1, "2015-03-31": "-0.10000", "2014-12-31": -0.1, "2014-09-30": -0.2, "2014-06-30": -0.3, "2014-03-31": "-0.20000", "2013-12-31": -0.8, "2013-09-30": -0.3, "2013-06-30": 0.2, "2013-03-31": "-0.70000", "2012-12-31": -37.8, "2012-09-30": -19.1, "2012-06-30": -18.5, "2012-03-31": "-7.80000", "2011-12-31": -7.8, "2011-09-30": -7.8, "2011-06-30": -7.9, "2011-03-31": "-5.80000", "2010-12-31": -5.8, "2010-09-30": -5.9, "2010-06-30": -5.8, "2010-03-31": "-4.10000", "2009-12-31": -2.2, "2009-09-30": -4.2, "2009-06-30": -13.9, "2009-03-31": "-2.00000", "2008-12-31": -29, "2008-09-30": 8.9, "2008-06-30": 10.4, "2008-03-31": "149.60000", "2007-12-31": -1.362, "2007-09-30": -5.638, "2007-06-30": 0, "2007-03-31": "", "2006-12-31": -15.299, "2006-09-30": 2.217, "2006-06-30": -0.715, "2006-03-31": "-0.60300", "2005-12-31": -0.963, "2005-09-30": -3.944, "2005-06-30": -0.485, "2005-03-31": "-0.59400"}, "Net Current Debt": {"2020-09-30": -208.5, "2020-06-30": 3.4, "2020-03-31": "197.50000", "2019-12-31": -311.4, "2019-09-30": 28, "2019-06-30": 157.4, "2019-03-31": "-0.30000", "2018-12-31": 86.3, "2018-09-30": 20, "2018-06-30": 0, "2018-03-31": "-195.00000", "2017-12-31": -65, "2017-09-30": 50, "2017-06-30": 46, "2017-03-31": "-27.00000", "2016-12-31": 47, "2016-09-30": 22, "2016-06-30": 41, "2016-03-31": "36.00000", "2015-12-31": -104.5, "2015-09-30": 7, "2015-06-30": 10, "2015-03-31": "", "2014-12-31": 0, "2014-09-30": 0, "2014-06-30": 0, "2014-03-31": "", "2013-12-31": 0, "2013-09-30": 19.5, "2013-06-30": 0, "2013-03-31": "", "2012-12-31": 38, "2012-09-30": 35, "2012-06-30": 20, "2012-03-31": "23.50000", "2011-12-31": -0.3, "2011-09-30": 31.3, "2011-06-30": -0.3, "2011-03-31": "", "2010-12-31": 185.5, "2010-09-30": -0.1, "2010-06-30": -0.3, "2010-03-31": "-0.10000", "2009-12-31": -10.9, "2009-09-30": -15.7, "2009-06-30": -20.2, "2009-03-31": "-15.60000", "2008-12-31": 29.3, "2008-09-30": -29.6, "2008-06-30": -175.9, "2008-03-31": "209.30000", "2007-12-31": -4.448, "2007-09-30": 9.125, "2007-06-30": -2.784, "2007-03-31": "-12.39300", "2006-12-31": -8.421, "2006-09-30": 18.358, "2006-06-30": -0.561, "2006-03-31": "1.72400", "2005-12-31": -3.197, "2005-09-30": -0.295, "2005-06-30": -6.584, "2005-03-31": "4.71000"}, "Debt Issuance/Retirement Net - Total": {"2020-09-30": -209.1, "2020-06-30": 2.7, "2020-03-31": "198.40000", "2019-12-31": 286.3001, "2019-09-30": 27.7, "2019-06-30": 157.6, "2019-03-31": "-4.60000", "2018-12-31": 82.4, "2018-09-30": 19.9, "2018-06-30": -0.7, "2018-03-31": "-195.10000", "2017-12-31": -64.9, "2017-09-30": 49.3, "2017-06-30": 45.8, "2017-03-31": "-27.10000", "2016-12-31": 46.8, "2016-09-30": 21.9, "2016-06-30": 40.8, "2016-03-31": "36.40000", "2015-12-31": -104.7, "2015-09-30": 6.8, "2015-06-30": 9.9, "2015-03-31": "-0.10000", "2014-12-31": -0.1, "2014-09-30": -0.2, "2014-06-30": -0.3, "2014-03-31": "-0.20000", "2013-12-31": -0.8, "2013-09-30": 19.2, "2013-06-30": 0.2, "2013-03-31": "-0.70000", "2012-12-31": 0.2, "2012-09-30": 15.9, "2012-06-30": 1.5, "2012-03-31": "15.70000", "2011-12-31": -8.1, "2011-09-30": 23.5, "2011-06-30": -8.2, "2011-03-31": "-5.80000", "2010-12-31": 179.7, "2010-09-30": -6, "2010-06-30": -6.1, "2010-03-31": "-4.20000", "2009-12-31": -13.1, "2009-09-30": -19.9, "2009-06-30": -34.1, "2009-03-31": "-17.60000", "2008-12-31": 0.3, "2008-09-30": -20.7, "2008-06-30": -165.5, "2008-03-31": "358.90000", "2007-12-31": -5.81, "2007-09-30": 3.487, "2007-06-30": -2.784, "2007-03-31": "-12.39300", "2006-12-31": -23.72, "2006-09-30": 20.575, "2006-06-30": -1.276, "2006-03-31": "1.12100", "2005-12-31": -4.16, "2005-09-30": -4.239, "2005-06-30": -7.069, "2005-03-31": "4.11600"}, "Net Common Equity Issued/Repurchased": {"2020-09-30": -5.2, "2020-06-30": -48.7, "2020-03-31": "0.60000", "2019-12-31": 2.8, "2019-09-30": -40, "2019-06-30": -97.3, "2019-03-31": "3.10000", "2018-12-31": 0.5, "2018-09-30": 1.9, "2018-06-30": 4.4, "2018-03-31": "2.60000", "2017-12-31": -17.8, "2017-09-30": -81.9, "2017-06-30": -33.7, "2017-03-31": "1.20000", "2016-12-31": -15.2, "2016-09-30": -25.3, "2016-06-30": -36.6, "2016-03-31": "-71.40000", "2015-12-31": -61.3, "2015-09-30": -6.9, "2015-06-30": -14.3, "2015-03-31": "3.30000", "2014-12-31": 0.6, "2014-09-30": 2.5, "2014-06-30": 1.8, "2014-03-31": "3.00000", "2013-12-31": 0.2, "2013-09-30": 3.5, "2013-06-30": 0.4, "2013-03-31": "4.10000", "2012-12-31": 0.9, "2012-09-30": 0.2, "2012-06-30": 1.6, "2012-03-31": "1.80000", "2011-12-31": 0.2, "2011-09-30": 0.1, "2011-06-30": 0.5, "2011-03-31": "2.50000", "2010-12-31": 3.3, "2010-09-30": 0.5, "2010-06-30": 0.6, "2010-03-31": "1.60000", "2009-12-31": 0.9, "2009-09-30": 0.5, "2009-06-30": 0.1, "2009-03-31": "", "2008-12-31": 0, "2008-09-30": 2.3, "2008-06-30": 1.4, "2008-03-31": "", "2007-12-31": 0.828, "2007-09-30": 0.447, "2007-06-30": 0.369, "2007-03-31": "17.95600", "2006-12-31": 1.282, "2006-09-30": 0.263, "2006-06-30": 0.146, "2006-03-31": "0.00900", "2005-12-31": 0.164, "2005-09-30": 0.202, "2005-06-30": 0.01, "2005-03-31": "0.00100"}, "Net Total Equity Issued/Repurchased": {"2020-09-30": -5.2, "2020-06-30": -48.7, "2020-03-31": "0.60000", "2019-12-31": 2.8, "2019-09-30": -40, "2019-06-30": -97.3, "2019-03-31": "3.10000", "2018-12-31": 0.5, "2018-09-30": 1.9, "2018-06-30": 4.4, "2018-03-31": "2.60000", "2017-12-31": -17.8, "2017-09-30": -81.9, "2017-06-30": -33.7, "2017-03-31": "1.20000", "2016-12-31": -15.2, "2016-09-30": -25.3, "2016-06-30": -36.6, "2016-03-31": "-71.40000", "2015-12-31": -61.3, "2015-09-30": -6.9, "2015-06-30": -14.3, "2015-03-31": "3.30000", "2014-12-31": 0.6, "2014-09-30": 2.5, "2014-06-30": 1.8, "2014-03-31": "3.00000", "2013-12-31": 0.2, "2013-09-30": 3.5, "2013-06-30": 0.4, "2013-03-31": "4.10000", "2012-12-31": 0.9, "2012-09-30": 0.2, "2012-06-30": 1.6, "2012-03-31": "1.80000", "2011-12-31": 0.2, "2011-09-30": 0.1, "2011-06-30": 0.5, "2011-03-31": "2.50000", "2010-12-31": 3.3, "2010-09-30": 0.5, "2010-06-30": 0.6, "2010-03-31": "1.60000", "2009-12-31": 0.9, "2009-09-30": 0.5, "2009-06-30": 0.1, "2009-03-31": "", "2008-12-31": 0, "2008-09-30": 2.3, "2008-06-30": 1.4, "2008-03-31": "", "2007-12-31": 0.828, "2007-09-30": 0.447, "2007-06-30": 0.369, "2007-03-31": "17.95600", "2006-12-31": 1.282, "2006-09-30": 0.263, "2006-06-30": 0.146, "2006-03-31": "0.00900", "2005-12-31": 0.164, "2005-09-30": 0.202, "2005-06-30": 0.01, "2005-03-31": "0.00100"}, "Total Common And Preferred Stock Dividends Paid": {"2020-09-30": -6.2, "2020-06-30": -6.1, "2020-03-31": "-6.20000", "2019-12-31": 18.8, "2019-09-30": -6.2, "2019-06-30": -6.3, "2019-03-31": "-6.30000", "2018-12-31": 17.9, "2018-09-30": -6.3, "2018-06-30": -6.2, "2018-03-31": "-6.30000", "2017-12-31": 18.1, "2017-09-30": -6.3, "2017-06-30": -6.4, "2017-03-31": "-6.40000", "2016-12-31": 18.7, "2016-09-30": -6.4, "2016-06-30": -6.5, "2016-03-31": "-6.50000", "2015-12-31": -1.3, "2015-09-30": 0, "2015-06-30": 0, "2015-03-31": "", "2014-12-31": 0, "2014-09-30": 0, "2014-06-30": 0, "2014-03-31": "", "2013-12-31": 0, "2013-09-30": 0, "2013-06-30": 0, "2013-03-31": "", "2012-12-31": 0, "2012-09-30": 0, "2012-06-30": 0, "2012-03-31": "", "2011-12-31": 0, "2011-09-30": 0, "2011-06-30": 0, "2011-03-31": "", "2010-12-31": 0, "2010-09-30": 0, "2010-06-30": 0, "2010-03-31": "", "2009-12-31": 0, "2009-09-30": 0, "2009-06-30": 0, "2009-03-31": "", "2008-12-31": 23.4, "2008-09-30": 0, "2008-06-30": 0, "2008-03-31": "-409.40000", "2007-12-31": -42.759, "2007-09-30": -5, "2007-06-30": -37.641, "2007-03-31": "", "2006-12-31": -103.5, "2006-09-30": 0, "2006-06-30": 0, "2006-03-31": "", "2005-12-31": 0, "2005-09-30": 0, "2005-06-30": 0, "2005-03-31": ""}, "Financial Activities - Other": {"2020-09-30": -5, "2020-06-30": -1, "2020-03-31": "-1.50000", "2019-12-31": -30, "2019-09-30": -1, "2019-06-30": -3.6, "2019-03-31": "-1.00000", "2018-12-31": -24.2, "2018-09-30": -0.9, "2018-06-30": -2.3, "2018-03-31": "", "2017-12-31": -24.9, "2017-09-30": 0, "2017-06-30": -4, "2017-03-31": "", "2016-12-31": -24.2, "2016-09-30": -0.7, "2016-06-30": 0.3, "2016-03-31": "", "2015-12-31": -0.9, "2015-09-30": 0, "2015-06-30": -0.8, "2015-03-31": "0.90000", "2014-12-31": 0, "2014-09-30": 0.7, "2014-06-30": -0.8, "2014-03-31": "-0.30000", "2013-12-31": 2.3, "2013-09-30": -0.6, "2013-06-30": 1.8, "2013-03-31": "-3.10000", "2012-12-31": 0.1, "2012-09-30": -0.4, "2012-06-30": -0.4, "2012-03-31": "-2.70000", "2011-12-31": 0.7, "2011-09-30": 0.9, "2011-06-30": -2.2, "2011-03-31": "-0.80000", "2010-12-31": -0.2, "2010-09-30": -0.1, "2010-06-30": 0.9, "2010-03-31": "-1.70000", "2009-12-31": -0.2, "2009-09-30": -0.2, "2009-06-30": -0.3, "2009-03-31": "-0.20000", "2008-12-31": -21.5, "2008-09-30": 0, "2008-06-30": 0, "2008-03-31": "-2.90000", "2007-12-31": 0.9, "2007-09-30": 0, "2007-06-30": 0, "2007-03-31": "", "2006-12-31": 74.021, "2006-09-30": -74.021, "2006-06-30": 0, "2006-03-31": "", "2005-12-31": 0, "2005-09-30": 0, "2005-06-30": 0, "2005-03-31": ""}, "Cash Flow From Financial Activities": {"2020-09-30": -225.5, "2020-06-30": -53.1, "2020-03-31": "191.30000", "2019-12-31": 277.9, "2019-09-30": -19.5, "2019-06-30": 50.4, "2019-03-31": "-8.80000", "2018-12-31": 76.6, "2018-09-30": 14.6, "2018-06-30": -4.8, "2018-03-31": "-198.80000", "2017-12-31": -89.5, "2017-09-30": -38.9, "2017-06-30": 1.7, "2017-03-31": "-32.30000", "2016-12-31": 26.1, "2016-09-30": -10.5, "2016-06-30": -2, "2016-03-31": "-41.50000", "2015-12-31": -168.2, "2015-09-30": -0.1, "2015-06-30": -5.2, "2015-03-31": "4.10000", "2014-12-31": 0.5, "2014-09-30": 3, "2014-06-30": 0.7, "2014-03-31": "2.50000", "2013-12-31": 1.7, "2013-09-30": 22.1, "2013-06-30": 2.4, "2013-03-31": "0.30000", "2012-12-31": 1.2, "2012-09-30": 15.7, "2012-06-30": 2.7, "2012-03-31": "14.80000", "2011-12-31": -7.2, "2011-09-30": 24.5, "2011-06-30": -9.9, "2011-03-31": "-4.10000", "2010-12-31": 182.8, "2010-09-30": -5.6, "2010-06-30": -4.6, "2010-03-31": "-4.30000", "2009-12-31": -12.4, "2009-09-30": -19.6, "2009-06-30": -34.3, "2009-03-31": "-17.80000", "2008-12-31": 2.2, "2008-09-30": -18.4, "2008-06-30": -164.1, "2008-03-31": "-53.40000", "2007-12-31": -46.841, "2007-09-30": -1.066, "2007-06-30": -40.056, "2007-03-31": "5.56300", "2006-12-31": -51.917, "2006-09-30": -53.183, "2006-06-30": -1.13, "2006-03-31": "1.13000", "2005-12-31": -3.996, "2005-09-30": -4.037, "2005-06-30": -7.059, "2005-03-31": "4.11700"}, "Net Cash Flow": {"2020-09-30": -179.8, "2020-06-30": -48.5, "2020-03-31": "117.00000", "2019-12-31": 381.9, "2019-09-30": 13.5, "2019-06-30": -16.1, "2019-03-31": "-23.70000", "2018-12-31": 51.5, "2018-09-30": 12.3, "2018-06-30": -25.3, "2018-03-31": "-41.10000", "2017-12-31": 61.1, "2017-09-30": 46.4, "2017-06-30": -59.3, "2017-03-31": "-65.20000", "2016-12-31": 63.6, "2016-09-30": 46.2, "2016-06-30": 21.8, "2016-03-31": "-56.90000", "2015-12-31": -65.1, "2015-09-30": 10.2, "2015-06-30": -13.7, "2015-03-31": "15.00000", "2014-12-31": -9.7, "2014-09-30": -60.6, "2014-06-30": -64.2, "2014-03-31": "15.30000", "2013-12-31": 131.9, "2013-09-30": 55.9, "2013-06-30": -18.5, "2013-03-31": "-41.20000", "2012-12-31": 68.5, "2012-09-30": 1.8, "2012-06-30": 10.8, "2012-03-31": "-16.50000", "2011-12-31": 50.2, "2011-09-30": 26, "2011-06-30": -23.5, "2011-03-31": "-37.10000", "2010-12-31": 42.4, "2010-09-30": 0.4, "2010-06-30": -15.5, "2010-03-31": "-4.00000", "2009-12-31": 58.6, "2009-09-30": -4.1, "2009-06-30": 4.2, "2009-03-31": "-17.80000", "2008-12-31": 81.9, "2008-09-30": -41.1, "2008-06-30": -172.9, "2008-03-31": "-34.10000", "2007-12-31": 24.718, "2007-09-30": 26.134, "2007-06-30": -52.276, "2007-03-31": "22.62400", "2006-12-31": 18.181, "2006-09-30": -65.274, "2006-06-30": 27.517, "2006-03-31": "19.27600", "2005-12-31": 5.003, "2005-09-30": 1.398, "2005-06-30": 5.103, "2005-03-31": "9.70800"}, "Stock-Based Compensation": {"2020-09-30": 4.5, "2020-06-30": 3.1, "2020-03-31": "3.30000", "2019-12-31": -0.5, "2019-09-30": 4, "2019-06-30": 3, "2019-03-31": "3.10000", "2018-12-31": 3.1, "2018-09-30": 3.3, "2018-06-30": 2.4, "2018-03-31": "2.50000", "2017-12-31": 2.6, "2017-09-30": 3.1, "2017-06-30": 2.7, "2017-03-31": "2.60000", "2016-12-31": 2.6, "2016-09-30": 2.5, "2016-06-30": 2.1, "2016-03-31": "2.20000", "2015-12-31": 2.2, "2015-09-30": 2.2, "2015-06-30": 1.4, "2015-03-31": "2.20000", "2014-12-31": 2.3, "2014-09-30": 2.1, "2014-06-30": 3, "2014-03-31": "2.00000", "2013-12-31": 1.8, "2013-09-30": 1.6, "2013-06-30": 1.4, "2013-03-31": "1.80000", "2012-12-31": 1.9, "2012-09-30": 2.1, "2012-06-30": 1.9, "2012-03-31": "1.90000", "2011-12-31": 2.1, "2011-09-30": 2, "2011-06-30": 2, "2011-03-31": "1.80000", "2010-12-31": 1.9, "2010-09-30": 1.7, "2010-06-30": 1.7, "2010-03-31": "1.60000", "2009-12-31": 1.5, "2009-09-30": 1.5, "2009-06-30": 1.5, "2009-03-31": "1.80000", "2008-12-31": 1.4, "2008-09-30": 1.3, "2008-06-30": 1.1, "2008-03-31": "0.70000", "2007-12-31": 0.703, "2007-09-30": 1.497, "2007-06-30": 0, "2007-03-31": "", "2006-12-31": 1.5, "2006-09-30": 0, "2006-06-30": 0, "2006-03-31": "", "2005-12-31": 0.028, "2005-09-30": 0, "2005-06-30": 0, "2005-03-31": ""}, "Common Stock Dividends Paid": {"2020-09-30": -6.2, "2020-06-30": -6.1, "2020-03-31": "-6.20000", "2019-12-31": 18.8, "2019-09-30": -6.2, "2019-06-30": -6.3, "2019-03-31": "-6.30000", "2018-12-31": 17.9, "2018-09-30": -6.3, "2018-06-30": -6.2, "2018-03-31": "-6.30000", "2017-12-31": 18.1, "2017-09-30": -6.3, "2017-06-30": -6.4, "2017-03-31": "-6.40000", "2016-12-31": 18.7, "2016-09-30": -6.4, "2016-06-30": -6.5, "2016-03-31": "-6.50000", "2015-12-31": -1.3, "2015-09-30": 0, "2015-06-30": 0, "2015-03-31": "", "2014-12-31": 0, "2014-09-30": 0, "2014-06-30": 0, "2014-03-31": "", "2013-12-31": 0, "2013-09-30": 0, "2013-06-30": 0, "2013-03-31": "", "2012-12-31": 0, "2012-09-30": 0, "2012-06-30": 0, "2012-03-31": "", "2011-12-31": 0, "2011-09-30": 0, "2011-06-30": 0, "2011-03-31": "", "2010-12-31": 0, "2010-09-30": 0, "2010-06-30": 0, "2010-03-31": "", "2009-12-31": 0, "2009-09-30": 0, "2009-06-30": 0, "2009-03-31": "", "2008-12-31": 23.4, "2008-09-30": 0, "2008-06-30": 0, "2008-03-31": "-409.40000", "2007-12-31": -42.759, "2007-09-30": -5, "2007-06-30": -37.641, "2007-03-31": "", "2006-12-31": -103.5, "2006-09-30": 0, "2006-06-30": 0, "2006-03-31": "", "2005-12-31": 0, "2005-09-30": 0, "2005-06-30": 0, "2005-03-31": ""}}, "financial ratios": {"Current Ratio": {"2019-12-31": "2.78240", "2018-12-31": "2.17640", "2017-12-31": "2.59070", "2016-12-31": "2.43170", "2015-12-31": "2.22090", "2014-12-31": "2.34480", "2013-12-31": "2.20770", "2012-12-31": "1.92090", "2011-12-31": "1.57990", "2010-12-31": "1.26410", "2009-12-31": "1.61670", "2008-12-31": "1.57920", "2007-12-31": "1.84230", "2006-12-31": "1.51050", "2005-12-31": "2.13210"}, "Long-term Debt / Capital": {"2019-12-31": "0.46990", "2018-12-31": "0.26280", "2017-12-31": "0.36170", "2016-12-31": "0.36100", "2015-12-31": "0.26570", "2014-12-31": "0.31460", "2013-12-31": "0.29410", "2012-12-31": "0.32130", "2011-12-31": "0.25990", "2010-12-31": "0.14100", "2009-12-31": "0.21650", "2008-12-31": "0.36890", "2007-12-31": "0.01340", "2006-12-31": "0.10670", "2005-12-31": "0.09850"}, "Debt/Equity Ratio": {"2019-12-31": "0.88680", "2018-12-31": "0.37690", "2017-12-31": "0.56660", "2016-12-31": "0.59400", "2015-12-31": "0.36270", "2014-12-31": "0.46000", "2013-12-31": "0.41750", "2012-12-31": "0.47510", "2011-12-31": "0.48500", "2010-12-31": "0.57070", "2009-12-31": "0.32880", "2008-12-31": "0.71570", "2007-12-31": "0.06960", "2006-12-31": "0.23360", "2005-12-31": "0.15100"}, "Gross Margin": {"2019-12-31": "48.02180", "2018-12-31": "47.47840", "2017-12-31": "46.20870", "2016-12-31": "46.25460", "2015-12-31": "43.63840", "2014-12-31": "42.19690", "2013-12-31": "43.77510", "2012-12-31": "46.29900", "2011-12-31": "45.55910", "2010-12-31": "46.28710", "2009-12-31": "46.43340", "2008-12-31": "45.61470", "2007-12-31": "46.06740", "2006-12-31": "47.04020", "2005-12-31": "44.58770"}, "Operating Margin": {"2019-12-31": "14.51800", "2018-12-31": "13.84260", "2017-12-31": "12.42990", "2016-12-31": "11.28280", "2015-12-31": "8.97280", "2014-12-31": "5.82670", "2013-12-31": "8.05700", "2012-12-31": "8.70830", "2011-12-31": "9.42060", "2010-12-31": "11.93190", "2009-12-31": "12.26560", "2008-12-31": "9.77330", "2007-12-31": "13.33790", "2006-12-31": "12.48530", "2005-12-31": "6.02330"}, "EBIT Margin": {"2019-12-31": "14.51800", "2018-12-31": "13.84260", "2017-12-31": "12.42990", "2016-12-31": "11.28280", "2015-12-31": "8.97280", "2014-12-31": "5.82670", "2013-12-31": "8.05700", "2012-12-31": "8.70830", "2011-12-31": "9.42060", "2010-12-31": "11.93190", "2009-12-31": "12.26560", "2008-12-31": "9.77330", "2007-12-31": "13.33790", "2006-12-31": "12.48530", "2005-12-31": "6.02330"}, "EBITDA Margin": {"2019-12-31": "18.16560", "2018-12-31": "17.26630", "2017-12-31": "16.04850", "2016-12-31": "14.65280", "2015-12-31": "12.25520", "2014-12-31": "9.12710", "2013-12-31": "11.38960", "2012-12-31": "12.00740", "2011-12-31": "12.62340", "2010-12-31": "14.69840", "2009-12-31": "14.99330", "2008-12-31": "12.47400", "2007-12-31": "16.04030", "2006-12-31": "15.53910", "2005-12-31": "8.84560"}, "Pre-Tax Profit Margin": {"2019-12-31": "13.52890", "2018-12-31": "12.90880", "2017-12-31": "11.20110", "2016-12-31": "11.02220", "2015-12-31": "7.88270", "2014-12-31": "5.60010", "2013-12-31": "6.77390", "2012-12-31": "7.72020", "2011-12-31": "8.80910", "2010-12-31": "11.50280", "2009-12-31": "11.58370", "2008-12-31": "8.41840", "2007-12-31": "13.89970", "2006-12-31": "13.03740", "2005-12-31": "5.81380"}, "Net Profit Margin": {"2019-12-31": "9.51460", "2018-12-31": "9.47980", "2017-12-31": "4.45100", "2016-12-31": "9.53270", "2015-12-31": "6.25690", "2014-12-31": "3.13450", "2013-12-31": "4.35470", "2012-12-31": "4.32620", "2011-12-31": "5.58820", "2010-12-31": "7.31090", "2009-12-31": "7.28580", "2008-12-31": "5.86220", "2007-12-31": "9.57960", "2006-12-31": "8.73850", "2005-12-31": "2.61840"}, "Asset Turnover": {"2019-12-31": "0.74780", "2018-12-31": "0.89050", "2017-12-31": "0.90630", "2016-12-31": "0.89100", "2015-12-31": "0.93860", "2014-12-31": "0.97000", "2013-12-31": "0.92510", "2012-12-31": "0.96500", "2011-12-31": "0.96560", "2010-12-31": "0.84200", "2009-12-31": "0.95070", "2008-12-31": "0.99180", "2007-12-31": "0.78770", "2006-12-31": "1.96540", "2005-12-31": "0.87870"}, "Inventory Turnover Ratio": {"2019-12-31": "1.86640", "2018-12-31": "1.95370", "2017-12-31": "1.95370", "2016-12-31": "1.96640", "2015-12-31": "2.16870", "2014-12-31": "2.19020", "2013-12-31": "1.75350", "2012-12-31": "1.57320", "2011-12-31": "1.56060", "2010-12-31": "1.37160", "2009-12-31": "1.41200", "2008-12-31": "1.41640", "2007-12-31": "1.24730", "2006-12-31": "3.35230", "2005-12-31": "1.75320"}, "Receiveable Turnover": {"2019-12-31": "5.72230", "2018-12-31": "5.30680", "2017-12-31": "5.53050", "2016-12-31": "6.60640", "2015-12-31": "6.91860", "2014-12-31": "6.16950", "2013-12-31": "5.97980", "2012-12-31": "6.19220", "2011-12-31": "5.84050", "2010-12-31": "5.60280", "2009-12-31": "6.05380", "2008-12-31": "6.44040", "2007-12-31": "5.57450", "2006-12-31": "9.60600", "2005-12-31": "5.00490"}, "Days Sales In Receivables": {"2019-12-31": "63.78610", "2018-12-31": "68.77930", "2017-12-31": "65.99720", "2016-12-31": "55.24950", "2015-12-31": "52.75620", "2014-12-31": "59.16190", "2013-12-31": "61.03840", "2012-12-31": "58.94520", "2011-12-31": "62.49440", "2010-12-31": "65.14560", "2009-12-31": "60.29300", "2008-12-31": "56.67370", "2007-12-31": "65.47660", "2006-12-31": "37.99700", "2005-12-31": "72.92780"}, "ROE - Return On Equity": {"2019-12-31": "21.58980", "2018-12-31": "19.99780", "2017-12-31": "10.94750", "2016-12-31": "22.29120", "2015-12-31": "14.31300", "2014-12-31": "7.72320", "2013-12-31": "9.62130", "2012-12-31": "11.01870", "2011-12-31": "15.04240", "2010-12-31": "18.35420", "2009-12-31": "19.34100", "2008-12-31": "20.85070", "2007-12-31": "15.57480", "2006-12-31": "38.85810", "2005-12-31": "4.24880"}, "Return On Tangible Equity": {"2019-12-31": "50.65230", "2018-12-31": "44.07110", "2017-12-31": "16.68400", "2016-12-31": "31.35150", "2015-12-31": "19.88250", "2014-12-31": "10.64100", "2013-12-31": "13.25340", "2012-12-31": "16.40100", "2011-12-31": "24.20810", "2010-12-31": "33.03750", "2009-12-31": "22.10700", "2008-12-31": "25.04800", "2007-12-31": "16.81970", "2006-12-31": "50.92050", "2005-12-31": "4.63350"}, "ROA - Return On Assets": {"2019-12-31": "7.14410", "2018-12-31": "8.50320", "2017-12-31": "4.12110", "2016-12-31": "8.54350", "2015-12-31": "6.06360", "2014-12-31": "3.19610", "2013-12-31": "4.11410", "2012-12-31": "4.21250", "2011-12-31": "5.49550", "2010-12-31": "6.24600", "2009-12-31": "6.90950", "2008-12-31": "5.84070", "2007-12-31": "7.54560", "2006-12-31": "17.17500", "2005-12-31": "2.30080"}, "ROI - Return On Investment": {"2019-12-31": "11.44580", "2018-12-31": "14.74300", "2017-12-31": "6.98810", "2016-12-31": "14.24360", "2015-12-31": "10.51000", "2014-12-31": "5.29350", "2013-12-31": "6.79120", "2012-12-31": "7.47900", "2011-12-31": "11.13350", "2010-12-31": "15.76550", "2009-12-31": "15.15440", "2008-12-31": "13.15840", "2007-12-31": "15.36670", "2006-12-31": "34.71300", "2005-12-31": "3.83020"}, "Book Value Per Share": {"2019-12-31": "5.94920", "2018-12-31": "5.77940", "2017-12-31": "4.70600", "2016-12-31": "4.33580", "2015-12-31": "4.43230", "2014-12-31": "4.57910", "2013-12-31": "5.07340", "2012-12-31": "4.25980", "2011-12-31": "3.76740", "2010-12-31": "3.19190", "2009-12-31": "2.54790", "2008-12-31": "1.90590", "2007-12-31": "3.88970", "2006-12-31": "1.86690", "2005-12-31": "2.26900"}, "Operating Cash Flow Per Share": {"2019-12-31": -0.1621, "2018-12-31": 0.5543, "2017-12-31": 0.1641, "2016-12-31": -0.549, "2015-12-31": 0.6811, "2014-12-31": -0.1862, "2013-12-31": 0.0654, "2012-12-31": 0.2696, "2011-12-31": -0.4166, "2010-12-31": 0.0337, "2009-12-31": 0.2629, "2008-12-31": -0.0094, "2007-12-31": 0.1184, "2006-12-31": 0.0448, "2005-12-31": 0.4917}, "Free Cash Flow Per Share": {"2019-12-31": -0.2476, "2018-12-31": 0.4463, "2017-12-31": 0.1836, "2016-12-31": -0.574, "2015-12-31": 0.6653, "2014-12-31": -0.0771, "2013-12-31": 0.1904, "2012-12-31": 0.1804, "2011-12-31": -0.5663, "2010-12-31": -0.0438, "2009-12-31": 0.4503, "2008-12-31": -0.1361, "2007-12-31": 0.1163, "2006-12-31": -0.0652, "2005-12-31": 0.4443}}, "financial ratios, quarterly": {"Current Ratio": {"2020-09-30": "2.67290", "2020-06-30": "2.61060", "2020-03-31": "2.59860", "2019-12-31": "2.78240", "2019-09-30": "2.23020", "2019-06-30": "2.19410", "2019-03-31": "2.12380", "2018-12-31": "2.17640", "2018-09-30": "2.24030", "2018-06-30": "2.22390", "2018-03-31": "2.22030", "2017-12-31": "2.59070", "2017-09-30": "2.60330", "2017-06-30": "2.63290", "2017-03-31": "2.45500", "2016-12-31": "2.43170", "2016-09-30": "2.29230", "2016-06-30": "2.27140", "2016-03-31": "2.26210", "2015-12-31": "2.22090", "2015-09-30": "2.05060", "2015-06-30": "2.07750", "2015-03-31": "2.41410", "2014-12-31": "2.34480", "2014-09-30": "2.29460", "2014-06-30": "2.33160", "2014-03-31": "2.20040", "2013-12-31": "2.20770", "2013-09-30": "2.12260", "2013-06-30": "2.09660", "2013-03-31": "1.98620", "2012-12-31": "1.92090", "2012-09-30": "1.81340", "2012-06-30": "1.61200", "2012-03-31": "1.61430", "2011-12-31": "1.57990", "2011-09-30": "1.27150", "2011-06-30": "1.29430", "2011-03-31": "1.28060", "2010-12-31": "1.26410", "2010-09-30": "1.61260", "2010-06-30": "1.53650", "2010-03-31": "1.60720", "2009-12-31": "1.61670", "2009-09-30": "1.57100", "2009-06-30": "1.52000", "2009-03-31": "1.57410", "2008-12-31": "1.57920", "2008-09-30": "1.51510", "2008-06-30": "1.49060", "2008-03-31": "1.30650", "2007-12-31": "1.84230", "2007-09-30": "1.63190", "2007-06-30": "1.64240", "2007-03-31": "1.59770", "2006-12-31": "1.51050", "2006-09-30": "1.52860", "2006-06-30": "2.37160", "2006-03-31": "2.35930", "2005-12-31": "2.13210", "2005-09-30": "2.42010", "2005-06-30": "2.50720", "2005-03-31": "2.43740"}, "Long-term Debt / Capital": {"2020-09-30": "0.46240", "2020-06-30": "0.50480", "2020-03-31": "0.49730", "2019-12-31": "0.46990", "2019-09-30": "0.37760", "2019-06-30": "0.36210", "2019-03-31": "0.26480", "2018-12-31": "0.26280", "2018-09-30": "0.21440", "2018-06-30": "0.20750", "2018-03-31": "0.20640", "2017-12-31": "0.36170", "2017-09-30": "0.39370", "2017-06-30": "0.36080", "2017-03-31": "0.34460", "2016-12-31": "0.36100", "2016-09-30": "0.32970", "2016-06-30": "0.32490", "2016-03-31": "0.28440", "2015-12-31": "0.26570", "2015-09-30": "0.23890", "2015-06-30": "0.23930", "2015-03-31": "0.32910", "2014-12-31": "0.31460", "2014-09-30": "0.30360", "2014-06-30": "0.28610", "2014-03-31": "0.28970", "2013-12-31": "0.29410", "2013-09-30": "0.31240", "2013-06-30": "0.31700", "2013-03-31": "0.32630", "2012-12-31": "0.32130", "2012-09-30": "0.29990", "2012-06-30": "0.27490", "2012-03-31": "0.26870", "2011-12-31": "0.25990", "2011-09-30": "0.06340", "2011-06-30": "0.08710", "2011-03-31": "0.12140", "2010-12-31": "0.14100", "2010-09-30": "0.16030", "2010-06-30": "0.19760", "2010-03-31": "0.20780", "2009-12-31": "0.21650", "2009-09-30": "0.24380", "2009-06-30": "0.27490", "2009-03-31": "0.36710", "2008-12-31": "0.36890", "2008-09-30": "0.36570", "2008-06-30": "0.36260", "2008-03-31": "0.36900", "2007-12-31": "0.01340", "2007-09-30": "0.07050", "2007-06-30": "0.07340", "2007-03-31": "0.09600", "2006-12-31": "0.10670", "2006-09-30": "0.13280", "2006-06-30": "0.09150", "2006-03-31": "0.09140", "2005-12-31": "0.09850", "2005-09-30": "0.09540", "2005-06-30": "0.10390", "2005-03-31": "0.11000"}, "Debt/Equity Ratio": {"2020-09-30": "0.86210", "2020-06-30": "1.13050", "2020-03-31": "1.09300", "2019-12-31": "0.88680", "2019-09-30": "0.60700", "2019-06-30": "0.56800", "2019-03-31": "0.36310", "2018-12-31": "0.37690", "2018-09-30": "0.29160", "2018-06-30": "0.28090", "2018-03-31": "0.27910", "2017-12-31": "0.56660", "2017-09-30": "0.64940", "2017-06-30": "0.56450", "2017-03-31": "0.52600", "2016-12-31": "0.59400", "2016-09-30": "0.52060", "2016-06-30": "0.51160", "2016-03-31": "0.42620", "2015-12-31": "0.36270", "2015-09-30": "0.48360", "2015-06-30": "0.47500", "2015-03-31": "0.49140", "2014-12-31": "0.46000", "2014-09-30": "0.43680", "2014-06-30": "0.40170", "2014-03-31": "0.40860", "2013-12-31": "0.41750", "2013-09-30": "0.45570", "2013-06-30": "0.46560", "2013-03-31": "0.48600", "2012-12-31": "0.47510", "2012-09-30": "0.48430", "2012-06-30": "0.50020", "2012-03-31": "0.48270", "2011-12-31": "0.48500", "2011-09-30": "0.51630", "2011-06-30": "0.45620", "2011-03-31": "0.51690", "2010-12-31": "0.57070", "2010-09-30": "0.24570", "2010-06-30": "0.30710", "2010-03-31": "0.31870", "2009-12-31": "0.32880", "2009-09-30": "0.40510", "2009-06-30": "0.50730", "2009-03-31": "0.68370", "2008-12-31": "0.71570", "2008-09-30": "0.72690", "2008-06-30": "0.78410", "2008-03-31": "1.45840", "2007-12-31": "0.06960", "2007-09-30": "0.16390", "2007-06-30": "0.14870", "2007-03-31": "0.16020", "2006-12-31": "0.23360", "2006-09-30": "0.31960", "2006-06-30": "0.14480", "2006-03-31": "0.14520", "2005-12-31": "0.15100", "2005-09-30": "0.15840", "2005-06-30": "0.16090", "2005-03-31": "0.19770"}, "Gross Margin": {"2020-09-30": "48.55300", "2020-06-30": "43.85300", "2020-03-31": "45.35380", "2019-12-31": "49.39160", "2019-09-30": "48.72390", "2019-06-30": "47.00120", "2019-03-31": "46.53230", "2018-12-31": "49.27750", "2018-09-30": "47.70680", "2018-06-30": "46.24750", "2018-03-31": "46.18950", "2017-12-31": "48.29410", "2017-09-30": "45.66120", "2017-06-30": "44.46850", "2017-03-31": "45.83010", "2016-12-31": "47.45910", "2016-09-30": "47.01700", "2016-06-30": "45.76270", "2016-03-31": "44.43260", "2015-12-31": "44.22830", "2015-09-30": "42.28730", "2015-06-30": "42.77780", "2015-03-31": "45.31820", "2014-12-31": "42.48030", "2014-09-30": "39.85230", "2014-06-30": "43.83470", "2014-03-31": "42.41210", "2013-12-31": "42.72780", "2013-09-30": "44.00910", "2013-06-30": "44.31740", "2013-03-31": "44.35690", "2012-12-31": "46.53010", "2012-09-30": "46.91830", "2012-06-30": "44.73500", "2012-03-31": "46.94280", "2011-12-31": "45.82190", "2011-09-30": "45.26770", "2011-06-30": "45.76270", "2011-03-31": "45.32210", "2010-12-31": "47.08000", "2010-09-30": "47.22760", "2010-06-30": "44.96510", "2010-03-31": "45.48070", "2009-12-31": "50.32750", "2009-09-30": "44.96420", "2009-06-30": "44.03960", "2009-03-31": "44.55530", "2008-12-31": "47.68400", "2008-09-30": "45.89010", "2008-06-30": "41.60510", "2008-03-31": "47.83890", "2007-12-31": "49.31780", "2007-09-30": "45.95800", "2007-06-30": "41.92090", "2007-03-31": "45.55740", "2006-12-31": "47.95760", "2006-09-30": "44.03830", "2006-06-30": "46.00080", "2006-03-31": "46.12890", "2005-12-31": "46.64570", "2005-09-30": "45.07130", "2005-06-30": "42.79930", "2005-03-31": "41.88840"}, "Operating Margin": {"2020-09-30": "15.87800", "2020-06-30": "8.92610", "2020-03-31": "3.86790", "2019-12-31": "19.62000", "2019-09-30": "16.84900", "2019-06-30": "10.91390", "2019-03-31": "9.08110", "2018-12-31": "19.21970", "2018-09-30": "14.80930", "2018-06-30": "10.99840", "2018-03-31": "8.82560", "2017-12-31": "17.96420", "2017-09-30": "11.77690", "2017-06-30": "8.50810", "2017-03-31": "9.76880", "2016-12-31": "17.32940", "2016-09-30": "11.65270", "2016-06-30": "5.48830", "2016-03-31": "9.05700", "2015-12-31": "14.78460", "2015-09-30": "7.11940", "2015-06-30": "7.97980", "2015-03-31": "4.29990", "2014-12-31": "8.75990", "2014-09-30": "1.16720", "2014-06-30": "7.73940", "2014-03-31": "4.86190", "2013-12-31": "11.04870", "2013-09-30": "7.17540", "2013-06-30": "9.56250", "2013-03-31": "3.10120", "2012-12-31": "7.57780", "2012-09-30": "13.46580", "2012-06-30": "5.25320", "2012-03-31": "8.48130", "2011-12-31": "11.30290", "2011-09-30": "8.96270", "2011-06-30": "9.64610", "2011-03-31": "7.19890", "2010-12-31": "12.40090", "2010-09-30": "12.66930", "2010-06-30": "12.59550", "2010-03-31": "9.68670", "2009-12-31": "20.79690", "2009-09-30": "9.80760", "2009-06-30": "8.00000", "2009-03-31": "6.20390", "2008-12-31": "15.51400", "2008-09-30": "6.23710", "2008-06-30": "9.11720", "2008-03-31": "6.63030", "2007-12-31": "19.25620", "2007-09-30": "12.33290", "2007-06-30": "9.14110", "2007-03-31": "9.49670", "2006-12-31": "16.61420", "2006-09-30": "6.65970", "2006-06-30": "2.86020", "2006-03-31": "5.12990", "2005-12-31": "10.02000", "2005-09-30": "5.74610", "2005-06-30": "1.27650", "2005-03-31": "3.38940"}, "EBIT Margin": {"2020-09-30": "15.87800", "2020-06-30": "8.92610", "2020-03-31": "3.86790", "2019-12-31": "19.62000", "2019-09-30": "16.84900", "2019-06-30": "10.91390", "2019-03-31": "9.08110", "2018-12-31": "19.21970", "2018-09-30": "14.80930", "2018-06-30": "10.99840", "2018-03-31": "8.82560", "2017-12-31": "17.96420", "2017-09-30": "11.77690", "2017-06-30": "8.50810", "2017-03-31": "9.76880", "2016-12-31": "17.32940", "2016-09-30": "11.65270", "2016-06-30": "5.48830", "2016-03-31": "9.05700", "2015-12-31": "14.78460", "2015-09-30": "7.11940", "2015-06-30": "7.97980", "2015-03-31": "4.29990", "2014-12-31": "8.75980", "2014-09-30": "1.16720", "2014-06-30": "7.73940", "2014-03-31": "4.86190", "2013-12-31": "11.04880", "2013-09-30": "7.17540", "2013-06-30": "9.56250", "2013-03-31": "3.10120", "2012-12-31": "7.57780", "2012-09-30": "13.46580", "2012-06-30": "5.25320", "2012-03-31": "8.48130", "2011-12-31": "11.30290", "2011-09-30": "8.96270", "2011-06-30": "9.64610", "2011-03-31": "7.19890", "2010-12-31": "12.40080", "2010-09-30": "12.66930", "2010-06-30": "12.59550", "2010-03-31": "9.68670", "2009-12-31": "20.79690", "2009-09-30": "9.80760", "2009-06-30": "8.00000", "2009-03-31": "6.20390", "2008-12-31": "15.51400", "2008-09-30": "6.23710", "2008-06-30": "9.11720", "2008-03-31": "6.63030", "2007-12-31": "19.25620", "2007-09-30": "12.33290", "2007-06-30": "9.14110", "2007-03-31": "9.49670", "2006-12-31": "16.61420", "2006-09-30": "6.65970", "2006-06-30": "2.86020", "2006-03-31": "5.12990", "2005-12-31": "10.02000", "2005-09-30": "5.74610", "2005-06-30": "1.27650", "2005-03-31": "3.38940"}, "EBITDA Margin": {"2020-09-30": "", "2020-06-30": "", "2020-03-31": "", "2019-12-31": "", "2019-09-30": "", "2019-06-30": "", "2019-03-31": "", "2018-12-31": "", "2018-09-30": "", "2018-06-30": "", "2018-03-31": "", "2017-12-31": "", "2017-09-30": "", "2017-06-30": "", "2017-03-31": "", "2016-12-31": "", "2016-09-30": "", "2016-06-30": "", "2016-03-31": "", "2015-12-31": "", "2015-09-30": "", "2015-06-30": "", "2015-03-31": "", "2014-12-31": "", "2014-09-30": "", "2014-06-30": "", "2014-03-31": "", "2013-12-31": "", "2013-09-30": "", "2013-06-30": "", "2013-03-31": "", "2012-12-31": "", "2012-09-30": "", "2012-06-30": "", "2012-03-31": "", "2011-12-31": "", "2011-09-30": "", "2011-06-30": "", "2011-03-31": "", "2010-12-31": "", "2010-09-30": "", "2010-06-30": "", "2010-03-31": "", "2009-12-31": "", "2009-09-30": "", "2009-06-30": "", "2009-03-31": "", "2008-12-31": "", "2008-09-30": "", "2008-06-30": "", "2008-03-31": "", "2007-12-31": "", "2007-09-30": "", "2007-06-30": "", "2007-03-31": "", "2006-12-31": "", "2006-09-30": "", "2006-06-30": "", "2006-03-31": "", "2005-12-31": "", "2005-09-30": "", "2005-06-30": "", "2005-03-31": ""}, "Pre-Tax Profit Margin": {"2020-09-30": "14.72430", "2020-06-30": "7.37160", "2020-03-31": "3.18400", "2019-12-31": "18.53640", "2019-09-30": "15.96620", "2019-06-30": "9.71030", "2019-03-31": "8.32250", "2018-12-31": "18.09970", "2018-09-30": "14.01630", "2018-06-30": "9.75880", "2018-03-31": "8.29280", "2017-12-31": "16.70120", "2017-09-30": "10.88150", "2017-06-30": "7.27890", "2017-03-31": "8.20990", "2016-12-31": "18.79650", "2016-09-30": "10.91650", "2016-06-30": "4.78880", "2016-03-31": "7.56530", "2015-12-31": "14.07360", "2015-09-30": "5.95810", "2015-06-30": "6.41410", "2015-03-31": "3.30980", "2014-12-31": "8.56300", "2014-09-30": "2.14390", "2014-06-30": "7.23660", "2014-03-31": "3.70550", "2013-12-31": "9.74460", "2013-09-30": "6.10480", "2013-06-30": "7.84790", "2013-03-31": "2.10980", "2012-12-31": "6.66920", "2012-09-30": "12.86290", "2012-06-30": "4.58760", "2012-03-31": "6.63220", "2011-12-31": "11.02930", "2011-09-30": "9.41680", "2011-06-30": "8.22530", "2011-03-31": "5.79830", "2010-12-31": "12.40090", "2010-09-30": "12.31460", "2010-06-30": "11.19970", "2010-03-31": "9.57870", "2009-12-31": "19.97820", "2009-09-30": "9.12860", "2009-06-30": "6.85150", "2009-03-31": "6.24730", "2008-12-31": "13.22970", "2008-09-30": "6.56750", "2008-06-30": "10.27290", "2008-03-31": "1.51070", "2007-12-31": "19.62050", "2007-09-30": "12.98640", "2007-06-30": "10.07000", "2007-03-31": "9.85800", "2006-12-31": "16.82790", "2006-09-30": "6.19150", "2006-06-30": "5.18100", "2006-03-31": "6.90200", "2005-12-31": "9.00850", "2005-09-30": "5.99410", "2005-06-30": "2.05270", "2005-03-31": "3.21580"}, "Net Profit Margin": {"2020-09-30": "10.61790", "2020-06-30": "5.67590", "2020-03-31": "2.47640", "2019-12-31": "11.43520", "2019-09-30": "11.76360", "2019-06-30": "7.44590", "2019-03-31": "6.67530", "2018-12-31": "14.10770", "2018-09-30": "9.30130", "2018-06-30": "7.03180", "2018-03-31": "6.25430", "2017-12-31": "-0.64090", "2017-09-30": "8.49400", "2017-06-30": "5.63990", "2017-03-31": "5.61180", "2016-12-31": "14.67150", "2016-09-30": "11.80500", "2016-06-30": "3.90100", "2016-03-31": "6.28660", "2015-12-31": "12.83980", "2015-09-30": "2.97900", "2015-06-30": "5.53030", "2015-03-31": "1.83880", "2014-12-31": "5.13780", "2014-09-30": "1.31010", "2014-06-30": "3.58550", "2014-03-31": "2.05330", "2013-12-31": "6.37570", "2013-09-30": "3.78130", "2013-06-30": "5.03410", "2013-03-31": "1.37260", "2012-12-31": "2.47440", "2012-09-30": "8.86560", "2012-06-30": "2.35320", "2012-03-31": "3.72290", "2011-12-31": "8.22980", "2011-09-30": "4.73230", "2011-06-30": "5.50850", "2011-03-31": "3.16530", "2010-12-31": "7.04160", "2010-09-30": "8.83300", "2010-06-30": "7.51080", "2010-03-31": "5.79760", "2009-12-31": "11.87230", "2009-09-30": "6.18630", "2009-06-30": "5.10890", "2009-03-31": "3.64430", "2008-12-31": "8.31220", "2008-09-30": "7.35230", "2008-06-30": "6.96630", "2008-03-31": "-0.33570", "2007-12-31": "11.66660", "2007-09-30": "11.03200", "2007-06-30": "7.40830", "2007-03-31": "6.91450", "2006-12-31": "11.90640", "2006-09-30": "2.83780", "2006-06-30": "2.52580", "2006-03-31": "3.43570", "2005-12-31": "4.96970", "2005-09-30": "2.42650", "2005-06-30": "0.39790", "2005-03-31": "0.55670"}, "Asset Turnover": {"2020-09-30": "0.17760", "2020-06-30": "0.14430", "2020-03-31": "0.14320", "2019-12-31": "0.21650", "2019-09-30": "0.22150", "2019-06-30": "0.20860", "2019-03-31": "0.20580", "2018-12-31": "0.26010", "2018-09-30": "0.24700", "2018-06-30": "0.24570", "2018-03-31": "0.23580", "2017-12-31": "0.27230", "2017-09-30": "0.22210", "2017-06-30": "0.21690", "2017-03-31": "0.20920", "2016-12-31": "0.26010", "2016-09-30": "0.21910", "2016-06-30": "0.21600", "2016-03-31": "0.21580", "2015-12-31": "0.27640", "2015-09-30": "0.21490", "2015-06-30": "0.21750", "2015-03-31": "0.19940", "2014-12-31": "0.27240", "2014-09-30": "0.21970", "2014-06-30": "0.22830", "2014-03-31": "0.20900", "2013-12-31": "0.27770", "2013-09-30": "0.22670", "2013-06-30": "0.25250", "2013-03-31": "0.21710", "2012-12-31": "0.27870", "2012-09-30": "0.24880", "2012-06-30": "0.24040", "2012-03-31": "0.22570", "2011-12-31": "0.27780", "2011-09-30": "0.25050", "2011-06-30": "0.23600", "2011-03-31": "0.21980", "2010-12-31": "0.26850", "2010-09-30": "0.24290", "2010-06-30": "0.26380", "2010-03-31": "0.23950", "2009-12-31": "0.31250", "2009-09-30": "0.23580", "2009-06-30": "0.23220", "2009-03-31": "0.21760", "2008-12-31": "0.28240", "2008-09-30": "0.22470", "2008-06-30": "0.26590", "2008-03-31": "0.17050", "2007-12-31": "0.26300", "2007-09-30": "0.48510", "2007-06-30": "0.51760", "2007-03-31": "0.44820", "2006-12-31": "1.27240", "2006-09-30": "0.25620", "2006-06-30": "0.26460", "2006-03-31": "0.25640", "2005-12-31": "0.33070", "2005-09-30": "0.24440", "2005-06-30": "0.20390", "2005-03-31": "0.20390"}, "Inventory Turnover Ratio": {"2020-09-30": "0.37810", "2020-06-30": "0.35830", "2020-03-31": "0.37040", "2019-12-31": "0.52600", "2019-09-30": "0.45540", "2019-06-30": "0.43690", "2019-03-31": "0.45530", "2018-12-31": "0.55100", "2018-09-30": "0.47050", "2018-06-30": "0.46820", "2018-03-31": "0.44850", "2017-12-31": "0.56420", "2017-09-30": "0.45930", "2017-06-30": "0.45610", "2017-03-31": "0.43770", "2016-12-31": "0.56110", "2016-09-30": "0.43200", "2016-06-30": "0.42800", "2016-03-31": "0.45340", "2015-12-31": "0.63200", "2015-09-30": "0.47790", "2015-06-30": "0.46600", "2015-03-31": "0.40790", "2014-12-31": "0.61210", "2014-09-30": "0.44550", "2014-06-30": "0.41970", "2014-03-31": "0.39320", "2013-12-31": "0.53610", "2013-09-30": "0.38890", "2013-06-30": "0.42090", "2013-03-31": "0.35210", "2012-12-31": "0.45230", "2012-09-30": "0.37560", "2012-06-30": "0.37480", "2012-03-31": "0.33210", "2011-12-31": "0.44670", "2011-09-30": "0.38080", "2011-06-30": "0.35170", "2011-03-31": "0.34150", "2010-12-31": "0.43090", "2010-09-30": "0.33560", "2010-06-30": "0.39010", "2010-03-31": "0.35110", "2009-12-31": "0.43050", "2009-09-30": "0.32890", "2009-06-30": "0.32380", "2009-03-31": "0.30400", "2008-12-31": "0.38790", "2008-09-30": "0.28680", "2008-06-30": "0.37310", "2008-03-31": "0.24300", "2007-12-31": "0.39140", "2007-09-30": "0.70910", "2007-06-30": "0.81480", "2007-03-31": "0.71690", "2006-12-31": "2.13270", "2006-09-30": "0.44010", "2006-06-30": "0.52590", "2006-03-31": "0.50310", "2005-12-31": "0.63530", "2005-09-30": "0.47500", "2005-06-30": "0.41510", "2005-03-31": "0.42080"}, "Receiveable Turnover": {"2020-09-30": "1.55020", "2020-06-30": "1.30850", "2020-03-31": "1.30260", "2019-12-31": "1.65630", "2019-09-30": "1.45230", "2019-06-30": "1.40860", "2019-03-31": "1.28020", "2018-12-31": "1.54980", "2018-09-30": "1.44280", "2018-06-30": "1.59150", "2018-03-31": "1.37660", "2017-12-31": "1.66140", "2017-09-30": "1.61450", "2017-06-30": "1.72590", "2017-03-31": "1.70760", "2016-12-31": "1.92820", "2016-09-30": "1.76160", "2016-06-30": "1.79650", "2016-03-31": "1.60840", "2015-12-31": "2.03750", "2015-09-30": "1.63480", "2015-06-30": "1.64790", "2015-03-31": "1.55320", "2014-12-31": "1.73260", "2014-09-30": "1.56120", "2014-06-30": "1.63590", "2014-03-31": "1.43630", "2013-12-31": "1.79490", "2013-09-30": "1.47460", "2013-06-30": "1.51380", "2013-03-31": "1.43890", "2012-12-31": "1.78810", "2012-09-30": "1.69110", "2012-06-30": "1.69090", "2012-03-31": "1.54930", "2011-12-31": "1.68000", "2011-09-30": "1.54330", "2011-06-30": "1.46580", "2011-03-31": "1.42520", "2010-12-31": "1.78660", "2010-09-30": "1.58750", "2010-06-30": "1.86320", "2010-03-31": "1.58780", "2009-12-31": "1.99020", "2009-09-30": "1.74750", "2009-06-30": "1.89990", "2009-03-31": "1.61300", "2008-12-31": "1.83360", "2008-09-30": "1.55120", "2008-06-30": "1.89670", "2008-03-31": "1.44350", "2007-12-31": "1.86160", "2007-09-30": "2.62200", "2007-06-30": "3.18480", "2007-03-31": "2.51110", "2006-12-31": "6.21890", "2006-09-30": "1.37020", "2006-06-30": "1.56060", "2006-03-31": "1.61980", "2005-12-31": "1.88350", "2005-09-30": "1.55330", "2005-06-30": "1.24060", "2005-03-31": "1.11700"}, "Days Sales In Receivables": {"2020-09-30": "58.05830", "2020-06-30": "68.78240", "2020-03-31": "69.09200", "2019-12-31": "54.33910", "2019-09-30": "61.96890", "2019-06-30": "63.89230", "2019-03-31": "70.29910", "2018-12-31": "58.07080", "2018-09-30": "62.37890", "2018-06-30": "56.55170", "2018-03-31": "65.37870", "2017-12-31": "54.16970", "2017-09-30": "55.74380", "2017-06-30": "52.14750", "2017-03-31": "52.70460", "2016-12-31": "46.67450", "2016-09-30": "51.08910", "2016-06-30": "50.09690", "2016-03-31": "55.95630", "2015-12-31": "44.17190", "2015-09-30": "55.05430", "2015-06-30": "54.61360", "2015-03-31": "57.94630", "2014-12-31": "51.94490", "2014-09-30": "57.64890", "2014-06-30": "55.01530", "2014-03-31": "62.66230", "2013-12-31": "50.14310", "2013-09-30": "61.03190", "2013-06-30": "59.45260", "2013-03-31": "62.54700", "2012-12-31": "50.33250", "2012-09-30": "53.22020", "2012-06-30": "53.22560", "2012-03-31": "58.09170", "2011-12-31": "53.57190", "2011-09-30": "58.31500", "2011-06-30": "61.39830", "2011-03-31": "63.15130", "2010-12-31": "50.37490", "2010-09-30": "56.69250", "2010-06-30": "48.30510", "2010-03-31": "56.68350", "2009-12-31": "45.22110", "2009-09-30": "51.50130", "2009-06-30": "47.37030", "2009-03-31": "55.79610", "2008-12-31": "49.08310", "2008-09-30": "58.01780", "2008-06-30": "47.45180", "2008-03-31": "62.34700", "2007-12-31": "48.34640", "2007-09-30": "34.32550", "2007-06-30": "28.25910", "2007-03-31": "35.84020", "2006-12-31": "14.47210", "2006-09-30": "65.68360", "2006-06-30": "57.66980", "2006-03-31": "55.56400", "2005-12-31": "47.78310", "2005-09-30": "57.93980", "2005-06-30": "72.54680", "2005-03-31": "80.57240"}, "ROE - Return On Equity": {"2020-09-30": "5.74430", "2020-06-30": "2.66930", "2020-03-31": "1.14640", "2019-12-31": "7.50190", "2019-09-30": "7.19550", "2019-06-30": "4.25240", "2019-03-31": "3.33120", "2018-12-31": "8.60680", "2018-09-30": "5.35630", "2018-06-30": "4.01120", "2018-03-31": "3.46700", "2017-12-31": "-0.40900", "2017-09-30": "5.08180", "2017-06-30": "3.14510", "2017-03-31": "2.96610", "2016-12-31": "9.96970", "2016-09-30": "6.70570", "2016-06-30": "2.20760", "2016-03-31": "3.32820", "2015-12-31": "8.45950", "2015-09-30": "1.67970", "2015-06-30": "3.00980", "2015-03-31": "0.95620", "2014-12-31": "3.43400", "2014-09-30": "0.77480", "2014-06-30": "1.89740", "2014-03-31": "1.15170", "2013-12-31": "4.22250", "2013-09-30": "2.16500", "2013-06-30": "3.22400", "2013-03-31": "0.82300", "2012-12-31": "1.87400", "2012-09-30": "5.73520", "2012-06-30": "1.54300", "2012-03-31": "2.28060", "2011-12-31": "6.33700", "2011-09-30": "3.33280", "2011-06-30": "3.58280", "2011-03-31": "2.04720", "2010-12-31": "5.68830", "2010-09-30": "5.64780", "2010-06-30": "5.55020", "2010-03-31": "3.82870", "2009-12-31": "10.41070", "2009-09-30": "4.31060", "2009-06-30": "3.77410", "2009-03-31": "2.88780", "2008-12-31": "8.37860", "2008-09-30": "6.08080", "2008-06-30": "7.02650", "2008-03-31": "-0.20710", "2007-12-31": "6.33420", "2007-09-30": "11.18210", "2007-06-30": "7.96620", "2007-03-31": "6.68750", "2006-12-31": "34.27610", "2006-09-30": "1.68640", "2006-06-30": "1.16380", "2006-03-31": "1.53460", "2005-12-31": "3.03480", "2005-09-30": "1.00720", "2005-06-30": "0.13770", "2005-03-31": "0.19630"}, "Return On Tangible Equity": {"2020-09-30": "17.03110", "2020-06-30": "7.65100", "2020-03-31": "3.17750", "2019-12-31": "21.93880", "2019-09-30": "21.68550", "2019-06-30": "13.06500", "2019-03-31": "8.34240", "2018-12-31": "18.96760", "2018-09-30": "9.64010", "2018-06-30": "7.49110", "2018-03-31": "5.82610", "2017-12-31": "-0.62330", "2017-09-30": "10.01070", "2017-06-30": "5.96130", "2017-03-31": "5.46880", "2016-12-31": "14.02190", "2016-09-30": "11.48860", "2016-06-30": "3.68070", "2016-03-31": "5.44150", "2015-12-31": "11.75130", "2015-09-30": "2.37180", "2015-06-30": "4.32020", "2015-03-31": "1.43030", "2014-12-31": "4.73130", "2014-09-30": "1.11070", "2014-06-30": "2.62380", "2014-03-31": "1.62870", "2013-12-31": "5.81660", "2013-09-30": "3.28350", "2013-06-30": "4.93120", "2013-03-31": "1.30170", "2012-12-31": "2.78940", "2012-09-30": "9.65870", "2012-06-30": "2.72950", "2012-03-31": "4.05910", "2011-12-31": "10.19830", "2011-09-30": "5.72320", "2011-06-30": "6.21050", "2011-03-31": "3.77180", "2010-12-31": "10.23890", "2010-09-30": "7.16120", "2010-06-30": "7.48370", "2010-03-31": "4.64310", "2009-12-31": "11.89960", "2009-09-30": "5.47250", "2009-06-30": "4.89400", "2009-03-31": "3.88090", "2008-12-31": "10.06530", "2008-09-30": "8.61000", "2008-06-30": "9.31590", "2008-03-31": "-0.28530", "2007-12-31": "6.84050", "2007-09-30": "14.44750", "2007-06-30": "10.51900", "2007-03-31": "8.85970", "2006-12-31": "44.91620", "2006-09-30": "2.35310", "2006-06-30": "1.34110", "2006-03-31": "1.75860", "2005-12-31": "3.30960", "2005-09-30": "1.08490", "2005-06-30": "0.14850", "2005-03-31": "0.21140"}, "ROA - Return On Assets": {"2020-09-30": "1.92050", "2020-06-30": "0.82220", "2020-03-31": "0.35790", "2019-12-31": "2.48240", "2019-09-30": "2.61470", "2019-06-30": "1.57470", "2019-03-31": "1.36900", "2018-12-31": "3.65970", "2018-09-30": "2.33970", "2018-06-30": "1.74420", "2018-03-31": "1.49690", "2017-12-31": "-0.15400", "2017-09-30": "1.91690", "2017-06-30": "1.25460", "2017-03-31": "1.17940", "2016-12-31": "3.82110", "2016-09-30": "2.61420", "2016-06-30": "0.86020", "2016-03-31": "1.35650", "2015-12-31": "3.58380", "2015-09-30": "0.70000", "2015-06-30": "1.26900", "2015-03-31": "0.38920", "2014-12-31": "1.42110", "2014-09-30": "0.32970", "2014-06-30": "0.83840", "2014-03-31": "0.49320", "2013-12-31": "1.80560", "2013-09-30": "0.87280", "2013-06-30": "1.29320", "2013-03-31": "0.31460", "2012-12-31": "0.71640", "2012-09-30": "2.21670", "2012-06-30": "0.56570", "2012-03-31": "0.84010", "2011-12-31": "2.31510", "2011-09-30": "1.20330", "2011-06-30": "1.32950", "2011-03-31": "0.72050", "2010-12-31": "1.93570", "2010-09-30": "2.18460", "2010-06-30": "2.00790", "2010-03-31": "1.37980", "2009-12-31": "3.71920", "2009-09-30": "1.43210", "2009-06-30": "1.16780", "2009-03-31": "0.81200", "2008-12-31": "2.34700", "2008-09-30": "1.66120", "2008-06-30": "1.85240", "2008-03-31": "-0.04290", "2007-12-31": "3.06870", "2007-09-30": "5.35170", "2007-06-30": "3.83440", "2007-03-31": "3.09870", "2006-12-31": "15.14980", "2006-09-30": "0.72700", "2006-06-30": "0.66840", "2006-03-31": "0.88090", "2005-12-31": "1.64340", "2005-09-30": "0.59310", "2005-06-30": "0.08110", "2005-03-31": "0.11350"}, "ROI - Return On Investment": {"2020-09-30": "3.08780", "2020-06-30": "1.32180", "2020-03-31": "0.57630", "2019-12-31": "3.97710", "2019-09-30": "4.47860", "2019-06-30": "2.71260", "2019-03-31": "2.44890", "2018-12-31": "6.34520", "2018-09-30": "4.20790", "2018-06-30": "3.17890", "2018-03-31": "2.75130", "2017-12-31": "-0.26110", "2017-09-30": "3.08100", "2017-06-30": "2.01040", "2017-03-31": "1.94390", "2016-12-31": "6.37040", "2016-09-30": "4.49500", "2016-06-30": "1.49030", "2016-03-31": "2.38170", "2015-12-31": "6.21180", "2015-09-30": "1.27840", "2015-06-30": "2.28960", "2015-03-31": "0.64160", "2014-12-31": "2.35370", "2014-09-30": "0.53960", "2014-06-30": "1.35450", "2014-03-31": "0.81810", "2013-12-31": "2.98050", "2013-09-30": "1.48860", "2013-06-30": "2.20210", "2013-03-31": "0.55440", "2012-12-31": "1.27200", "2012-09-30": "4.01530", "2012-06-30": "1.11880", "2012-03-31": "1.66780", "2011-12-31": "4.69030", "2011-09-30": "3.12160", "2011-06-30": "3.27060", "2011-03-31": "1.79860", "2010-12-31": "4.88600", "2010-09-30": "4.74250", "2010-06-30": "4.45350", "2010-03-31": "3.03320", "2009-12-31": "8.15720", "2009-09-30": "3.25980", "2009-06-30": "2.73650", "2009-03-31": "1.82780", "2008-12-31": "5.28760", "2008-09-30": "3.85720", "2008-06-30": "4.47840", "2008-03-31": "-0.13070", "2007-12-31": "6.24950", "2007-09-30": "10.39420", "2007-06-30": "7.38130", "2007-03-31": "6.04570", "2006-12-31": "30.61980", "2006-09-30": "1.46250", "2006-06-30": "1.05730", "2006-03-31": "1.39420", "2005-12-31": "2.73580", "2005-09-30": "0.91110", "2005-06-30": "0.12340", "2005-03-31": "0.17470"}, "Book Value Per Share": {"2020-09-30": "6.28460", "2020-06-30": "5.92250", "2020-03-31": "5.99510", "2019-12-31": "5.94920", "2019-09-30": "5.55190", "2019-06-30": "5.62580", "2019-03-31": "5.87700", "2018-12-31": "5.77940", "2018-09-30": "5.27240", "2018-06-30": "5.02410", "2018-03-31": "5.06340", "2017-12-31": "4.70600", "2017-09-30": "4.73770", "2017-06-30": "4.80360", "2017-03-31": "4.57440", "2016-12-31": "4.33580", "2016-09-30": "4.36960", "2016-06-30": "4.15090", "2016-03-31": "4.36220", "2015-12-31": "4.43230", "2015-09-30": "4.57480", "2015-06-30": "4.56480", "2015-03-31": "4.27310", "2014-12-31": "4.57910", "2014-09-30": "4.82600", "2014-06-30": "5.26850", "2014-03-31": "5.17250", "2013-12-31": "5.07340", "2013-09-30": "4.65910", "2013-06-30": "4.32400", "2013-03-31": "4.14620", "2012-12-31": "4.25980", "2012-09-30": "4.18360", "2012-06-30": "3.85890", "2012-03-31": "3.98630", "2011-12-31": "3.76740", "2011-09-30": "3.63640", "2011-06-30": "3.80400", "2011-03-31": "3.45360", "2010-12-31": "3.19190", "2010-09-30": "2.99680", "2010-06-30": "2.50410", "2010-03-31": "2.53800", "2009-12-31": "2.54790", "2009-09-30": "2.27500", "2009-06-30": "2.05070", "2009-03-31": "1.81510", "2008-12-31": "1.90590", "2008-09-30": "1.79410", "2008-06-30": "1.88730", "2008-03-31": "1.77350", "2007-12-31": "3.88970", "2007-09-30": "2.26110", "2007-06-30": "2.10260", "2007-03-31": "2.03760", "2006-12-31": "1.86690", "2006-09-30": "1.72630", "2006-06-30": "2.42070", "2006-03-31": "2.35780", "2005-12-31": "2.26900", "2005-09-30": "2.31250", "2005-06-30": "2.30540", "2005-03-31": "2.37450"}, "Operating Cash Flow Per Share": {"2020-09-30": 0.5348, "2020-06-30": 0.0773, "2020-03-31": "0.22520", "2019-12-31": 0.8666, "2019-09-30": 0.3387, "2019-06-30": 0.0675, "2019-03-31": "0.08990", "2018-12-31": 0.8425, "2018-09-30": 0.1734, "2018-06-30": 0.2299, "2018-03-31": "0.27900", "2017-12-31": 0.651, "2017-09-30": 0.2235, "2017-06-30": -0.1071, "2017-03-31": "0.20310", "2016-12-31": 0.5587, "2016-09-30": 0.2225, "2016-06-30": 0.1104, "2016-03-31": "-0.08520", "2015-12-31": 0.8836, "2015-09-30": 0.3215, "2015-06-30": -0.0088, "2015-03-31": "0.15910", "2014-12-31": 0.409, "2014-09-30": 0.0795, "2014-06-30": 0.0766, "2014-03-31": "0.10920", "2013-12-31": 0.7799, "2013-09-30": 0.2285, "2013-06-30": -0.0396, "2013-03-31": "-0.10830", "2012-12-31": 0.5429, "2012-09-30": 0.0015, "2012-06-30": 0.2219, "2012-03-31": "0.02880", "2011-12-31": 0.5519, "2011-09-30": 0.1266, "2011-06-30": 0.0234, "2011-03-31": "-0.17640", "2010-12-31": 0.5637, "2010-09-30": 0.0581, "2010-06-30": 0.2871, "2010-03-31": "0.03320", "2009-12-31": 0.5005, "2009-09-30": 0.0964, "2009-06-30": 0.2318, "2009-03-31": "0.07970", "2008-12-31": 0.5316, "2008-09-30": 0.0045, "2008-06-30": -0.028, "2008-03-31": "0.13740", "2007-12-31": 0.4547, "2007-09-30": 0.099, "2007-06-30": -0.0309, "2007-03-31": "0.13210", "2006-12-31": 0.3628, "2006-09-30": 0.1301, "2006-06-30": 0.001, "2006-03-31": "0.04260", "2005-12-31": 0.1959, "2005-09-30": 0.0541, "2005-06-30": 0.1838, "2005-03-31": "0.05790"}, "Free Cash Flow Per Share": {"2020-09-30": 0.4199, "2020-06-30": -0.0542, "2020-03-31": "0.02900", "2019-12-31": 0.6879, "2019-09-30": 0.3011, "2019-06-30": -0.045, "2019-03-31": "0.02280", "2018-12-31": 0.715, "2018-09-30": 0.1013, "2018-06-30": 0.1733, "2018-03-31": "0.22480", "2017-12-31": 0.6024, "2017-09-30": 0.1582, "2017-06-30": -0.1651, "2017-03-31": "0.17260", "2016-12-31": 0.4922, "2016-09-30": 0.1674, "2016-06-30": 0.0551, "2016-03-31": "-0.13020", "2015-12-31": 0.8177, "2015-09-30": 0.2654, "2015-06-30": -0.0501, "2015-03-31": "0.12550", "2014-12-31": 0.3682, "2014-09-30": 0.0318, "2014-06-30": 0.0348, "2014-03-31": "0.05840", "2013-12-31": 0.7298, "2013-09-30": 0.1695, "2013-06-30": -0.1374, "2013-03-31": "-0.19160", "2012-12-31": 0.4104, "2012-09-30": -0.1095, "2012-06-30": 0.1149, "2012-03-31": "-0.03590", "2011-12-31": 0.4559, "2011-09-30": 0.0831, "2011-06-30": -0.1037, "2011-03-31": "-0.23580", "2010-12-31": 0.5111, "2010-09-30": -0.001, "2010-06-30": 0.2551, "2010-03-31": "0.00060", "2009-12-31": 0.4557, "2009-09-30": 0.0855, "2009-06-30": 0.2124, "2009-03-31": "0.05600", "2008-12-31": 0.4853, "2008-09-30": -0.0716, "2008-06-30": -0.1092, "2008-03-31": "0.05480", "2007-12-31": 0.4162, "2007-09-30": 0.0572, "2007-06-30": -0.084, "2007-03-31": "0.10600", "2006-12-31": 0.2545, "2006-09-30": 0.1052, "2006-06-30": -0.0098, "2006-03-31": "0.02920", "2005-12-31": 0.1843, "2005-09-30": 0.0322, "2005-06-30": 0.176, "2005-03-31": "0.05180"}}, "revenue": {"Bruker Annual Revenue (Millions of US $)": {"2019": "$2,073", "2018": "$1,896", "2017": "$1,766", "2016": "$1,611", "2015": "$1,624", "2014": "$1,809", "2013": "$1,839", "2012": "$1,791", "2011": "$1,652", "2010": "$1,305", "2009": "$1,115", "2008": "$1,107", "2007": "$1,032", "2006": "$851", "2005": "$372"}, "Bruker Quarterly Revenue (Millions of US $)": {"2020-09-30": "$511", "2020-06-30": "$425", "2020-03-31": "$424", "2019-12-31": "$600", "2019-09-30": "$521", "2019-06-30": "$490", "2019-03-31": "$461", "2018-12-31": "$554", "2018-09-30": "$467", "2018-06-30": "$444", "2018-03-31": "$432", "2017-12-31": "$531", "2017-09-30": "$436", "2017-06-30": "$415", "2017-03-31": "$385", "2016-12-31": "$470", "2016-09-30": "$394", "2016-06-30": "$372", "2016-03-31": "$375", "2015-12-31": "$478", "2015-09-30": "$396", "2015-06-30": "$396", "2015-03-31": "$354", "2014-12-31": "$508", "2014-09-30": "$420", "2014-06-30": "$457", "2014-03-31": "$424", "2013-12-31": "$552", "2013-09-30": "$439", "2013-06-30": "$455", "2013-03-31": "$393", "2012-12-31": "$517", "2012-09-30": "$448", "2012-06-30": "$421", "2012-03-31": "$406", "2011-12-31": "$475", "2011-09-30": "$418", "2011-06-30": "$401", "2011-03-31": "$357", "2010-12-31": "$416", "2010-09-30": "$310", "2010-06-30": "$301", "2010-03-31": "$278", "2009-12-31": "$366", "2009-09-30": "$265", "2009-06-30": "$253", "2009-03-31": "$231", "2008-12-31": "$315", "2008-09-30": "$242", "2008-06-30": "$312", "2008-03-31": "$238", "2007-12-31": "$345", "2007-09-30": "$242", "2007-06-30": "$238", "2007-03-31": "$208", "2006-12-31": "$551", "2006-09-30": "$105", "2006-06-30": "$100", "2006-03-31": "$95", "2005-12-31": "$140", "2005-09-30": "$86", "2005-06-30": "$71", "2005-03-31": "$75"}}, "gross-profit": {"Bruker Annual Gross Profit (Millions of US $)": {"2019": "$995", "2018": "$900", "2017": "$816", "2016": "$745", "2015": "$709", "2014": "$763", "2013": "$805", "2012": "$829", "2011": "$753", "2010": "$604", "2009": "$518", "2008": "$505", "2007": "$476", "2006": "$401", "2005": "$166"}, "Bruker Quarterly Gross Profit (Millions of US $)": {"2020-09-30": "$248", "2020-06-30": "$186", "2020-03-31": "$192", "2019-12-31": "$296", "2019-09-30": "$254", "2019-06-30": "$230", "2019-03-31": "$215", "2018-12-31": "$273", "2018-09-30": "$223", "2018-06-30": "$205", "2018-03-31": "$199", "2017-12-31": "$256", "2017-09-30": "$199", "2017-06-30": "$185", "2017-03-31": "$176", "2016-12-31": "$223", "2016-09-30": "$185", "2016-06-30": "$170", "2016-03-31": "$167", "2015-12-31": "$212", "2015-09-30": "$168", "2015-06-30": "$169", "2015-03-31": "$160", "2014-12-31": "$216", "2014-09-30": "$167", "2014-06-30": "$201", "2014-03-31": "$180", "2013-12-31": "$236", "2013-09-30": "$193", "2013-06-30": "$202", "2013-03-31": "$175", "2012-12-31": "$241", "2012-09-30": "$210", "2012-06-30": "$188", "2012-03-31": "$190", "2011-12-31": "$218", "2011-09-30": "$189", "2011-06-30": "$184", "2011-03-31": "$162", "2010-12-31": "$196", "2010-09-30": "$147", "2010-06-30": "$135", "2010-03-31": "$126", "2009-12-31": "$184", "2009-09-30": "$119", "2009-06-30": "$111", "2009-03-31": "$103", "2008-12-31": "$150", "2008-09-30": "$111", "2008-06-30": "$130", "2008-03-31": "$114", "2007-12-31": "$170", "2007-09-30": "$111", "2007-06-30": "$100", "2007-03-31": "$95", "2006-12-31": "$264", "2006-09-30": "$46", "2006-06-30": "$46", "2006-03-31": "$44", "2005-12-31": "$65", "2005-09-30": "$39", "2005-06-30": "$31", "2005-03-31": "$31"}}, "operating-income": {"Bruker Annual Operating Income (Millions of US $)": {"2019": "$301", "2018": "$262", "2017": "$220", "2016": "$182", "2015": "$146", "2014": "$105", "2013": "$148", "2012": "$156", "2011": "$156", "2010": "$156", "2009": "$137", "2008": "$108", "2007": "$138", "2006": "$106", "2005": "$22"}, "Bruker Quarterly Operating Income (Millions of US $)": {"2020-09-30": "$81", "2020-06-30": "$38", "2020-03-31": "$16", "2019-12-31": "$118", "2019-09-30": "$88", "2019-06-30": "$54", "2019-03-31": "$42", "2018-12-31": "$106", "2018-09-30": "$69", "2018-06-30": "$49", "2018-03-31": "$38", "2017-12-31": "$95", "2017-09-30": "$51", "2017-06-30": "$35", "2017-03-31": "$38", "2016-12-31": "$82", "2016-09-30": "$46", "2016-06-30": "$20", "2016-03-31": "$34", "2015-12-31": "$71", "2015-09-30": "$28", "2015-06-30": "$32", "2015-03-31": "$15", "2014-12-31": "$45", "2014-09-30": "$5", "2014-06-30": "$35", "2014-03-31": "$21", "2013-12-31": "$61", "2013-09-30": "$32", "2013-06-30": "$44", "2013-03-31": "$12", "2012-12-31": "$39", "2012-09-30": "$60", "2012-06-30": "$22", "2012-03-31": "$34", "2011-12-31": "$54", "2011-09-30": "$38", "2011-06-30": "$39", "2011-03-31": "$26", "2010-12-31": "$52", "2010-09-30": "$39", "2010-06-30": "$38", "2010-03-31": "$27", "2009-12-31": "$76", "2009-09-30": "$26", "2009-06-30": "$20", "2009-03-31": "$14", "2008-12-31": "$49", "2008-09-30": "$15", "2008-06-30": "$28", "2008-03-31": "$16", "2007-12-31": "$66", "2007-09-30": "$30", "2007-06-30": "$22", "2007-03-31": "$20", "2006-12-31": "$92", "2006-09-30": "$7", "2006-06-30": "$3", "2006-03-31": "$5", "2005-12-31": "$14", "2005-09-30": "$5", "2005-06-30": "$1", "2005-03-31": "$3"}}, "ebitda": {"Bruker Annual EBITDA (Millions of US $)": {"2019": "$377", "2018": "$327", "2017": "$283", "2016": "$236", "2015": "$199", "2014": "$165", "2013": "$210", "2012": "$215", "2011": "$209", "2010": "$192", "2009": "$167", "2008": "$138", "2007": "$166", "2006": "$132", "2005": "$33"}, "Bruker Quarterly EBITDA (Millions of US $)": {"2020-09-30": "$102", "2020-06-30": "$57", "2020-03-31": "$35", "2019-12-31": "$136", "2019-09-30": "$107", "2019-06-30": "$73", "2019-03-31": "$61", "2018-12-31": "$123", "2018-09-30": "$85", "2018-06-30": "$65", "2018-03-31": "$54", "2017-12-31": "$111", "2017-09-30": "$68", "2017-06-30": "$51", "2017-03-31": "$53", "2016-12-31": "$95", "2016-09-30": "$60", "2016-06-30": "$34", "2016-03-31": "$47", "2015-12-31": "$84", "2015-09-30": "$42", "2015-06-30": "$45", "2015-03-31": "$29", "2014-12-31": "$57", "2014-09-30": "$23", "2014-06-30": "$50", "2014-03-31": "$36", "2013-12-31": "$77", "2013-09-30": "$47", "2013-06-30": "$59", "2013-03-31": "$27", "2012-12-31": "$56", "2012-09-30": "$74", "2012-06-30": "$37", "2012-03-31": "$48", "2011-12-31": "$67", "2011-09-30": "$51", "2011-06-30": "$53", "2011-03-31": "$38", "2010-12-31": "$63", "2010-09-30": "$49", "2010-06-30": "$45", "2010-03-31": "$35", "2009-12-31": "$86", "2009-09-30": "$33", "2009-06-30": "$27", "2009-03-31": "$21", "2008-12-31": "$57", "2008-09-30": "$23", "2008-06-30": "$36", "2008-03-31": "$23", "2007-12-31": "$72", "2007-09-30": "$30", "2007-06-30": "$22", "2007-03-31": "$20", "2006-12-31": "$92", "2006-09-30": "$7", "2006-06-30": "$3", "2006-03-31": "$5", "2005-12-31": "$14", "2005-09-30": "$5", "2005-06-30": "$1", "2005-03-31": "$3"}}, "net-income": {"Bruker Annual Net Income (Millions of US $)": {"2019": "$197", "2018": "$180", "2017": "$79", "2016": "$154", "2015": "$102", "2014": "$57", "2013": "$80", "2012": "$78", "2011": "$92", "2010": "$95", "2009": "$81", "2008": "$65", "2007": "$99", "2006": "$74", "2005": "$10"}, "Bruker Quarterly Net Income (Millions of US $)": {"2020-09-30": "$54", "2020-06-30": "$24", "2020-03-31": "$11", "2019-12-31": "$69", "2019-09-30": "$61", "2019-06-30": "$37", "2019-03-31": "$31", "2018-12-31": "$78", "2018-09-30": "$43", "2018-06-30": "$31", "2018-03-31": "$27", "2017-12-31": "$-3", "2017-09-30": "$37", "2017-06-30": "$23", "2017-03-31": "$22", "2016-12-31": "$69", "2016-09-30": "$47", "2016-06-30": "$15", "2016-03-31": "$24", "2015-12-31": "$61", "2015-09-30": "$12", "2015-06-30": "$22", "2015-03-31": "$7", "2014-12-31": "$26", "2014-09-30": "$6", "2014-06-30": "$16", "2014-03-31": "$9", "2013-12-31": "$35", "2013-09-30": "$17", "2013-06-30": "$23", "2013-03-31": "$5", "2012-12-31": "$13", "2012-09-30": "$40", "2012-06-30": "$10", "2012-03-31": "$15", "2011-12-31": "$39", "2011-09-30": "$20", "2011-06-30": "$22", "2011-03-31": "$11", "2010-12-31": "$29", "2010-09-30": "$27", "2010-06-30": "$23", "2010-03-31": "$16", "2009-12-31": "$44", "2009-09-30": "$16", "2009-06-30": "$13", "2009-03-31": "$8", "2008-12-31": "$26", "2008-09-30": "$18", "2008-06-30": "$22", "2008-03-31": "$-1", "2007-12-31": "$40", "2007-09-30": "$27", "2007-06-30": "$18", "2007-03-31": "$14", "2006-12-31": "$66", "2006-09-30": "$3", "2006-06-30": "$3", "2006-03-31": "$3", "2005-12-31": "$7", "2005-09-30": "$2", "2005-06-30": "$0", "2005-03-31": "$0"}}, "eps-earnings-per-share-diluted": {"Bruker Annual EPS": {"2019": "$1.26", "2018": "$1.14", "2017": "$0.49", "2016": "$0.95", "2015": "$0.60", "2014": "$0.33", "2013": "$0.48", "2012": "$0.46", "2011": "$0.55", "2010": "$0.58", "2009": "$0.49", "2008": "$0.39", "2007": "$0.60", "2006": "$0.46", "2005": "$0.10"}, "Bruker Quarterly EPS": {"2020-09-30": "$0.35", "2020-06-30": "$0.16", "2020-03-31": "$0.07", "2019-12-31": "$0.44", "2019-09-30": "$0.39", "2019-06-30": "$0.23", "2019-03-31": "$0.20", "2018-12-31": "$0.49", "2018-09-30": "$0.28", "2018-06-30": "$0.20", "2018-03-31": "$0.17", "2017-12-31": "$-0.02", "2017-09-30": "$0.23", "2017-06-30": "$0.15", "2017-03-31": "$0.13", "2016-12-31": "$0.43", "2016-09-30": "$0.29", "2016-06-30": "$0.09", "2016-03-31": "$0.14", "2015-12-31": "$0.36", "2015-09-30": "$0.07", "2015-06-30": "$0.13", "2015-03-31": "$0.04", "2014-12-31": "$0.15", "2014-09-30": "$0.03", "2014-06-30": "$0.10", "2014-03-31": "$0.05", "2013-12-31": "$0.21", "2013-09-30": "$0.10", "2013-06-30": "$0.14", "2013-03-31": "$0.03", "2012-12-31": "$0.07", "2012-09-30": "$0.24", "2012-06-30": "$0.06", "2012-03-31": "$0.09", "2011-12-31": "$0.23", "2011-09-30": "$0.12", "2011-06-30": "$0.13", "2011-03-31": "$0.07", "2010-12-31": "$0.17", "2010-09-30": "$0.17", "2010-06-30": "$0.14", "2010-03-31": "$0.10", "2009-12-31": "$0.26", "2009-09-30": "$0.10", "2009-06-30": "$0.08", "2009-03-31": "$0.05", "2008-12-31": "$0.15", "2008-09-30": "$0.11", "2008-06-30": "$0.13", "2008-03-31": "$0.00", "2007-12-31": "$0.24", "2007-09-30": "$0.16", "2007-06-30": "$0.11", "2007-03-31": "$0.09", "2006-12-31": "$0.38", "2006-09-30": "$0.03", "2006-06-30": "$0.02", "2006-03-31": "$0.03", "2005-12-31": "$0.08", "2005-09-30": "$0.02", "2005-06-30": "$0.00", "2005-03-31": "$0.00"}}, "shares-outstanding": {"Bruker Annual Shares Outstanding (Millions of Shares)": {"2019": "157", "2018": "157", "2017": "159", "2016": "162", "2015": "169", "2014": "170", "2013": "169", "2012": "167", "2011": "167", "2010": "166", "2009": "165", "2008": "166", "2007": "164", "2006": "160", "2005": "101"}, "Bruker Quarterly Shares Outstanding (Millions of Shares)": {"2020-09-30": "154", "2020-06-30": "155", "2020-03-31": "155", "2019-12-31": "157", "2019-09-30": "156", "2019-06-30": "158", "2019-03-31": "158", "2018-12-31": "157", "2018-09-30": "157", "2018-06-30": "157", "2018-03-31": "157", "2017-12-31": "159", "2017-09-30": "159", "2017-06-30": "160", "2017-03-31": "161", "2016-12-31": "162", "2016-09-30": "162", "2016-06-30": "162", "2016-03-31": "164", "2015-12-31": "169", "2015-09-30": "169", "2015-06-30": "170", "2015-03-31": "170", "2014-12-31": "170", "2014-09-30": "170", "2014-06-30": "170", "2014-03-31": "169", "2013-12-31": "169", "2013-09-30": "169", "2013-06-30": "168", "2013-03-31": "168", "2012-12-31": "167", "2012-09-30": "167", "2012-06-30": "167", "2012-03-31": "167", "2011-12-31": "167", "2011-09-30": "167", "2011-06-30": "167", "2011-03-31": "167", "2010-12-31": "166", "2010-09-30": "166", "2010-06-30": "166", "2010-03-31": "166", "2009-12-31": "165", "2009-09-30": "165", "2009-06-30": "165", "2009-03-31": "164", "2008-12-31": "166", "2008-09-30": "166", "2008-06-30": "166", "2008-03-31": "162", "2007-12-31": "164", "2007-09-30": "164", "2007-06-30": "164", "2007-03-31": "163", "2006-12-31": "160", "2006-09-30": "103", "2006-06-30": "102", "2006-03-31": "101", "2005-12-31": "101", "2005-09-30": "101", "2005-06-30": "90", "2005-03-31": "90"}}, "total-assets": {"Bruker Annual Total Assets (Millions of US $)": {"2019": "$2,772", "2018": "$2,129", "2017": "$1,949", "2016": "$1,808", "2015": "$1,730", "2014": "$1,865", "2013": "$1,988", "2012": "$1,856", "2011": "$1,711", "2010": "$1,550", "2009": "$1,172", "2008": "$1,116", "2007": "$1,311", "2006": "$433", "2005": "$424"}, "Bruker Quarterly Total Assets (Millions of US $)": {"2020-09-30": "$2,879", "2020-06-30": "$2,943", "2020-03-31": "$2,962", "2019-12-31": "$2,772", "2019-09-30": "$2,352", "2019-06-30": "$2,350", "2019-03-31": "$2,243", "2018-12-31": "$2,129", "2018-09-30": "$1,889", "2018-06-30": "$1,806", "2018-03-31": "$1,831", "2017-12-31": "$1,949", "2017-09-30": "$1,962", "2017-06-30": "$1,913", "2017-03-31": "$1,840", "2016-12-31": "$1,808", "2016-09-30": "$1,798", "2016-06-30": "$1,721", "2016-03-31": "$1,740", "2015-12-31": "$1,730", "2015-09-30": "$1,843", "2015-06-30": "$1,820", "2015-03-31": "$1,773", "2014-12-31": "$1,865", "2014-09-30": "$1,911", "2014-06-30": "$2,004", "2014-03-31": "$2,028", "2013-12-31": "$1,988", "2013-09-30": "$1,936", "2013-06-30": "$1,802", "2013-03-31": "$1,812", "2012-12-31": "$1,856", "2012-09-30": "$1,800", "2012-06-30": "$1,750", "2012-03-31": "$1,797", "2011-12-31": "$1,711", "2011-09-30": "$1,670", "2011-06-30": "$1,700", "2011-03-31": "$1,624", "2010-12-31": "$1,550", "2010-09-30": "$1,277", "2010-06-30": "$1,141", "2010-03-31": "$1,160", "2009-12-31": "$1,172", "2009-09-30": "$1,124", "2009-06-30": "$1,088", "2009-03-31": "$1,059", "2008-12-31": "$1,116", "2008-09-30": "$1,078", "2008-06-30": "$1,171", "2008-03-31": "$1,397", "2007-12-31": "$1,311", "2007-09-30": "$498", "2007-06-30": "$460", "2007-03-31": "$463", "2006-12-31": "$433", "2006-09-30": "$409", "2006-06-30": "$380", "2006-03-31": "$370", "2005-12-31": "$424", "2005-09-30": "$351", "2005-06-30": "$350", "2005-03-31": "$367"}}, "cash-on-hand": {"Bruker Annual Cash on Hand (Millions of US $)": {"2019": "$685", "2018": "$322", "2017": "$439", "2016": "$500", "2015": "$468", "2014": "$498", "2013": "$439", "2012": "$311", "2011": "$246", "2010": "$233", "2009": "$209", "2008": "$168", "2007": "$345", "2006": "$52", "2005": "$109"}, "Bruker Quarterly Cash on Hand (Millions of US $)": {"2020-09-30": "$617", "2020-06-30": "$797", "2020-03-31": "$852", "2019-12-31": "$685", "2019-09-30": "$302", "2019-06-30": "$289", "2019-03-31": "$299", "2018-12-31": "$322", "2018-09-30": "$270", "2018-06-30": "$259", "2018-03-31": "$284", "2017-12-31": "$439", "2017-09-30": "$429", "2017-06-30": "$440", "2017-03-31": "$465", "2016-12-31": "$500", "2016-09-30": "$442", "2016-06-30": "$420", "2016-03-31": "$421", "2015-12-31": "$468", "2015-09-30": "$532", "2015-06-30": "$494", "2015-03-31": "$492", "2014-12-31": "$498", "2014-09-30": "$442", "2014-06-30": "$458", "2014-03-31": "$454", "2013-12-31": "$439", "2013-09-30": "$307", "2013-06-30": "$251", "2013-03-31": "$269", "2012-12-31": "$311", "2012-09-30": "$242", "2012-06-30": "$240", "2012-03-31": "$233", "2011-12-31": "$246", "2011-09-30": "$199", "2011-06-30": "$173", "2011-03-31": "$196", "2010-12-31": "$233", "2010-09-30": "$191", "2010-06-30": "$190", "2010-03-31": "$207", "2009-12-31": "$209", "2009-09-30": "$151", "2009-06-30": "$154", "2009-03-31": "$150", "2008-12-31": "$168", "2008-09-30": "$87", "2008-06-30": "$132", "2008-03-31": "$321", "2007-12-31": "$345", "2007-09-30": "$39", "2007-06-30": "$42", "2007-03-31": "$56", "2006-12-31": "$52", "2006-09-30": "$44", "2006-06-30": "$97", "2006-03-31": "$96", "2005-12-31": "$109", "2005-09-30": "$95", "2005-06-30": "$92", "2005-03-31": "$85"}}, "long-term-debt": {"Bruker Annual Long Term Debt (Millions of US $)": {"2019": "$813", "2018": "$323", "2017": "$416", "2016": "$392", "2015": "$265", "2014": "$354", "2013": "$354", "2012": "$336", "2011": "$219", "2010": "$87", "2009": "$116", "2008": "$183", "2007": "$9", "2006": "$23", "2005": "$25"}, "Bruker Quarterly Long Term Debt (Millions of US $)": {"2020-09-30": "$828", "2020-06-30": "$924", "2020-03-31": "$915", "2019-12-31": "$813", "2019-09-30": "$519", "2019-06-30": "$494", "2019-03-31": "$332", "2018-12-31": "$323", "2018-09-30": "$225", "2018-06-30": "$206", "2018-03-31": "$206", "2017-12-31": "$416", "2017-09-30": "$481", "2017-06-30": "$431", "2017-03-31": "$385", "2016-12-31": "$392", "2016-09-30": "$345", "2016-06-30": "$323", "2016-03-31": "$282", "2015-12-31": "$265", "2015-09-30": "$241", "2015-06-30": "$241", "2015-03-31": "$354", "2014-12-31": "$354", "2014-09-30": "$355", "2014-06-30": "$355", "2014-03-31": "$354", "2013-12-31": "$354", "2013-09-30": "$355", "2013-06-30": "$335", "2013-03-31": "$336", "2012-12-31": "$336", "2012-09-30": "$298", "2012-06-30": "$243", "2012-03-31": "$243", "2011-12-31": "$219", "2011-09-30": "$41", "2011-06-30": "$60", "2011-03-31": "$79", "2010-12-31": "$87", "2010-09-30": "$94", "2010-06-30": "$102", "2010-03-31": "$110", "2009-12-31": "$116", "2009-09-30": "$120", "2009-06-30": "$128", "2009-03-31": "$173", "2008-12-31": "$183", "2008-09-30": "$170", "2008-06-30": "$176", "2008-03-31": "$169", "2007-12-31": "$9", "2007-09-30": "$18", "2007-06-30": "$18", "2007-03-31": "$23", "2006-12-31": "$23", "2006-09-30": "$27", "2006-06-30": "$22", "2006-03-31": "$21", "2005-12-31": "$25", "2005-09-30": "$22", "2005-06-30": "$24", "2005-03-31": "$26"}}, "total-liabilities": {"Bruker Annual Total Liabilities (Millions of US $)": {"2019": "$1,854", "2018": "$1,224", "2017": "$1,215", "2016": "$1,115", "2015": "$997", "2014": "$1,093", "2013": "$1,138", "2012": "$1,147", "2011": "$1,086", "2010": "$1,022", "2009": "$754", "2008": "$804", "2007": "$676", "2006": "$242", "2005": "$194"}, "Bruker Quarterly Total Liabilities (Millions of US $)": {"2020-09-30": "$1,917", "2020-06-30": "$2,037", "2020-03-31": "$2,037", "2019-12-31": "$1,854", "2019-09-30": "$1,497", "2019-06-30": "$1,480", "2019-03-31": "$1,321", "2018-12-31": "$1,224", "2018-09-30": "$1,064", "2018-06-30": "$1,021", "2018-03-31": "$1,040", "2017-12-31": "$1,215", "2017-09-30": "$1,222", "2017-06-30": "$1,150", "2017-03-31": "$1,108", "2016-12-31": "$1,115", "2016-09-30": "$1,097", "2016-06-30": "$1,050", "2016-03-31": "$1,031", "2015-12-31": "$997", "2015-09-30": "$1,075", "2015-06-30": "$1,053", "2015-03-31": "$1,051", "2014-12-31": "$1,093", "2014-09-30": "$1,098", "2014-06-30": "$1,119", "2014-03-31": "$1,159", "2013-12-31": "$1,138", "2013-09-30": "$1,156", "2013-06-30": "$1,079", "2013-03-31": "$1,119", "2012-12-31": "$1,147", "2012-09-30": "$1,104", "2012-06-30": "$1,109", "2012-03-31": "$1,135", "2011-12-31": "$1,086", "2011-09-30": "$1,067", "2011-06-30": "$1,069", "2011-03-31": "$1,052", "2010-12-31": "$1,022", "2010-09-30": "$783", "2010-06-30": "$728", "2010-03-31": "$742", "2009-12-31": "$754", "2009-09-30": "$751", "2009-06-30": "$751", "2009-03-31": "$761", "2008-12-31": "$804", "2008-09-30": "$783", "2008-06-30": "$863", "2008-03-31": "$1,108", "2007-12-31": "$676", "2007-09-30": "$260", "2007-06-30": "$239", "2007-03-31": "$249", "2006-12-31": "$242", "2006-09-30": "$233", "2006-06-30": "$162", "2006-03-31": "$158", "2005-12-31": "$194", "2005-09-30": "$144", "2005-06-30": "$144", "2005-03-31": "$155"}}, "total-share-holder-equity": {"Bruker Annual Share Holder Equity (Millions of US $)": {"2019": "$917", "2018": "$905", "2017": "$734", "2016": "$693", "2015": "$733", "2014": "$772", "2013": "$850", "2012": "$710", "2011": "$625", "2010": "$527", "2009": "$419", "2008": "$313", "2007": "$635", "2006": "$191", "2005": "$229"}, "Bruker Quarterly Share Holder Equity (Millions of US $)": {"2020-09-30": "$963", "2020-06-30": "$907", "2020-03-31": "$925", "2019-12-31": "$917", "2019-09-30": "$855", "2019-06-30": "$870", "2019-03-31": "$922", "2018-12-31": "$905", "2018-09-30": "$825", "2018-06-30": "$785", "2018-03-31": "$790", "2017-12-31": "$734", "2017-09-30": "$740", "2017-06-30": "$763", "2017-03-31": "$732", "2016-12-31": "$693", "2016-09-30": "$701", "2016-06-30": "$670", "2016-03-31": "$709", "2015-12-31": "$733", "2015-09-30": "$768", "2015-06-30": "$768", "2015-03-31": "$722", "2014-12-31": "$772", "2014-09-30": "$813", "2014-06-30": "$885", "2014-03-31": "$868", "2013-12-31": "$850", "2013-09-30": "$781", "2013-06-30": "$723", "2013-03-31": "$693", "2012-12-31": "$710", "2012-09-30": "$696", "2012-06-30": "$642", "2012-03-31": "$662", "2011-12-31": "$625", "2011-09-30": "$603", "2011-06-30": "$631", "2011-03-31": "$572", "2010-12-31": "$527", "2010-09-30": "$494", "2010-06-30": "$413", "2010-03-31": "$418", "2009-12-31": "$419", "2009-09-30": "$374", "2009-06-30": "$337", "2009-03-31": "$298", "2008-12-31": "$313", "2008-09-30": "$294", "2008-06-30": "$309", "2008-03-31": "$290", "2007-12-31": "$635", "2007-09-30": "$239", "2007-06-30": "$222", "2007-03-31": "$215", "2006-12-31": "$191", "2006-09-30": "$176", "2006-06-30": "$218", "2006-03-31": "$212", "2005-12-31": "$229", "2005-09-30": "$207", "2005-06-30": "$206", "2005-03-31": "$212"}}, "profit-margins": {"current": "8.04%"}, "gross margin": {"2020-09-30": "47.04%", "2020-06-30": "47.11%", "2020-03-31": "47.76%", "2019-12-31": "48.02%", "2019-09-30": "47.98%", "2019-06-30": "47.72%", "2019-03-31": "47.56%", "2018-12-31": "47.44%", "2018-09-30": "47.12%", "2018-06-30": "46.61%", "2018-03-31": "46.25%", "2017-12-31": "46.18%", "2017-09-30": "45.90%", "2017-06-30": "46.21%", "2017-03-31": "46.51%", "2016-12-31": "46.24%", "2016-09-30": "45.34%", "2016-06-30": "44.23%", "2016-03-31": "43.53%", "2015-12-31": "43.66%", "2015-09-30": "43.11%", "2015-06-30": "42.43%", "2015-03-31": "42.78%", "2014-12-31": "42.23%", "2014-09-30": "42.31%", "2014-06-30": "43.27%", "2014-03-31": "43.37%", "2013-12-31": "43.83%", "2013-09-30": "44.96%", "2013-06-30": "45.67%", "2013-03-31": "45.76%", "2012-12-31": "46.26%", "2012-09-30": "46.06%", "2012-06-30": "45.64%", "2012-03-31": "45.94%", "2011-12-31": "45.61%", "2011-09-30": "45.92%", "2011-06-30": "46.43%", "2011-03-31": "46.24%", "2010-12-31": "46.28%", "2010-09-30": "47.17%", "2010-06-30": "46.61%", "2010-03-31": "46.47%", "2009-12-31": "46.37%", "2009-09-30": "45.39%", "2009-06-30": "45.63%", "2009-03-31": "44.91%", "2008-12-31": "45.62%", "2008-09-30": "46.17%", "2008-06-30": "46.17%", "2008-03-31": "46.57%", "2007-12-31": "46.08%", "2007-09-30": "46.00%", "2007-06-30": "45.83%", "2007-03-31": "46.78%", "2006-12-31": "47.00%", "2006-09-30": "45.68%", "2006-06-30": "46.08%", "2006-03-31": "45.66%", "2005-12-31": "44.62%"}, "operating margin": {"2020-09-30": "12.91%", "2020-06-30": "13.20%", "2020-03-31": "13.56%", "2019-12-31": "14.58%", "2019-09-30": "14.31%", "2019-06-30": "13.74%", "2019-03-31": "13.81%", "2018-12-31": "13.81%", "2018-09-30": "13.39%", "2018-06-30": "12.64%", "2018-03-31": "12.07%", "2017-12-31": "12.39%", "2017-09-30": "12.08%", "2017-06-30": "12.08%", "2017-03-31": "11.47%", "2016-12-31": "11.30%", "2016-09-30": "10.56%", "2016-06-30": "9.44%", "2016-03-31": "10.03%", "2015-12-31": "8.99%", "2015-09-30": "7.26%", "2015-06-30": "5.78%", "2015-03-31": "5.75%", "2014-12-31": "5.86%", "2014-09-30": "6.58%", "2014-06-30": "7.96%", "2014-03-31": "8.45%", "2013-12-31": "8.10%", "2013-09-30": "7.04%", "2013-06-30": "8.55%", "2013-03-31": "7.48%", "2012-12-31": "8.65%", "2012-09-30": "9.71%", "2012-06-30": "8.60%", "2012-03-31": "9.71%", "2011-12-31": "9.51%", "2011-09-30": "9.74%", "2011-06-30": "10.51%", "2011-03-31": "11.20%", "2010-12-31": "11.95%", "2010-09-30": "14.34%", "2010-06-30": "13.80%", "2010-03-31": "12.82%", "2009-12-31": "12.20%", "2009-09-30": "10.24%", "2009-06-30": "9.41%", "2009-03-31": "9.64%", "2008-12-31": "9.76%", "2008-09-30": "10.99%", "2008-06-30": "12.31%", "2008-03-31": "12.61%", "2007-12-31": "13.36%", "2007-09-30": "13.24%", "2007-06-30": "12.79%", "2007-03-31": "12.66%", "2006-12-31": "12.57%", "2006-09-30": "6.59%", "2006-06-30": "6.41%", "2006-03-31": "6.38%", "2005-12-31": "6.18%"}, "ebitda margin": {"2020-09-30": "16.84%", "2020-06-30": "17.01%", "2020-03-31": "17.25%", "2019-12-31": "18.19%", "2019-09-30": "17.97%", "2019-06-30": "17.34%", "2019-03-31": "17.34%", "2018-12-31": "17.24%", "2018-09-30": "16.81%", "2018-06-30": "16.17%", "2018-03-31": "15.66%", "2017-12-31": "16.02%", "2017-09-30": "15.65%", "2017-06-30": "15.56%", "2017-03-31": "14.93%", "2016-12-31": "14.65%", "2016-09-30": "13.90%", "2016-06-30": "12.77%", "2016-03-31": "13.25%", "2015-12-31": "12.32%", "2015-09-30": "10.46%", "2015-06-30": "9.18%", "2015-03-31": "9.14%", "2014-12-31": "9.18%", "2014-09-30": "10.04%", "2014-06-30": "11.22%", "2014-03-31": "11.71%", "2013-12-31": "11.42%", "2013-09-30": "10.48%", "2013-06-30": "11.91%", "2013-03-31": "10.91%", "2012-12-31": "12.00%", "2012-09-30": "12.91%", "2012-06-30": "11.80%", "2012-03-31": "12.88%", "2011-12-31": "12.66%", "2011-09-30": "12.88%", "2011-06-30": "13.68%", "2011-03-31": "14.09%", "2010-12-31": "14.71%", "2010-09-30": "17.13%", "2010-06-30": "16.45%", "2010-03-31": "15.58%", "2009-12-31": "14.98%", "2009-09-30": "12.97%", "2009-06-30": "12.30%", "2009-03-31": "12.45%", "2008-12-31": "12.56%", "2008-09-30": "13.54%", "2008-06-30": "14.16%", "2008-03-31": "13.83%", "2007-12-31": "13.94%", "2007-09-30": "13.24%", "2007-06-30": "12.79%", "2007-03-31": "12.66%", "2006-12-31": "12.57%", "2006-09-30": "6.59%", "2006-06-30": "6.41%", "2006-03-31": "6.38%", "2005-12-31": "6.18%"}, "pre tax profit margin": {"2020-09-30": "11.79%", "2020-06-30": "12.13%", "2020-03-31": "12.58%", "2019-12-31": "13.51%", "2019-09-30": "13.28%", "2019-06-30": "12.73%", "2019-03-31": "12.77%", "2018-12-31": "12.86%", "2018-09-30": "12.43%", "2018-06-30": "11.67%", "2018-03-31": "11.14%", "2017-12-31": "11.21%", "2017-09-30": "11.55%", "2017-06-30": "11.60%", "2017-03-31": "11.17%", "2016-12-31": "10.99%", "2016-09-30": "9.64%", "2016-06-30": "8.45%", "2016-03-31": "8.75%", "2015-12-31": "7.88%", "2015-09-30": "6.35%", "2015-06-30": "5.36%", "2015-03-31": "5.64%", "2014-12-31": "5.64%", "2014-09-30": "6.04%", "2014-06-30": "6.94%", "2014-03-31": "7.11%", "2013-12-31": "6.80%", "2013-09-30": "5.88%", "2013-06-30": "7.56%", "2013-03-31": "6.75%", "2012-12-31": "7.76%", "2012-09-30": "8.91%", "2012-06-30": "7.97%", "2012-03-31": "8.88%", "2011-12-31": "8.78%", "2011-09-30": "9.11%", "2011-06-30": "9.70%", "2011-03-31": "10.48%", "2010-12-31": "11.57%", "2010-09-30": "13.71%", "2010-06-30": "13.06%", "2010-03-31": "12.13%", "2009-12-31": "11.48%", "2009-09-30": "9.12%", "2009-06-30": "8.55%", "2009-03-31": "9.45%", "2008-12-31": "8.49%", "2008-09-30": "10.55%", "2008-06-30": "11.87%", "2008-03-31": "11.95%", "2007-12-31": "13.84%", "2007-09-30": "13.56%", "2007-06-30": "12.98%", "2007-03-31": "12.86%", "2006-12-31": "13.04%", "2006-09-30": "7.05%", "2006-06-30": "7.13%", "2006-03-31": "6.63%", "2005-12-31": "5.65%"}, "net profit margin": {"2020-09-30": "8.06%", "2020-06-30": "8.38%", "2020-03-31": "8.75%", "2019-12-31": "9.56%", "2019-09-30": "10.22%", "2019-06-30": "9.58%", "2019-03-31": "9.50%", "2018-12-31": "9.44%", "2018-09-30": "5.23%", "2018-06-30": "4.99%", "2018-03-31": "4.63%", "2017-12-31": "4.47%", "2017-09-30": "8.85%", "2017-06-30": "9.68%", "2017-03-31": "9.44%", "2016-12-31": "9.62%", "2016-09-30": "9.08%", "2016-06-30": "6.91%", "2016-03-31": "7.23%", "2015-12-31": "6.28%", "2015-09-30": "4.05%", "2015-06-30": "3.64%", "2015-03-31": "3.16%", "2014-12-31": "3.15%", "2014-09-30": "3.56%", "2014-06-30": "4.11%", "2014-03-31": "4.49%", "2013-12-31": "4.35%", "2013-09-30": "3.22%", "2013-06-30": "4.47%", "2013-03-31": "3.82%", "2012-12-31": "4.35%", "2012-09-30": "5.94%", "2012-06-30": "4.88%", "2012-03-31": "5.65%", "2011-12-31": "5.57%", "2011-09-30": "5.15%", "2011-06-30": "6.00%", "2011-03-31": "6.50%", "2010-12-31": "7.28%", "2010-09-30": "8.76%", "2010-06-30": "8.18%", "2010-03-31": "7.66%", "2009-12-31": "7.26%", "2009-09-30": "5.92%", "2009-06-30": "6.24%", "2009-03-31": "6.73%", "2008-12-31": "5.87%", "2008-09-30": "6.95%", "2008-06-30": "7.74%", "2008-03-31": "7.90%", "2007-12-31": "9.58%", "2007-09-30": "10.09%", "2007-06-30": "9.17%", "2007-03-31": "8.92%", "2006-12-31": "8.81%", "2006-09-30": "3.64%", "2006-06-30": "3.56%", "2006-03-31": "3.06%", "2005-12-31": "2.42%"}, "pe ratio": {"current": "42.90", "2021-02-05": "54.67", "2020-09-30": "38.94", "2020-06-30": "38.31", "2020-03-31": "31.65", "2019-12-31": "40.31", "2019-09-30": "33.14", "2019-06-30": "41.06", "2019-03-31": "32.37", "2018-12-31": "25.70", "2018-09-30": "52.65", "2018-06-30": "49.59", "2018-03-31": "55.84", "2017-12-31": "69.19", "2017-09-30": "31.23", "2017-06-30": "28.42", "2017-03-31": "24.42", "2016-12-31": "21.90", "2016-09-30": "25.24", "2016-06-30": "33.72", "2016-03-31": "39.09", "2015-12-31": "39.47", "2015-09-30": "41.11", "2015-06-30": "56.91", "2015-03-31": "56.33", "2014-12-31": "58.02", "2014-09-30": "46.33", "2014-06-30": "51.49", "2014-03-31": "44.48", "2013-12-31": "40.19", "2013-09-30": "57.58", "2013-06-30": "32.16", "2013-03-31": "45.46", "2012-12-31": "31.64", "2012-09-30": "20.60", "2012-06-30": "25.98", "2012-03-31": "26.21", "2011-12-31": "22.04", "2011-09-30": "26.41", "2011-06-30": "36.13", "2011-03-31": "36.33", "2010-12-31": "27.46", "2010-09-30": "20.44", "2010-06-30": "19.78", "2010-03-31": "26.48", "2009-12-31": "24.02", "2009-09-30": "26.70", "2009-06-30": "22.59", "2009-03-31": "13.36", "2008-12-31": "9.86", "2008-09-30": "28.28", "2008-06-30": "29.16", "2008-03-31": "42.91", "2007-12-31": "33.28", "2007-09-30": "33.03", "2007-06-30": "41.87", "2007-03-31": "60.39", "2006-12-31": "52.35"}, "price sales": {"2021-02-05": "4.42", "2020-09-30": "3.15", "2020-06-30": "3.21", "2020-03-31": "2.75", "2019-12-31": "3.84", "2019-09-30": "3.39", "2019-06-30": "3.97", "2019-03-31": "3.12", "2018-12-31": "2.45", "2018-09-30": "2.79", "2018-06-30": "2.47", "2018-03-31": "2.59", "2017-12-31": "3.06", "2017-09-30": "2.76", "2017-06-30": "2.75", "2017-03-31": "2.29", "2016-12-31": "2.10", "2016-09-30": "2.26", "2016-06-30": "2.28", "2016-03-31": "2.79", "2015-12-31": "2.47", "2015-09-30": "1.64", "2015-06-30": "2.01", "2015-03-31": "1.76", "2014-12-31": "1.79", "2014-09-30": "1.65", "2014-06-30": "2.14", "2014-03-31": "2.01", "2013-12-31": "1.77", "2013-09-30": "1.88", "2013-06-30": "1.46", "2013-03-31": "1.75", "2012-12-31": "1.39", "2012-09-30": "1.22", "2012-06-30": "1.26", "2012-03-31": "1.47", "2011-12-31": "1.23", "2011-09-30": "1.38", "2011-06-30": "2.23", "2011-03-31": "2.44", "2010-12-31": "2.06", "2010-09-30": "1.80", "2010-06-30": "1.62", "2010-03-31": "2.03", "2009-12-31": "1.74", "2009-09-30": "1.62", "2009-06-30": "1.43", "2009-03-31": "0.90", "2008-12-31": "0.59", "2008-09-30": "1.88", "2008-06-30": "1.81", "2008-03-31": "2.31", "2007-12-31": "2.06", "2007-09-30": "1.12", "2007-06-30": "1.22", "2007-03-31": "1.53", "2006-12-31": "1.15"}, "price book": {"current": "8.87", "2021-02-05": "8.87", "2020-09-30": "6.32", "2020-06-30": "6.86", "2020-03-31": "5.97", "2019-12-31": "8.54", "2019-09-30": "7.88", "2019-06-30": "8.83", "2019-03-31": "6.50", "2018-12-31": "5.11", "2018-09-30": "6.29", "2018-06-30": "5.72", "2018-03-31": "5.85", "2017-12-31": "7.20", "2017-09-30": "6.20", "2017-06-30": "5.92", "2017-03-31": "5.02", "2016-12-31": "4.80", "2016-09-30": "5.08", "2016-06-30": "5.36", "2016-03-31": "6.27", "2015-12-31": "5.34", "2015-09-30": "3.50", "2015-06-30": "4.36", "2015-03-31": "4.22", "2014-12-31": "4.18", "2014-09-30": "3.74", "2014-06-30": "4.50", "2014-03-31": "4.30", "2013-12-31": "3.80", "2013-09-30": "4.33", "2013-06-30": "3.64", "2013-03-31": "4.50", "2012-12-31": "3.49", "2012-09-30": "3.05", "2012-06-30": "3.37", "2012-03-31": "3.75", "2011-12-31": "3.22", "2011-09-30": "3.63", "2011-06-30": "5.22", "2011-03-31": "5.89", "2010-12-31": "5.08", "2010-09-30": "4.57", "2010-06-30": "4.74", "2010-03-31": "5.63", "2009-12-31": "4.62", "2009-09-30": "4.58", "2009-06-30": "4.41", "2009-03-31": "3.31", "2008-12-31": "2.07", "2008-09-30": "7.25", "2008-06-30": "6.64", "2008-03-31": "8.47", "2007-12-31": "3.34", "2007-09-30": "3.80", "2007-06-30": "4.18", "2007-03-31": "5.04", "2006-12-31": "3.93", "2006-09-30": "3.96", "2006-06-30": "2.16", "2006-03-31": "2.24"}, "price fcf": {"2021-02-05": "", "2020-09-30": "$1.08", "2020-06-30": "$0.96", "2020-03-31": "$0.97", "2019-12-31": "$0.97", "2019-09-30": "$0.99", "2019-06-30": "$0.79", "2019-03-31": "$1.01", "2018-12-31": "$1.21", "2018-09-30": "$1.10", "2018-06-30": "$1.16", "2018-03-31": "$0.82", "2017-12-31": "$0.77", "2017-09-30": "$0.66", "2017-06-30": "$0.67", "2017-03-31": "$0.89", "2016-12-31": "$0.58", "2016-09-30": "$0.91", "2016-06-30": "$1.01", "2016-03-31": "$0.90", "2015-12-31": "$1.16", "2015-09-30": "$0.71", "2015-06-30": "$0.48", "2015-03-31": "$0.56", "2014-12-31": "$0.49", "2014-09-30": "$0.85", "2014-06-30": "$0.99", "2014-03-31": "$0.82", "2013-12-31": "$0.57", "2013-09-30": "$0.25", "2013-06-30": "$-0.03", "2013-03-31": "$0.22", "2012-12-31": "$0.38", "2012-09-30": "$0.43", "2012-06-30": "$0.62", "2012-03-31": "$0.40", "2011-12-31": "$0.20", "2011-09-30": "$0.25", "2011-06-30": "$0.17", "2011-03-31": "$0.53", "2010-12-31": "$0.77", "2010-09-30": "$0.71", "2010-06-30": "$0.80", "2010-03-31": "$0.75", "2009-12-31": "$0.81", "2009-09-30": "$0.84", "2009-06-30": "$0.68", "2009-03-31": "$0.36", "2008-12-31": "$0.36", "2008-09-30": "$0.29", "2008-06-30": "$0.42", "2008-03-31": "$0.44", "2007-12-31": "$0.50", "2007-09-30": "$0.33", "2007-06-30": "$0.38", "2007-03-31": "$0.46", "2006-12-31": "$0.38"}, "net worth": {"value": "$8.54B"}, "current ratio": {"current": "2.67", "2020-09-30": "2.67", "2020-06-30": "2.61", "2020-03-31": "2.60", "2019-12-31": "2.78", "2019-09-30": "2.23", "2019-06-30": "2.19", "2019-03-31": "2.12", "2018-12-31": "2.18", "2018-09-30": "2.24", "2018-06-30": "2.22", "2018-03-31": "2.22", "2017-12-31": "2.59", "2017-09-30": "2.60", "2017-06-30": "2.63", "2017-03-31": "2.46", "2016-12-31": "2.43", "2016-09-30": "2.29", "2016-06-30": "2.27", "2016-03-31": "2.26", "2015-12-31": "2.22", "2015-09-30": "2.05", "2015-06-30": "2.08", "2015-03-31": "2.41", "2014-12-31": "2.35", "2014-09-30": "2.30", "2014-06-30": "2.33", "2014-03-31": "2.20", "2013-12-31": "2.21", "2013-09-30": "2.12", "2013-06-30": "2.10", "2013-03-31": "1.99", "2012-12-31": "1.92", "2012-09-30": "1.81", "2012-06-30": "1.61", "2012-03-31": "1.61", "2011-12-31": "1.58", "2011-09-30": "1.27", "2011-06-30": "1.29", "2011-03-31": "1.28", "2010-12-31": "1.26", "2010-09-30": "1.61", "2010-06-30": "1.54", "2010-03-31": "1.61", "2009-12-31": "1.62", "2009-09-30": "1.57", "2009-06-30": "1.52", "2009-03-31": "1.57", "2008-12-31": "1.58", "2008-09-30": "1.52", "2008-06-30": "1.49", "2008-03-31": "1.31", "2007-12-31": "1.84", "2007-09-30": "1.63", "2007-06-30": "1.64", "2007-03-31": "1.60", "2006-12-31": "1.51", "2006-09-30": "1.53", "2006-06-30": "2.37", "2006-03-31": "2.36", "2005-12-31": "2.13", "2005-09-30": "2.42", "2005-06-30": "2.51", "2005-03-31": "2.44"}, "quick ratio": {"2020-09-30": "1.65", "2020-06-30": "1.72", "2020-03-31": "1.78", "2019-12-31": "1.89", "2019-09-30": "1.32", "2019-06-30": "1.27", "2019-03-31": "1.27", "2018-12-31": "1.33", "2018-09-30": "1.32", "2018-06-30": "1.27", "2018-03-31": "1.29", "2017-12-31": "1.66", "2017-09-30": "1.60", "2017-06-30": "1.61", "2017-03-31": "1.53", "2016-12-31": "1.59", "2016-09-30": "1.42", "2016-06-30": "1.39", "2016-03-31": "1.41", "2015-12-31": "1.46", "2015-09-30": "1.34", "2015-06-30": "1.33", "2015-03-31": "1.54", "2014-12-31": "1.53", "2014-09-30": "1.37", "2014-06-30": "1.36", "2014-03-31": "1.28", "2013-12-31": "1.30", "2013-09-30": "1.15", "2013-06-30": "1.10", "2013-03-31": "1.02", "2012-12-31": "1.02", "2012-09-30": "0.89", "2012-06-30": "0.79", "2012-03-31": "0.77", "2011-12-31": "0.82", "2011-09-30": "0.62", "2011-06-30": "0.61", "2011-03-31": "0.63", "2010-12-31": "0.65", "2010-09-30": "0.79", "2010-06-30": "0.76", "2010-03-31": "0.82", "2009-12-31": "0.83", "2009-09-30": "0.72", "2009-06-30": "0.68", "2009-03-31": "0.72", "2008-12-31": "0.76", "2008-09-30": "0.62", "2008-06-30": "0.65", "2008-03-31": "0.69", "2007-12-31": "1.05", "2007-09-30": "0.76", "2007-06-30": "0.75", "2007-03-31": "0.81", "2006-12-31": "0.82", "2006-09-30": "0.78", "2006-06-30": "1.49", "2006-03-31": "1.47", "2005-12-31": "1.34", "2005-09-30": "1.51", "2005-06-30": "1.56", "2005-03-31": "1.51"}, "debt equity ratio": {"current": "0.86", "2020-09-30": "1.99", "2020-06-30": "2.25", "2020-03-31": "2.20", "2019-12-31": "2.02", "2019-09-30": "1.75", "2019-06-30": "1.70", "2019-03-31": "1.43", "2018-12-31": "1.35", "2018-09-30": "1.29", "2018-06-30": "1.30", "2018-03-31": "1.32", "2017-12-31": "1.66", "2017-09-30": "1.65", "2017-06-30": "1.51", "2017-03-31": "1.52", "2016-12-31": "1.61", "2016-09-30": "1.57", "2016-06-30": "1.57", "2016-03-31": "1.45", "2015-12-31": "1.36", "2015-09-30": "1.40", "2015-06-30": "1.37", "2015-03-31": "1.46", "2014-12-31": "1.42", "2014-09-30": "1.35", "2014-06-30": "1.26", "2014-03-31": "1.34", "2013-12-31": "1.34", "2013-09-30": "1.48", "2013-06-30": "1.49", "2013-03-31": "1.62", "2012-12-31": "1.62", "2012-09-30": "1.59", "2012-06-30": "1.73", "2012-03-31": "1.72", "2011-12-31": "1.74", "2011-09-30": "1.77", "2011-06-30": "1.70", "2011-03-31": "1.84", "2010-12-31": "1.94", "2010-09-30": "1.59", "2010-06-30": "1.76", "2010-03-31": "1.78", "2009-12-31": "1.80", "2009-09-30": "2.01", "2009-06-30": "2.23", "2009-03-31": "2.56", "2008-12-31": "2.57", "2008-09-30": "2.66", "2008-06-30": "2.79", "2008-03-31": "3.82", "2007-12-31": "1.06", "2007-09-30": "1.09", "2007-06-30": "1.08", "2007-03-31": "1.16", "2006-12-31": "1.26", "2006-09-30": "1.32", "2006-06-30": "0.74", "2006-03-31": "0.74", "2005-12-31": "0.85", "2005-09-30": "0.70", "2005-06-30": "0.70", "2005-03-31": "0.73"}, "return on equity": {"2020-09-30": "17.03%", "2020-06-30": "18.31%", "2020-03-31": "19.96%", "2019-12-31": "22.22%", "2019-09-30": "23.31%", "2019-06-30": "21.47%", "2019-03-31": "21.30%", "2018-12-31": "21.66%", "2018-09-30": "12.51%", "2018-06-30": "12.07%", "2018-03-31": "11.10%", "2017-12-31": "10.64%", "2017-09-30": "20.63%", "2017-06-30": "22.29%", "2017-03-31": "21.89%", "2016-12-31": "22.36%", "2016-09-30": "20.90%", "2016-06-30": "15.56%", "2016-03-31": "15.98%", "2015-12-31": "13.64%", "2015-09-30": "8.84%", "2015-06-30": "7.93%", "2015-03-31": "6.89%", "2014-12-31": "6.83%", "2014-09-30": "7.73%", "2014-06-30": "9.10%", "2014-03-31": "10.43%", "2013-12-31": "10.50%", "2013-09-30": "7.98%", "2013-06-30": "11.48%", "2013-03-31": "9.92%", "2012-12-31": "11.51%", "2012-09-30": "15.85%", "2012-06-30": "13.27%", "2012-03-31": "15.23%", "2011-12-31": "15.14%", "2011-09-30": "14.06%", "2011-06-30": "16.01%", "2011-03-31": "17.95%", "2010-12-31": "20.52%", "2010-09-30": "25.23%", "2010-06-30": "24.38%", "2010-03-31": "23.00%", "2009-12-31": "22.69%", "2009-09-30": "19.06%", "2009-06-30": "20.93%", "2009-03-31": "24.38%", "2008-12-31": "21.56%", "2008-09-30": "20.68%", "2008-06-30": "23.90%", "2008-03-31": "24.24%", "2007-12-31": "30.21%", "2007-09-30": "57.67%", "2007-06-30": "50.25%", "2007-03-31": "43.00%", "2006-12-31": "37.64%", "2006-09-30": "7.66%", "2006-06-30": "6.93%", "2006-03-31": "5.62%", "2005-12-31": "4.22%"}, "return on assets": {"2020-09-30": "5.47%", "2020-06-30": "5.98%", "2020-03-31": "6.82%", "2019-12-31": "8.15%", "2019-09-30": "9.12%", "2019-06-30": "8.78%", "2019-03-31": "9.07%", "2018-12-31": "9.35%", "2018-09-30": "5.24%", "2018-06-30": "4.88%", "2018-03-31": "4.39%", "2017-12-31": "4.12%", "2017-09-30": "8.03%", "2017-06-30": "8.75%", "2017-03-31": "8.54%", "2016-12-31": "8.77%", "2016-09-30": "8.41%", "2016-06-30": "6.37%", "2016-03-31": "6.67%", "2015-12-31": "5.69%", "2015-09-30": "3.67%", "2015-06-30": "3.31%", "2015-03-31": "2.91%", "2014-12-31": "2.92%", "2014-09-30": "3.33%", "2014-06-30": "3.87%", "2014-03-31": "4.33%", "2013-12-31": "4.25%", "2013-09-30": "3.13%", "2013-06-30": "4.46%", "2013-03-31": "3.77%", "2012-12-31": "4.33%", "2012-09-30": "5.89%", "2012-06-30": "4.85%", "2012-03-31": "5.58%", "2011-12-31": "5.49%", "2011-09-30": "5.01%", "2011-06-30": "5.79%", "2011-03-31": "6.44%", "2010-12-31": "7.41%", "2010-09-30": "9.26%", "2010-06-30": "8.61%", "2010-03-31": "7.83%", "2009-12-31": "7.29%", "2009-09-30": "5.74%", "2009-06-30": "5.99%", "2009-03-31": "6.69%", "2008-12-31": "5.46%", "2008-09-30": "6.37%", "2008-06-30": "8.04%", "2008-03-31": "9.17%", "2007-12-31": "14.49%", "2007-09-30": "26.97%", "2007-06-30": "22.89%", "2007-03-31": "20.42%", "2006-12-31": "18.84%", "2006-09-30": "4.04%", "2006-06-30": "3.93%", "2006-03-31": "3.21%", "2005-12-31": "2.41%"}, "return on investments": {"2020-09-30": "14.07%", "2020-06-30": "15.36%", "2020-03-31": "17.51%", "2019-12-31": "21.12%", "2019-09-30": "22.23%", "2019-06-30": "22.14%", "2019-03-31": "23.52%", "2018-12-31": "24.57%", "2018-09-30": "23.98%", "2018-06-30": "21.40%", "2018-03-31": "19.21%", "2017-12-31": "18.72%", "2017-09-30": "17.85%", "2017-06-30": "18.10%", "2017-03-31": "17.55%", "2016-12-31": "17.69%", "2016-09-30": "16.98%", "2016-06-30": "15.33%", "2016-03-31": "16.47%", "2015-12-31": "14.27%", "2015-09-30": "11.37%", "2015-06-30": "8.86%", "2015-03-31": "8.68%", "2014-12-31": "8.92%", "2014-09-30": "10.09%", "2014-06-30": "12.41%", "2014-03-31": "13.68%", "2013-12-31": "13.47%", "2013-09-30": "11.91%", "2013-06-30": "15.03%", "2013-03-31": "13.46%", "2012-12-31": "16.19%", "2012-09-30": "18.74%", "2012-06-30": "18.06%", "2012-03-31": "21.40%", "2011-12-31": "22.19%", "2011-09-30": "23.85%", "2011-06-30": "24.53%", "2011-03-31": "26.19%", "2010-12-31": "27.81%", "2010-09-30": "33.26%", "2010-06-30": "32.25%", "2010-03-31": "29.49%", "2009-12-31": "27.70%", "2009-09-30": "22.65%", "2009-06-30": "20.69%", "2009-03-31": "22.13%", "2008-12-31": "22.69%", "2008-09-30": "24.37%", "2008-06-30": "30.35%", "2008-03-31": "33.52%", "2007-12-31": "40.09%", "2007-09-30": "69.27%", "2007-06-30": "63.16%", "2007-03-31": "54.59%", "2006-12-31": "48.04%", "2006-09-30": "12.46%", "2006-06-30": "11.29%", "2006-03-31": "10.56%", "2005-12-31": "9.66%"}, "return on tangible equity": {"2020-09-30": "49.03%", "2020-06-30": "52.88%", "2020-03-31": "58.60%", "2019-12-31": "63.41%", "2019-09-30": "61.52%", "2019-06-30": "49.74%", "2019-03-31": "44.15%", "2018-12-31": "40.68%", "2018-09-30": "21.42%", "2018-06-30": "21.05%", "2018-03-31": "19.42%", "2017-12-31": "19.07%", "2017-09-30": "36.19%", "2017-06-30": "37.84%", "2017-03-31": "35.98%", "2016-12-31": "35.67%", "2016-09-30": "33.16%", "2016-06-30": "23.48%", "2016-03-31": "23.32%", "2015-12-31": "19.53%", "2015-09-30": "12.64%", "2015-06-30": "11.38%", "2015-03-31": "9.78%", "2014-12-31": "9.58%", "2014-09-30": "10.83%", "2014-06-30": "12.91%", "2014-03-31": "15.14%", "2013-12-31": "15.66%", "2013-09-30": "12.19%", "2013-06-30": "17.99%", "2013-03-31": "16.09%", "2012-12-31": "19.20%", "2012-09-30": "27.08%", "2012-06-30": "22.80%", "2012-03-31": "26.03%", "2011-12-31": "26.04%", "2011-09-30": "24.89%", "2011-06-30": "26.23%", "2011-03-31": "27.71%", "2010-12-31": "28.49%", "2010-09-30": "31.27%", "2010-06-30": "30.21%", "2010-03-31": "28.14%", "2009-12-31": "28.37%", "2009-09-30": "24.32%", "2009-06-30": "27.37%", "2009-03-31": "32.07%", "2008-12-31": "28.54%", "2008-09-30": "25.50%", "2008-06-30": "28.95%", "2008-03-31": "29.19%", "2007-12-31": "35.90%", "2007-09-30": "75.64%", "2007-06-30": "67.11%", "2007-03-31": "55.22%", "2006-12-31": "46.44%", "2006-09-30": "9.01%", "2006-06-30": "7.73%", "2006-03-31": "6.17%", "2005-12-31": "4.56%"}, "dividend yield history": {"last payout": "$0.16", "last yield": "0.29%"}}