{"ticker": "BC", "price": {"title": "Brunswick Historical Annual Stock Price Data", "value": 89.65, "historical": {"2021": {"Average Stock Price": "86.9533", "Year Open": "76.5200", "Year High": "92.7000", "Year Low": "76.5200", "Year Close": "89.6500", "Annual % Change": "17.59%"}, "2020": {"Average Stock Price": "59.3988", "Year Open": "60.0000", "Year High": "82.5900", "Year Low": "26.7100", "Year Close": "76.2400", "Annual % Change": "27.11%"}, "2019": {"Average Stock Price": "51.0946", "Year Open": "46.7500", "Year High": "61.5700", "Year Low": "41.4800", "Year Close": "59.9800", "Annual % Change": "29.13%"}, "2018": {"Average Stock Price": "60.3184", "Year Open": "55.9900", "Year High": "69.2200", "Year Low": "42.6100", "Year Close": "46.4500", "Annual % Change": "-15.88%"}, "2017": {"Average Stock Price": "56.9601", "Year Open": "55.3800", "Year High": "63.4200", "Year Low": "48.6300", "Year Close": "55.2200", "Annual % Change": "1.25%"}, "2016": {"Average Stock Price": "47.0028", "Year Open": "49.9200", "Year High": "56.0300", "Year Low": "37.9800", "Year Close": "54.5400", "Annual % Change": "7.98%"}, "2015": {"Average Stock Price": "51.9270", "Year Open": "51.0400", "Year High": "56.3900", "Year Low": "46.5000", "Year Close": "50.5100", "Annual % Change": "-1.46%"}, "2014": {"Average Stock Price": "43.8483", "Year Open": "45.3100", "Year High": "51.9400", "Year Low": "38.9500", "Year Close": "51.2600", "Annual % Change": "11.29%"}, "2013": {"Average Stock Price": "37.2018", "Year Open": "31.1500", "Year High": "46.4800", "Year Low": "30.4200", "Year Close": "46.0600", "Annual % Change": "58.34%"}, "2012": {"Average Stock Price": "23.4853", "Year Open": "18.6300", "Year High": "29.0900", "Year Low": "18.4900", "Year Close": "29.0900", "Annual % Change": "61.07%"}, "2011": {"Average Stock Price": "19.4958", "Year Open": "19.2100", "Year High": "27.0100", "Year Low": "13.5000", "Year Close": "18.0600", "Annual % Change": "-3.63%"}, "2010": {"Average Stock Price": "15.5413", "Year Open": "13.4000", "Year High": "22.6900", "Year Low": "10.3700", "Year Close": "18.7400", "Annual % Change": "47.44%"}, "2009": {"Average Stock Price": "6.8691", "Year Open": "4.6500", "Year High": "13.1100", "Year Low": "2.1800", "Year Close": "12.7100", "Annual % Change": "201.90%"}, "2008": {"Average Stock Price": "12.1671", "Year Open": "16.9200", "Year High": "19.2800", "Year Low": "2.0100", "Year Close": "4.2100", "Annual % Change": "-75.31%"}, "2007": {"Average Stock Price": "28.1226", "Year Open": "31.9200", "Year High": "34.8000", "Year Low": "17.0500", "Year Close": "17.0500", "Annual % Change": "-46.55%"}, "2006": {"Average Stock Price": "34.4367", "Year Open": "40.8200", "Year High": "42.3000", "Year Low": "27.5600", "Year Close": "31.9000", "Annual % Change": "-21.54%"}, "2005": {"Average Stock Price": "43.2342", "Year Open": "48.5700", "Year High": "49.5000", "Year Low": "35.0900", "Year Close": "40.6600", "Annual % Change": "-17.86%"}, "2004": {"Average Stock Price": "41.1987", "Year Open": "31.9400", "Year High": "49.8100", "Year Low": "31.4300", "Year Close": "49.5000", "Annual % Change": "55.51%"}, "2003": {"Average Stock Price": "24.4214", "Year Open": "20.6200", "Year High": "31.9600", "Year Low": "17.5000", "Year Close": "31.8300", "Annual % Change": "60.27%"}, "2002": {"Average Stock Price": "23.9978", "Year Open": "21.8200", "Year High": "29.7000", "Year Low": "18.7200", "Year Close": "19.8600", "Annual % Change": "-8.73%"}, "2001": {"Average Stock Price": "20.5748", "Year Open": "15.0600", "Year High": "24.7500", "Year Low": "15.0000", "Year Close": "21.7600", "Annual % Change": "32.36%"}, "2000": {"Average Stock Price": "18.4921", "Year Open": "21.9400", "Year High": "21.9400", "Year Low": "14.7500", "Year Close": "16.4400", "Annual % Change": "-26.11%"}, "1999": {"Average Stock Price": "23.7713", "Year Open": "23.6200", "Year High": "30.0000", "Year Low": "18.2500", "Year Close": "22.2500", "Annual % Change": "-10.10%"}, "1998": {"Average Stock Price": "24.7665", "Year Open": "30.0000", "Year High": "35.3800", "Year Low": "12.5000", "Year Close": "24.7500", "Annual % Change": "-18.34%"}, "1997": {"Average Stock Price": "30.2944", "Year Open": "23.6200", "Year High": "36.5000", "Year Low": "23.6200", "Year Close": "30.3100", "Annual % Change": "26.29%"}, "1996": {"Average Stock Price": "22.5077", "Year Open": "23.3800", "Year High": "25.7500", "Year Low": "18.1200", "Year Close": "24.0000", "Annual % Change": "0.00%"}, "1995": {"Average Stock Price": "20.0590", "Year Open": "18.8800", "Year High": "24.0000", "Year Low": "16.3800", "Year Close": "24.0000", "Annual % Change": "27.12%"}, "1994": {"Average Stock Price": "21.3379", "Year Open": "18.1200", "Year High": "25.1200", "Year Low": "17.0000", "Year Close": "18.8800", "Annual % Change": "4.89%"}, "1993": {"Average Stock Price": "15.1392", "Year Open": "16.6200", "Year High": "18.5000", "Year Low": "12.5000", "Year Close": "18.0000", "Annual % Change": "10.77%"}, "1992": {"Average Stock Price": "14.7619", "Year Open": "13.8800", "Year High": "17.7500", "Year Low": "12.2500", "Year Close": "16.2500", "Annual % Change": "17.07%"}, "1991": {"Average Stock Price": "13.0955", "Year Open": "9.2500", "Year High": "16.1200", "Year Low": "8.7500", "Year Close": "13.8800", "Annual % Change": "54.22%"}, "1990": {"Average Stock Price": "11.5702", "Year Open": "14.5000", "Year High": "16.0000", "Year Low": "6.6200", "Year Close": "9.0000", "Annual % Change": "-36.26%"}, "1989": {"Average Stock Price": "17.1398", "Year Open": "16.6200", "Year High": "21.0000", "Year Low": "13.1200", "Year Close": "14.1200", "Annual % Change": "-16.35%"}, "1988": {"Average Stock Price": "19.9150", "Year Open": "15.3800", "Year High": "23.8800", "Year Low": "14.5000", "Year Close": "16.8800", "Annual % Change": "14.44%"}, "1987": {"Average Stock Price": "22.1628", "Year Open": "17.2500", "Year High": "30.1200", "Year Low": "11.3800", "Year Close": "14.7500", "Annual % Change": "-12.93%"}, "1986": {"Average Stock Price": "15.5973", "Year Open": "10.9375", "Year High": "19.6900", "Year Low": "10.9375", "Year Close": "16.9400", "Annual % Change": "55.34%"}, "1985": {"Average Stock Price": "9.3613", "Year Open": "8.2800", "Year High": "11.3125", "Year Low": "7.9700", "Year Close": "10.9050", "Annual % Change": "28.75%"}, "1984": {"Average Stock Price": "7.4646", "Year Open": "7.0000", "Year High": "8.9050", "Year Low": "6.0300", "Year Close": "8.4700", "Annual % Change": "17.31%"}, "1983": {"Average Stock Price": "4.7984", "Year Open": "3.1250", "Year High": "7.4050", "Year Low": "3.1250", "Year Close": "7.2200", "Annual % Change": "131.04%"}, "1982": {"Average Stock Price": "2.6899", "Year Open": "2.2813", "Year High": "3.4375", "Year Low": "1.8750", "Year Close": "3.1250", "Annual % Change": "34.26%"}}}, "market cap": {"value": "$7.02B"}, "income statement": {"Revenue": {"2020-12-31": "4347.50000", "2019-12-31": "4108.40000", "2018-12-31": "4120.90000", "2017-12-31": "3802.20000", "2016-12-31": "4488.50000", "2015-12-31": "3780.20000", "2014-12-31": "3838.70000", "2013-12-31": "3599.70000", "2012-12-31": "3416.80000", "2011-12-31": "3670.00000", "2010-12-31": "3338.00000", "2009-12-31": "2776.10000", "2008-12-31": "4708.70000", "2007-12-31": "5671.20000", "2006-12-31": "5665.00000", "2005-12-31": "5606.90000"}, "Cost Of Goods Sold": {"2020-12-31": "3134.50000", "2019-12-31": "2987.40000", "2018-12-31": "3073.90000", "2017-12-31": "2853.60000", "2016-12-31": "3256.10000", "2015-12-31": "2720.20000", "2014-12-31": "2801.90000", "2013-12-31": "2650.40000", "2012-12-31": "2540.50000", "2011-12-31": "2792.60000", "2010-12-31": "2600.80000", "2009-12-31": "2460.50000", "2008-12-31": "3841.30000", "2007-12-31": "4513.40000", "2006-12-31": "4431.70000", "2005-12-31": "4285.30000"}, "Gross Profit": {"2020-12-31": "1213.00000", "2019-12-31": "1121.00000", "2018-12-31": "1047.00000", "2017-12-31": "948.59990", "2016-12-31": "1232.40000", "2015-12-31": "1060.00000", "2014-12-31": "1036.80000", "2013-12-31": "949.30000", "2012-12-31": "876.30000", "2011-12-31": "877.39990", "2010-12-31": "737.20000", "2009-12-31": "315.60010", "2008-12-31": "867.40010", "2007-12-31": "1157.80000", "2006-12-31": "1233.30000", "2005-12-31": "1321.60000"}, "Research And Development Expenses": {"2020-12-31": "125.90000", "2019-12-31": "121.60000", "2018-12-31": "121.50000", "2017-12-31": "111.60000", "2016-12-31": "139.20000", "2015-12-31": "113.90000", "2014-12-31": "119.60000", "2013-12-31": "114.80000", "2012-12-31": "101.00000", "2011-12-31": "95.90000", "2010-12-31": "90.30000", "2009-12-31": "88.50000", "2008-12-31": "122.20000", "2007-12-31": "134.50000", "2006-12-31": "132.20000", "2005-12-31": "123.50000"}, "SG&A Expenses": {"2020-12-31": "543.70000", "2019-12-31": "509.60000", "2018-12-31": "515.20000", "2017-12-31": "458.10000", "2016-12-31": "598.10000", "2015-12-31": "527.80000", "2014-12-31": "556.60000", "2013-12-31": "536.20000", "2012-12-31": "512.70000", "2011-12-31": "546.50000", "2010-12-31": "529.80000", "2009-12-31": "625.10000", "2008-12-31": "668.40000", "2007-12-31": "827.50000", "2006-12-31": "742.80000", "2005-12-31": "729.40000"}, "Other Operating Income Or Expenses": {"2020-12-31": "", "2019-12-31": "", "2018-12-31": "", "2017-12-31": "", "2016-12-31": "", "2015-12-31": "", "2014-12-31": "", "2013-12-31": "", "2012-12-31": "", "2011-12-31": "", "2010-12-31": "", "2009-12-31": "", "2008-12-31": "-133.90000", "2007-12-31": "-66.40000", "2006-12-31": "0.00000", "2005-12-31": ""}, "Operating Expenses": {"2020-12-31": "3808.20000", "2019-12-31": "3637.40000", "2018-12-31": "3765.40000", "2017-12-31": "3471.90000", "2016-12-31": "4009.00000", "2015-12-31": "3448.90000", "2014-12-31": "3510.20000", "2013-12-31": "3317.90000", "2012-12-31": "3179.60000", "2011-12-31": "3456.30000", "2010-12-31": "3275.10000", "2009-12-31": "3346.60000", "2008-12-31": "5320.30000", "2007-12-31": "5564.00000", "2006-12-31": "5323.80000", "2005-12-31": "5138.20000"}, "Operating Income": {"2020-12-31": "539.30000", "2019-12-31": "470.99980", "2018-12-31": "355.50000", "2017-12-31": "330.29960", "2016-12-31": "479.50000", "2015-12-31": "331.30000", "2014-12-31": "328.50000", "2013-12-31": "281.80000", "2012-12-31": "237.20020", "2011-12-31": "213.70000", "2010-12-31": "62.89990", "2009-12-31": "-570.50000", "2008-12-31": "-611.59960", "2007-12-31": "107.20020", "2006-12-31": "341.19970", "2005-12-31": "468.70020"}, "Total Non-Operating Income/Expense": {"2020-12-31": "-66.60000", "2019-12-31": "-360.30000", "2018-12-31": "-44.80000", "2017-12-31": "-117.40000", "2016-12-31": "-89.80000", "2015-12-31": "-16.50000", "2014-12-31": "-40.60000", "2013-12-31": "-72.90000", "2012-12-31": "-81.20000", "2011-12-31": "-103.00000", "2010-12-31": "-101.00000", "2009-12-31": "-114.20000", "2008-12-31": "-20.60000", "2007-12-31": "-14.50000", "2006-12-31": "-31.50000", "2005-12-31": "17.20000"}, "Pre-Tax Income": {"2020-12-31": "472.70000", "2019-12-31": "110.70000", "2018-12-31": "310.70000", "2017-12-31": "212.90000", "2016-12-31": "389.70000", "2015-12-31": "314.80000", "2014-12-31": "287.90000", "2013-12-31": "208.90000", "2012-12-31": "156.00000", "2011-12-31": "110.70000", "2010-12-31": "-38.10000", "2009-12-31": "-684.70000", "2008-12-31": "-632.20000", "2007-12-31": "92.70000", "2006-12-31": "309.70000", "2005-12-31": "485.90000"}, "Income Taxes": {"2020-12-31": "98.00000", "2019-12-31": "80.30000", "2018-12-31": "57.30000", "2017-12-31": "111.60000", "2016-12-31": "115.30000", "2015-12-31": "83.90000", "2014-12-31": "93.00000", "2013-12-31": "-547.90000", "2012-12-31": "31.40000", "2011-12-31": "20.10000", "2010-12-31": "25.90000", "2009-12-31": "-98.50000", "2008-12-31": "155.90000", "2007-12-31": "13.10000", "2006-12-31": "46.50000", "2005-12-31": "114.80000"}, "Income After Taxes": {"2020-12-31": "374.70000", "2019-12-31": "30.40000", "2018-12-31": "253.40000", "2017-12-31": "101.30000", "2016-12-31": "274.40000", "2015-12-31": "230.90000", "2014-12-31": "194.90000", "2013-12-31": "756.80000", "2012-12-31": "124.60000", "2011-12-31": "90.60000", "2010-12-31": "-64.00000", "2009-12-31": "-586.20000", "2008-12-31": "-788.10000", "2007-12-31": "79.60000", "2006-12-31": "263.20000", "2005-12-31": "371.10000"}, "Other Income": {"2020-12-31": "", "2019-12-31": "", "2018-12-31": "", "2017-12-31": "", "2016-12-31": "", "2015-12-31": "", "2014-12-31": "", "2013-12-31": "", "2012-12-31": "", "2011-12-31": "", "2010-12-31": "", "2009-12-31": "", "2008-12-31": "", "2007-12-31": "", "2006-12-31": "", "2005-12-31": ""}, "Income From Continuous Operations": {"2020-12-31": "374.70000", "2019-12-31": "30.40000", "2018-12-31": "253.40000", "2017-12-31": "101.30000", "2016-12-31": "274.40000", "2015-12-31": "230.90000", "2014-12-31": "194.90000", "2013-12-31": "756.80000", "2012-12-31": "124.60000", "2011-12-31": "90.60000", "2010-12-31": "-64.00000", "2009-12-31": "-586.20000", "2008-12-31": "-788.10000", "2007-12-31": "79.60000", "2006-12-31": "263.20000", "2005-12-31": "371.10000"}, "Income From Discontinued Operations": {"2020-12-31": "-2.00000", "2019-12-31": "-161.40000", "2018-12-31": "11.90000", "2017-12-31": "45.10000", "2016-12-31": "1.60000", "2015-12-31": "10.50000", "2014-12-31": "50.80000", "2013-12-31": "12.40000", "2012-12-31": "-74.60000", "2011-12-31": "-18.70000", "2010-12-31": "-46.60000", "2009-12-31": "", "2008-12-31": "", "2007-12-31": "32.00000", "2006-12-31": "-129.30000", "2005-12-31": "14.30000"}, "Net Income": {"2020-12-31": "372.70000", "2019-12-31": "-131.00000", "2018-12-31": "265.30000", "2017-12-31": "146.40000", "2016-12-31": "276.00000", "2015-12-31": "241.40000", "2014-12-31": "245.70000", "2013-12-31": "769.20000", "2012-12-31": "50.00000", "2011-12-31": "71.90000", "2010-12-31": "-110.60000", "2009-12-31": "-586.20000", "2008-12-31": "-788.10000", "2007-12-31": "111.60000", "2006-12-31": "133.90000", "2005-12-31": "385.40000"}, "EBITDA": {"2020-12-31": "692.70010", "2019-12-31": "609.69980", "2018-12-31": "479.50000", "2017-12-31": "417.39960", "2016-12-31": "583.40000", "2015-12-31": "408.40010", "2014-12-31": "409.70000", "2013-12-31": "353.20000", "2012-12-31": "310.10020", "2011-12-31": "313.09990", "2010-12-31": "186.79990", "2009-12-31": "-413.20000", "2008-12-31": "129.90040", "2007-12-31": "354.10020", "2006-12-31": "508.49970", "2005-12-31": "625.00020"}, "EBIT": {"2020-12-31": "539.30000", "2019-12-31": "470.99980", "2018-12-31": "355.50000", "2017-12-31": "330.29960", "2016-12-31": "479.50000", "2015-12-31": "331.30000", "2014-12-31": "328.50000", "2013-12-31": "281.80000", "2012-12-31": "237.20020", "2011-12-31": "213.70000", "2010-12-31": "62.89990", "2009-12-31": "-570.50000", "2008-12-31": "-611.59960", "2007-12-31": "107.20020", "2006-12-31": "341.19970", "2005-12-31": "468.70020"}, "Basic Shares Outstanding": {"2020-12-31": "79.20000", "2019-12-31": "85.20000", "2018-12-31": "87.60000", "2017-12-31": "89.40000", "2016-12-31": "91.20000", "2015-12-31": "93.00000", "2014-12-31": "93.60000", "2013-12-31": "91.20000", "2012-12-31": "89.80000", "2011-12-31": "89.30000", "2010-12-31": "88.70000", "2009-12-31": "88.40000", "2008-12-31": "88.30000", "2007-12-31": "89.80000", "2006-12-31": "94.00000", "2005-12-31": "97.60000"}, "Shares Outstanding": {"2020-12-31": "79.70000", "2019-12-31": "85.60000", "2018-12-31": "88.20000", "2017-12-31": "90.10000", "2016-12-31": "92.00000", "2015-12-31": "94.30000", "2014-12-31": "95.10000", "2013-12-31": "93.80000", "2012-12-31": "92.40000", "2011-12-31": "92.20000", "2010-12-31": "88.70000", "2009-12-31": "88.40000", "2008-12-31": "88.30000", "2007-12-31": "90.20000", "2006-12-31": "94.70000", "2005-12-31": "98.80000"}, "Basic EPS": {"2020-12-31": "4.70000", "2019-12-31": "-1.54000", "2018-12-31": "3.03000", "2017-12-31": "1.64000", "2016-12-31": "3.03000", "2015-12-31": "2.60000", "2014-12-31": "2.63000", "2013-12-31": "8.43000", "2012-12-31": "0.56000", "2011-12-31": "0.81000", "2010-12-31": "-1.25000", "2009-12-31": "-6.63000", "2008-12-31": "-8.93000", "2007-12-31": "1.24000", "2006-12-31": "1.42000", "2005-12-31": "3.95000"}, "EPS - Earnings Per Share": {"2020-12-31": "4.68000", "2019-12-31": "-1.53000", "2018-12-31": "3.01000", "2017-12-31": "1.62000", "2016-12-31": "3.00000", "2015-12-31": "2.56000", "2014-12-31": "2.58000", "2013-12-31": "8.20000", "2012-12-31": "0.54000", "2011-12-31": "0.78000", "2010-12-31": "-1.25000", "2009-12-31": "-6.63000", "2008-12-31": "-8.93000", "2007-12-31": "1.24000", "2006-12-31": "1.41000", "2005-12-31": "3.90000"}}, "income statement, quarterly": {"Revenue": {"2020-12-31": "1161.10000", "2020-09-30": "1233.10000", "2020-06-30": "987.80000", "2020-03-31": "965.50000", "2019-12-31": "917.59990", "2019-09-30": "976.60000", "2019-06-30": "1163.50000", "2019-03-31": "1050.70000", "2018-12-31": "716.69980", "2018-09-30": "1044.10000", "2018-06-30": "1148.70000", "2018-03-31": "1211.40000", "2017-12-31": "226.60000", "2017-09-30": "1141.50000", "2017-06-30": "1352.00000", "2017-03-31": "1082.10000", "2016-12-31": "1083.00000", "2016-09-30": "1093.00000", "2016-06-30": "1242.20000", "2016-03-31": "1070.30000", "2015-12-31": "660.59980", "2015-09-30": "991.90000", "2015-06-30": "1142.00000", "2015-03-31": "985.70000", "2014-12-31": "938.60010", "2014-09-30": "932.10000", "2014-06-30": "1073.10000", "2014-03-31": "894.90000", "2013-12-31": "681.69980", "2013-09-30": "824.40000", "2013-06-30": "1098.30000", "2013-03-31": "995.30000", "2012-12-31": "529.00000", "2012-09-30": "874.30000", "2012-06-30": "1053.90000", "2012-03-31": "959.60000", "2011-12-31": "711.10000", "2011-09-30": "876.70000", "2011-06-30": "1096.30000", "2011-03-31": "985.90000", "2010-12-31": "663.50010", "2010-09-30": "815.40000", "2010-06-30": "1014.70000", "2010-03-31": "844.40000", "2009-12-31": "657.30000", "2009-09-30": "665.80000", "2009-06-30": "718.30000", "2009-03-31": "734.70000", "2008-12-31": "837.70000", "2008-09-30": "1038.80000", "2008-06-30": "1485.40000", "2008-03-31": "1346.80000", "2007-12-31": "1436.00000", "2007-09-30": "1326.20000", "2007-06-30": "1522.90000", "2007-03-31": "1386.10000", "2006-12-31": "1370.80000", "2006-09-30": "1337.80000", "2006-06-30": "1543.10000", "2006-03-31": "1413.30000", "2005-12-31": "1323.10000", "2005-09-30": "1351.10000", "2005-06-30": "1531.60000", "2005-03-31": "1401.10000"}, "Cost Of Goods Sold": {"2020-12-31": "824.80000", "2020-09-30": "856.20000", "2020-06-30": "731.80000", "2020-03-31": "721.70000", "2019-12-31": "680.99990", "2019-09-30": "699.70000", "2019-06-30": "835.50000", "2019-03-31": "771.20000", "2018-12-31": "539.19980", "2018-09-30": "765.80000", "2018-06-30": "867.50000", "2018-03-31": "901.40000", "2017-12-31": "256.60020", "2017-09-30": "827.10000", "2017-06-30": "982.10000", "2017-03-31": "787.80000", "2016-12-31": "795.70000", "2016-09-30": "783.30000", "2016-06-30": "888.90000", "2016-03-31": "788.20000", "2015-12-31": "465.50000", "2015-09-30": "710.20000", "2015-06-30": "817.60000", "2015-03-31": "726.90000", "2014-12-31": "708.60000", "2014-09-30": "672.90000", "2014-06-30": "768.80000", "2014-03-31": "651.60000", "2013-12-31": "523.49990", "2013-09-30": "596.80000", "2013-06-30": "796.70000", "2013-03-31": "733.40000", "2012-12-31": "407.79990", "2012-09-30": "641.30000", "2012-06-30": "770.00000", "2012-03-31": "721.40000", "2011-12-31": "547.60020", "2011-09-30": "673.90000", "2011-06-30": "821.50000", "2011-03-31": "749.60000", "2010-12-31": "530.50010", "2010-09-30": "632.10000", "2010-06-30": "772.40000", "2010-03-31": "665.80000", "2009-12-31": "582.50000", "2009-09-30": "590.20000", "2009-06-30": "644.30000", "2009-03-31": "643.50000", "2008-12-31": "719.70000", "2008-09-30": "862.30000", "2008-06-30": "1182.00000", "2008-03-31": "1077.30000", "2007-12-31": "1174.40000", "2007-09-30": "1063.50000", "2007-06-30": "1190.30000", "2007-03-31": "1085.20000", "2006-12-31": "1094.60000", "2006-09-30": "1048.90000", "2006-06-30": "1188.30000", "2006-03-31": "1099.90000", "2005-12-31": "1035.50000", "2005-09-30": "1045.60000", "2005-06-30": "1145.00000", "2005-03-31": "1059.20000"}, "Gross Profit": {"2020-12-31": "336.30000", "2020-09-30": "376.90000", "2020-06-30": "256.00000", "2020-03-31": "243.80000", "2019-12-31": "236.59990", "2019-09-30": "276.90000", "2019-06-30": "328.00000", "2019-03-31": "279.49990", "2018-12-31": "177.50000", "2018-09-30": "278.30000", "2018-06-30": "281.20000", "2018-03-31": "310.00000", "2017-12-31": "-30.00020", "2017-09-30": "314.40000", "2017-06-30": "369.90000", "2017-03-31": "294.30000", "2016-12-31": "287.30000", "2016-09-30": "309.70000", "2016-06-30": "353.29990", "2016-03-31": "282.10000", "2015-12-31": "195.09980", "2015-09-30": "281.70000", "2015-06-30": "324.40000", "2015-03-31": "258.80000", "2014-12-31": "230.00010", "2014-09-30": "259.20000", "2014-06-30": "304.30000", "2014-03-31": "243.30000", "2013-12-31": "158.19990", "2013-09-30": "227.60000", "2013-06-30": "301.60000", "2013-03-31": "261.90000", "2012-12-31": "121.20010", "2012-09-30": "233.00000", "2012-06-30": "283.90000", "2012-03-31": "238.20000", "2011-12-31": "163.49980", "2011-09-30": "202.80000", "2011-06-30": "274.80000", "2011-03-31": "236.30000", "2010-12-31": "133.00010", "2010-09-30": "183.30000", "2010-06-30": "242.30000", "2010-03-31": "178.60000", "2009-12-31": "74.80000", "2009-09-30": "75.60000", "2009-06-30": "74.00000", "2009-03-31": "91.20000", "2008-12-31": "118.00000", "2008-09-30": "176.50010", "2008-06-30": "303.40000", "2008-03-31": "269.50000", "2007-12-31": "261.60020", "2007-09-30": "262.70000", "2007-06-30": "332.60000", "2007-03-31": "300.90000", "2006-12-31": "276.19980", "2006-09-30": "288.90000", "2006-06-30": "354.79990", "2006-03-31": "313.40000", "2005-12-31": "287.60000", "2005-09-30": "305.50000", "2005-06-30": "386.60000", "2005-03-31": "341.90000"}, "Research And Development Expenses": {"2020-12-31": "38.10000", "2020-09-30": "31.20000", "2020-06-30": "27.70000", "2020-03-31": "28.90000", "2019-12-31": "29.70000", "2019-09-30": "29.70000", "2019-06-30": "33.50000", "2019-03-31": "28.70000", "2018-12-31": "22.00000", "2018-09-30": "29.40000", "2018-06-30": "32.50000", "2018-03-31": "37.60000", "2017-12-31": "5.10000", "2017-09-30": "35.50000", "2017-06-30": "36.50000", "2017-03-31": "34.50000", "2016-12-31": "35.00000", "2016-09-30": "34.50000", "2016-06-30": "35.10000", "2016-03-31": "34.60000", "2015-12-31": "21.70000", "2015-09-30": "30.30000", "2015-06-30": "31.80000", "2015-03-31": "30.10000", "2014-12-31": "33.50000", "2014-09-30": "29.70000", "2014-06-30": "28.00000", "2014-03-31": "28.40000", "2013-12-31": "31.30000", "2013-09-30": "27.30000", "2013-06-30": "28.90000", "2013-03-31": "27.30000", "2012-12-31": "24.90000", "2012-09-30": "26.50000", "2012-06-30": "25.50000", "2012-03-31": "24.10000", "2011-12-31": "23.00000", "2011-09-30": "25.10000", "2011-06-30": "24.40000", "2011-03-31": "23.40000", "2010-12-31": "22.50000", "2010-09-30": "23.10000", "2010-06-30": "22.40000", "2010-03-31": "22.30000", "2009-12-31": "23.80000", "2009-09-30": "19.50000", "2009-06-30": "21.30000", "2009-03-31": "23.90000", "2008-12-31": "25.10000", "2008-09-30": "31.20000", "2008-06-30": "32.00000", "2008-03-31": "33.90000", "2007-12-31": "34.30000", "2007-09-30": "31.00000", "2007-06-30": "35.70000", "2007-03-31": "33.50000", "2006-12-31": "35.60000", "2006-09-30": "32.10000", "2006-06-30": "34.00000", "2006-03-31": "30.50000", "2005-12-31": "28.70000", "2005-09-30": "30.10000", "2005-06-30": "30.50000", "2005-03-31": "34.20000"}, "SG&A Expenses": {"2020-12-31": "161.90000", "2020-09-30": "151.30000", "2020-06-30": "119.20000", "2020-03-31": "111.30000", "2019-12-31": "129.60000", "2019-09-30": "120.10000", "2019-06-30": "126.40000", "2019-03-31": "133.50000", "2018-12-31": "89.00000", "2018-09-30": "141.30000", "2018-06-30": "121.40000", "2018-03-31": "163.50000", "2017-12-31": "-4.50000", "2017-09-30": "157.90000", "2017-06-30": "156.60000", "2017-03-31": "148.10000", "2016-12-31": "146.40000", "2016-09-30": "150.30000", "2016-06-30": "153.70000", "2016-03-31": "147.70000", "2015-12-31": "113.80000", "2015-09-30": "135.60000", "2015-06-30": "138.40000", "2015-03-31": "140.00000", "2014-12-31": "153.80000", "2014-09-30": "134.90000", "2014-06-30": "134.90000", "2014-03-31": "133.00000", "2013-12-31": "130.10000", "2013-09-30": "135.00000", "2013-06-30": "132.00000", "2013-03-31": "139.10000", "2012-12-31": "106.10000", "2012-09-30": "135.50000", "2012-06-30": "132.50000", "2012-03-31": "138.60000", "2011-12-31": "134.20000", "2011-09-30": "128.90000", "2011-06-30": "142.80000", "2011-03-31": "140.60000", "2010-12-31": "128.20000", "2010-09-30": "122.80000", "2010-06-30": "140.00000", "2010-03-31": "138.80000", "2009-12-31": "170.60000", "2009-09-30": "136.70000", "2009-06-30": "162.60000", "2009-03-31": "155.20000", "2008-12-31": "82.40000", "2008-09-30": "177.40000", "2008-06-30": "205.50000", "2008-03-31": "203.10000", "2007-12-31": "204.30000", "2007-09-30": "206.90000", "2007-06-30": "209.50000", "2007-03-31": "206.80000", "2006-12-31": "193.00000", "2006-09-30": "182.50000", "2006-06-30": "182.60000", "2006-03-31": "184.70000", "2005-12-31": "159.60000", "2005-09-30": "173.30000", "2005-06-30": "187.90000", "2005-03-31": "208.60000"}, "Other Operating Income Or Expenses": {"2020-12-31": "", "2020-09-30": "", "2020-06-30": "", "2020-03-31": "", "2019-12-31": "", "2019-09-30": "", "2019-06-30": "", "2019-03-31": "", "2018-12-31": "", "2018-09-30": "", "2018-06-30": "", "2018-03-31": "", "2017-12-31": "", "2017-09-30": "", "2017-06-30": "", "2017-03-31": "", "2016-12-31": "", "2016-09-30": "", "2016-06-30": "", "2016-03-31": "", "2015-12-31": "", "2015-09-30": "", "2015-06-30": "", "2015-03-31": "", "2014-12-31": "", "2014-09-30": "", "2014-06-30": "", "2014-03-31": "", "2013-12-31": "", "2013-09-30": "", "2013-06-30": "", "2013-03-31": "", "2012-12-31": "", "2012-09-30": "", "2012-06-30": "", "2012-03-31": "", "2011-12-31": "", "2011-09-30": "", "2011-06-30": "", "2011-03-31": "", "2010-12-31": "", "2010-09-30": "", "2010-06-30": "", "2010-03-31": "", "2009-12-31": "", "2009-09-30": "", "2009-06-30": "", "2009-03-31": "", "2008-12-31": "-12.80000", "2008-09-30": "-121.10000", "2008-06-30": "", "2008-03-31": "", "2007-12-31": "", "2007-09-30": "-66.40000", "2007-06-30": "", "2007-03-31": "", "2006-12-31": "", "2006-09-30": "", "2006-06-30": "", "2006-03-31": "", "2005-12-31": "", "2005-09-30": "", "2005-06-30": "", "2005-03-31": ""}, "Operating Expenses": {"2020-12-31": "1024.60000", "2020-09-30": "1040.50000", "2020-06-30": "880.80000", "2020-03-31": "862.30000", "2019-12-31": "843.09990", "2019-09-30": "856.90000", "2019-06-30": "1000.80000", "2019-03-31": "936.60000", "2018-12-31": "657.60000", "2018-09-30": "945.90000", "2018-06-30": "1055.60000", "2018-03-31": "1106.30000", "2017-12-31": "285.00040", "2017-09-30": "1027.30000", "2017-06-30": "1180.90000", "2017-03-31": "978.70000", "2016-12-31": "983.90010", "2016-09-30": "970.50000", "2016-06-30": "1080.30000", "2016-03-31": "974.30000", "2015-12-31": "687.99990", "2015-09-30": "876.10000", "2015-06-30": "987.79990", "2015-03-31": "897.00000", "2014-12-31": "923.99990", "2014-09-30": "838.40000", "2014-06-30": "934.79990", "2014-03-31": "813.00000", "2013-12-31": "689.19980", "2013-09-30": "761.70000", "2013-06-30": "961.60000", "2013-03-31": "905.40000", "2012-12-31": "548.90000", "2012-09-30": "817.60000", "2012-06-30": "928.80000", "2012-03-31": "884.30000", "2011-12-31": "707.90000", "2011-09-30": "841.10000", "2011-06-30": "988.40000", "2011-03-31": "918.90000", "2010-12-31": "691.60020", "2010-09-30": "790.20000", "2010-06-30": "959.00010", "2010-03-31": "834.30000", "2009-12-31": "845.50020", "2009-09-30": "775.20000", "2009-06-30": "863.70000", "2009-03-31": "862.20000", "2008-12-31": "876.09960", "2008-09-30": "1605.10000", "2008-06-30": "1502.60000", "2008-03-31": "1336.50000", "2007-12-31": "1421.80000", "2007-09-30": "1372.50000", "2007-06-30": "1436.60000", "2007-03-31": "1333.10000", "2006-12-31": "1340.30000", "2006-09-30": "1263.50000", "2006-06-30": "1404.90000", "2006-03-31": "1315.10000", "2005-12-31": "1223.80000", "2005-09-30": "1249.00000", "2005-06-30": "1363.40000", "2005-03-31": "1302.00000"}, "Operating Income": {"2020-12-31": "136.50000", "2020-09-30": "192.59990", "2020-06-30": "107.00000", "2020-03-31": "103.20000", "2019-12-31": "74.49990", "2019-09-30": "119.70000", "2019-06-30": "162.70000", "2019-03-31": "114.09990", "2018-12-31": "59.09990", "2018-09-30": "98.20000", "2018-06-30": "93.10000", "2018-03-31": "105.10000", "2017-12-31": "-58.40050", "2017-09-30": "114.20000", "2017-06-30": "171.10010", "2017-03-31": "103.40000", "2016-12-31": "99.09990", "2016-09-30": "122.50000", "2016-06-30": "161.90000", "2016-03-31": "96.00010", "2015-12-31": "-27.40010", "2015-09-30": "115.80000", "2015-06-30": "154.20010", "2015-03-31": "88.70000", "2014-12-31": "14.60020", "2014-09-30": "93.70000", "2014-06-30": "138.30000", "2014-03-31": "81.90000", "2013-12-31": "-7.50010", "2013-09-30": "62.70010", "2013-06-30": "136.70000", "2013-03-31": "89.90000", "2012-12-31": "-19.90000", "2012-09-30": "56.70000", "2012-06-30": "125.10000", "2012-03-31": "75.30000", "2011-12-31": "3.20000", "2011-09-30": "35.60000", "2011-06-30": "107.90000", "2011-03-31": "67.00010", "2010-12-31": "-28.10000", "2010-09-30": "25.20010", "2010-06-30": "55.70000", "2010-03-31": "10.10000", "2009-12-31": "-188.20020", "2009-09-30": "-109.40000", "2009-06-30": "-145.40000", "2009-03-31": "-127.50000", "2008-12-31": "-38.39970", "2008-09-30": "-566.29990", "2008-06-30": "-17.20000", "2008-03-31": "10.30010", "2007-12-31": "14.20020", "2007-09-30": "-46.30010", "2007-06-30": "86.30010", "2007-03-31": "53.00000", "2006-12-31": "30.49960", "2006-09-30": "74.30010", "2006-06-30": "138.20000", "2006-03-31": "98.20010", "2005-12-31": "99.29980", "2005-09-30": "102.10000", "2005-06-30": "168.20000", "2005-03-31": "99.10010"}, "Total Non-Operating Income/Expense": {"2020-12-31": "-17.40000", "2020-09-30": "-16.90000", "2020-06-30": "-18.20000", "2020-03-31": "-14.10000", "2019-12-31": "-13.00000", "2019-09-30": "-309.30000", "2019-06-30": "-18.90000", "2019-03-31": "-19.10000", "2018-12-31": "-14.90000", "2018-09-30": "-16.30000", "2018-06-30": "-8.60000", "2018-03-31": "-5.00000", "2017-12-31": "-102.60000", "2017-09-30": "-5.20000", "2017-06-30": "-4.60000", "2017-03-31": "-5.00000", "2016-12-31": "-75.10000", "2016-09-30": "-4.40000", "2016-06-30": "-5.70000", "2016-03-31": "-4.60000", "2015-12-31": "-4.80000", "2015-09-30": "-3.90000", "2015-06-30": "-4.00000", "2015-03-31": "-3.80000", "2014-12-31": "-22.60000", "2014-09-30": "-4.80000", "2014-06-30": "-6.40000", "2014-03-31": "-6.80000", "2013-12-31": "-6.20000", "2013-09-30": "-8.10000", "2013-06-30": "-45.50000", "2013-03-31": "-13.10000", "2012-12-31": "-17.60000", "2012-09-30": "-25.00000", "2012-06-30": "-21.20000", "2012-03-31": "-17.40000", "2011-12-31": "-24.80000", "2011-09-30": "-30.90000", "2011-06-30": "-21.00000", "2011-03-31": "-26.30000", "2010-12-31": "-24.30000", "2010-09-30": "-27.10000", "2010-06-30": "-26.80000", "2010-03-31": "-22.80000", "2009-12-31": "-43.80000", "2009-09-30": "-26.50000", "2009-06-30": "-21.60000", "2009-03-31": "-22.30000", "2008-12-31": "-25.10000", "2008-09-30": "-9.40000", "2008-06-30": "-1.60000", "2008-03-31": "15.50000", "2007-12-31": "-4.10000", "2007-09-30": "-0.40000", "2007-06-30": "-4.10000", "2007-03-31": "-5.90000", "2006-12-31": "-10.90000", "2006-09-30": "-7.30000", "2006-06-30": "-7.70000", "2006-03-31": "-5.60000", "2005-12-31": "-4.90000", "2005-09-30": "-6.50000", "2005-06-30": "-3.90000", "2005-03-31": "32.50000"}, "Pre-Tax Income": {"2020-12-31": "119.10000", "2020-09-30": "175.70000", "2020-06-30": "88.80000", "2020-03-31": "89.10000", "2019-12-31": "61.50000", "2019-09-30": "-189.60000", "2019-06-30": "143.80000", "2019-03-31": "95.00000", "2018-12-31": "44.20000", "2018-09-30": "81.90000", "2018-06-30": "84.50000", "2018-03-31": "100.10000", "2017-12-31": "-161.00000", "2017-09-30": "109.00000", "2017-06-30": "166.50000", "2017-03-31": "98.40000", "2016-12-31": "24.00000", "2016-09-30": "118.10000", "2016-06-30": "156.20000", "2016-03-31": "91.40000", "2015-12-31": "-32.20000", "2015-09-30": "111.90000", "2015-06-30": "150.20000", "2015-03-31": "84.90000", "2014-12-31": "-8.00000", "2014-09-30": "88.90000", "2014-06-30": "131.90000", "2014-03-31": "75.10000", "2013-12-31": "-13.70000", "2013-09-30": "54.60000", "2013-06-30": "91.20000", "2013-03-31": "76.80000", "2012-12-31": "-37.50000", "2012-09-30": "31.70000", "2012-06-30": "103.90000", "2012-03-31": "57.90000", "2011-12-31": "-21.60000", "2011-09-30": "4.70000", "2011-06-30": "86.90000", "2011-03-31": "40.70000", "2010-12-31": "-52.40000", "2010-09-30": "-1.90000", "2010-06-30": "28.90000", "2010-03-31": "-12.70000", "2009-12-31": "-232.00000", "2009-09-30": "-135.90000", "2009-06-30": "-167.00000", "2009-03-31": "-149.80000", "2008-12-31": "-63.50000", "2008-09-30": "-575.70000", "2008-06-30": "-18.80000", "2008-03-31": "25.80000", "2007-12-31": "10.10000", "2007-09-30": "-46.70000", "2007-06-30": "82.20000", "2007-03-31": "47.10000", "2006-12-31": "19.60000", "2006-09-30": "67.00000", "2006-06-30": "130.50000", "2006-03-31": "92.60000", "2005-12-31": "94.40000", "2005-09-30": "95.60000", "2005-06-30": "164.30000", "2005-03-31": "131.60000"}, "Income Taxes": {"2020-12-31": "23.10000", "2020-09-30": "38.90000", "2020-06-30": "17.60000", "2020-03-31": "18.40000", "2019-12-31": "-13.50000", "2019-09-30": "43.30000", "2019-06-30": "31.70000", "2019-03-31": "18.80000", "2018-12-31": "7.00000", "2018-09-30": "6.70000", "2018-06-30": "16.40000", "2018-03-31": "27.20000", "2017-12-31": "10.30000", "2017-09-30": "30.00000", "2017-06-30": "47.10000", "2017-03-31": "24.20000", "2016-12-31": "6.20000", "2016-09-30": "32.80000", "2016-06-30": "48.10000", "2016-03-31": "28.20000", "2015-12-31": "-26.70000", "2015-09-30": "39.70000", "2015-06-30": "42.60000", "2015-03-31": "28.30000", "2014-12-31": "-5.70000", "2014-09-30": "27.90000", "2014-06-30": "44.80000", "2014-03-31": "26.00000", "2013-12-31": "-579.10010", "2013-09-30": "-2.60000", "2013-06-30": "11.90000", "2013-03-31": "21.90000", "2012-12-31": "1.40000", "2012-09-30": "9.20000", "2012-06-30": "9.90000", "2012-03-31": "10.90000", "2011-12-31": "-10.70000", "2011-09-30": "", "2011-06-30": "17.60000", "2011-03-31": "13.20000", "2010-12-31": "5.10000", "2010-09-30": "5.30000", "2010-06-30": "15.20000", "2010-03-31": "0.30000", "2009-12-31": "-108.00000", "2009-09-30": "-21.60000", "2009-06-30": "-3.30000", "2009-03-31": "34.40000", "2008-12-31": "2.80000", "2008-09-30": "153.40000", "2008-06-30": "-12.80000", "2008-03-31": "12.50000", "2007-12-31": "-2.00000", "2007-09-30": "-23.00000", "2007-06-30": "25.30000", "2007-03-31": "12.80000", "2006-12-31": "-24.60000", "2006-09-30": "16.60000", "2006-06-30": "36.00000", "2006-03-31": "18.50000", "2005-12-31": "11.30000", "2005-09-30": "13.20000", "2005-06-30": "53.30000", "2005-03-31": "37.00000"}, "Income After Taxes": {"2020-12-31": "96.00000", "2020-09-30": "136.80000", "2020-06-30": "71.20000", "2020-03-31": "70.70000", "2019-12-31": "75.00000", "2019-09-30": "-232.90000", "2019-06-30": "112.10000", "2019-03-31": "76.20000", "2018-12-31": "37.20000", "2018-09-30": "75.20000", "2018-06-30": "68.10000", "2018-03-31": "72.90000", "2017-12-31": "-171.30000", "2017-09-30": "79.00000", "2017-06-30": "119.40000", "2017-03-31": "74.20000", "2016-12-31": "17.80000", "2016-09-30": "85.30000", "2016-06-30": "108.10000", "2016-03-31": "63.20000", "2015-12-31": "-5.50000", "2015-09-30": "72.20000", "2015-06-30": "107.60000", "2015-03-31": "56.60000", "2014-12-31": "-2.30000", "2014-09-30": "61.00000", "2014-06-30": "87.10000", "2014-03-31": "49.10000", "2013-12-31": "565.40000", "2013-09-30": "57.20000", "2013-06-30": "79.30000", "2013-03-31": "54.90000", "2012-12-31": "-38.90000", "2012-09-30": "22.50000", "2012-06-30": "94.00000", "2012-03-31": "47.00000", "2011-12-31": "-10.90000", "2011-09-30": "4.70000", "2011-06-30": "69.30000", "2011-03-31": "27.50000", "2010-12-31": "-57.50000", "2010-09-30": "-7.20000", "2010-06-30": "13.70000", "2010-03-31": "-13.00000", "2009-12-31": "-124.00000", "2009-09-30": "-114.30000", "2009-06-30": "-163.70000", "2009-03-31": "-184.20000", "2008-12-31": "-66.30000", "2008-09-30": "-729.10000", "2008-06-30": "-6.00000", "2008-03-31": "13.30000", "2007-12-31": "12.10000", "2007-09-30": "-23.70000", "2007-06-30": "56.90000", "2007-03-31": "34.30000", "2006-12-31": "44.20000", "2006-09-30": "50.40000", "2006-06-30": "94.50000", "2006-03-31": "74.10000", "2005-12-31": "83.10000", "2005-09-30": "82.40000", "2005-06-30": "111.00000", "2005-03-31": "94.60000"}, "Other Income": {"2020-12-31": "", "2020-09-30": "", "2020-06-30": "", "2020-03-31": "", "2019-12-31": "", "2019-09-30": "", "2019-06-30": "", "2019-03-31": "", "2018-12-31": "", "2018-09-30": "", "2018-06-30": "", "2018-03-31": "", "2017-12-31": "", "2017-09-30": "", "2017-06-30": "", "2017-03-31": "", "2016-12-31": "", "2016-09-30": "", "2016-06-30": "", "2016-03-31": "", "2015-12-31": "", "2015-09-30": "", "2015-06-30": "", "2015-03-31": "", "2014-12-31": "", "2014-09-30": "", "2014-06-30": "", "2014-03-31": "", "2013-12-31": "", "2013-09-30": "", "2013-06-30": "", "2013-03-31": "", "2012-12-31": "", "2012-09-30": "", "2012-06-30": "", "2012-03-31": "", "2011-12-31": "", "2011-09-30": "", "2011-06-30": "", "2011-03-31": "", "2010-12-31": "", "2010-09-30": "", "2010-06-30": "", "2010-03-31": "", "2009-12-31": "", "2009-09-30": "", "2009-06-30": "", "2009-03-31": "", "2008-12-31": "", "2008-09-30": "", "2008-06-30": "", "2008-03-31": "", "2007-12-31": "", "2007-09-30": "", "2007-06-30": "", "2007-03-31": "", "2006-12-31": "", "2006-09-30": "", "2006-06-30": "", "2006-03-31": "", "2005-12-31": "", "2005-09-30": "", "2005-06-30": "", "2005-03-31": ""}, "Income From Continuous Operations": {"2020-12-31": "96.00000", "2020-09-30": "136.80000", "2020-06-30": "71.20000", "2020-03-31": "70.70000", "2019-12-31": "75.00000", "2019-09-30": "-232.90000", "2019-06-30": "112.10000", "2019-03-31": "76.20000", "2018-12-31": "37.20000", "2018-09-30": "75.20000", "2018-06-30": "68.10000", "2018-03-31": "72.90000", "2017-12-31": "-171.30000", "2017-09-30": "79.00000", "2017-06-30": "119.40000", "2017-03-31": "74.20000", "2016-12-31": "17.80000", "2016-09-30": "85.30000", "2016-06-30": "108.10000", "2016-03-31": "63.20000", "2015-12-31": "-5.50000", "2015-09-30": "72.20000", "2015-06-30": "107.60000", "2015-03-31": "56.60000", "2014-12-31": "-2.30000", "2014-09-30": "61.00000", "2014-06-30": "87.10000", "2014-03-31": "49.10000", "2013-12-31": "565.40000", "2013-09-30": "57.20000", "2013-06-30": "79.30000", "2013-03-31": "54.90000", "2012-12-31": "-38.90000", "2012-09-30": "22.50000", "2012-06-30": "94.00000", "2012-03-31": "47.00000", "2011-12-31": "-10.90000", "2011-09-30": "4.70000", "2011-06-30": "69.30000", "2011-03-31": "27.50000", "2010-12-31": "-57.50000", "2010-09-30": "-7.20000", "2010-06-30": "13.70000", "2010-03-31": "-13.00000", "2009-12-31": "-124.00000", "2009-09-30": "-114.30000", "2009-06-30": "-163.70000", "2009-03-31": "-184.20000", "2008-12-31": "-66.30000", "2008-09-30": "-729.10000", "2008-06-30": "-6.00000", "2008-03-31": "13.30000", "2007-12-31": "12.10000", "2007-09-30": "-23.70000", "2007-06-30": "56.90000", "2007-03-31": "34.30000", "2006-12-31": "44.20000", "2006-09-30": "50.40000", "2006-06-30": "94.50000", "2006-03-31": "74.10000", "2005-12-31": "83.10000", "2005-09-30": "82.40000", "2005-06-30": "111.00000", "2005-03-31": "94.60000"}, "Income From Discontinued Operations": {"2020-12-31": "-0.90000", "2020-09-30": "1.10000", "2020-06-30": "-0.50000", "2020-03-31": "-1.70000", "2019-12-31": "-7.90000", "2019-09-30": "-6.40000", "2019-06-30": "-34.60000", "2019-03-31": "-112.50000", "2018-12-31": "6.20000", "2018-09-30": "-5.20000", "2018-06-30": "10.90000", "2018-03-31": "", "2017-12-31": "54.40000", "2017-09-30": "", "2017-06-30": "", "2017-03-31": "-9.30000", "2016-12-31": "-0.10000", "2016-09-30": "0.10000", "2016-06-30": "", "2016-03-31": "1.60000", "2015-12-31": "-3.80000", "2015-09-30": "3.70000", "2015-06-30": "10.20000", "2015-03-31": "0.40000", "2014-12-31": "-2.00000", "2014-09-30": "43.40000", "2014-06-30": "1.50000", "2014-03-31": "7.90000", "2013-12-31": "15.80000", "2013-09-30": "0.60000", "2013-06-30": "1.10000", "2013-03-31": "-5.10000", "2012-12-31": "-36.40000", "2012-09-30": "-20.50000", "2012-06-30": "-10.40000", "2012-03-31": "-7.30000", "2011-12-31": "", "2011-09-30": "", "2011-06-30": "", "2011-03-31": "", "2010-12-31": "", "2010-09-30": "", "2010-06-30": "", "2010-03-31": "", "2009-12-31": "", "2009-09-30": "", "2009-06-30": "", "2009-03-31": "", "2008-12-31": "", "2008-09-30": "", "2008-06-30": "", "2008-03-31": "", "2007-12-31": "-5.30000", "2007-09-30": "25.60000", "2007-06-30": "0.40000", "2007-03-31": "11.30000", "2006-12-31": "-97.40000", "2006-09-30": "-13.90000", "2006-06-30": "-11.30000", "2006-03-31": "-6.70000", "2005-12-31": "5.20000", "2005-09-30": "6.00000", "2005-06-30": "3.10000", "2005-03-31": ""}, "Net Income": {"2020-12-31": "95.10000", "2020-09-30": "137.90000", "2020-06-30": "70.70000", "2020-03-31": "69.00000", "2019-12-31": "67.10000", "2019-09-30": "-239.30000", "2019-06-30": "77.50000", "2019-03-31": "-36.30000", "2018-12-31": "43.40000", "2018-09-30": "70.00000", "2018-06-30": "79.00000", "2018-03-31": "72.90000", "2017-12-31": "-116.90000", "2017-09-30": "79.00000", "2017-06-30": "119.40000", "2017-03-31": "64.90000", "2016-12-31": "17.70000", "2016-09-30": "85.40000", "2016-06-30": "108.10000", "2016-03-31": "64.80000", "2015-12-31": "-9.30000", "2015-09-30": "75.90000", "2015-06-30": "117.80000", "2015-03-31": "57.00000", "2014-12-31": "-4.30000", "2014-09-30": "104.40000", "2014-06-30": "88.60000", "2014-03-31": "57.00000", "2013-12-31": "581.20000", "2013-09-30": "57.80000", "2013-06-30": "80.40000", "2013-03-31": "49.80000", "2012-12-31": "-75.30000", "2012-09-30": "2.00000", "2012-06-30": "83.60000", "2012-03-31": "39.70000", "2011-12-31": "-29.60000", "2011-09-30": "4.70000", "2011-06-30": "69.30000", "2011-03-31": "27.50000", "2010-12-31": "-104.10000", "2010-09-30": "-7.20000", "2010-06-30": "13.70000", "2010-03-31": "-13.00000", "2009-12-31": "-124.00000", "2009-09-30": "-114.30000", "2009-06-30": "-163.70000", "2009-03-31": "-184.20000", "2008-12-31": "-66.30000", "2008-09-30": "-729.10000", "2008-06-30": "-6.00000", "2008-03-31": "13.30000", "2007-12-31": "6.80000", "2007-09-30": "1.90000", "2007-06-30": "57.30000", "2007-03-31": "45.60000", "2006-12-31": "-53.20000", "2006-09-30": "36.50000", "2006-06-30": "83.20000", "2006-03-31": "67.40000", "2005-12-31": "88.30000", "2005-09-30": "88.40000", "2005-06-30": "114.10000", "2005-03-31": "94.60000"}, "EBITDA": {"2020-12-31": "", "2020-09-30": "230.89990", "2020-06-30": "144.00000", "2020-03-31": "138.39990", "2019-12-31": "111.69990", "2019-09-30": "154.80000", "2019-06-30": "196.00000", "2019-03-31": "147.19990", "2018-12-31": "97.59990", "2018-09-30": "133.80000", "2018-06-30": "115.20000", "2018-03-31": "132.90000", "2017-12-31": "-54.50050", "2017-09-30": "142.20000", "2017-06-30": "202.70010", "2017-03-31": "127.00000", "2016-12-31": "125.99990", "2016-09-30": "148.90000", "2016-06-30": "187.10000", "2016-03-31": "121.40010", "2015-12-31": "-16.60010", "2015-09-30": "138.30000", "2015-06-30": "176.10010", "2015-03-31": "110.60000", "2014-12-31": "37.40020", "2014-09-30": "114.60000", "2014-06-30": "157.80000", "2014-03-31": "99.90000", "2013-12-31": "11.19990", "2013-09-30": "72.30010", "2013-06-30": "158.20000", "2013-03-31": "111.50000", "2012-12-31": "-14.70000", "2012-09-30": "79.20000", "2012-06-30": "147.60000", "2012-03-31": "98.00000", "2011-12-31": "23.30000", "2011-09-30": "61.00000", "2011-06-30": "133.40000", "2011-03-31": "95.40010", "2010-12-31": "-2.70000", "2010-09-30": "56.00010", "2010-06-30": "88.30000", "2010-03-31": "45.20000", "2009-12-31": "-150.70020", "2009-09-30": "-70.20000", "2009-06-30": "-106.40000", "2009-03-31": "-85.90000", "2008-12-31": "192.80030", "2008-09-30": "-146.49990", "2008-06-30": "29.00010", "2008-03-31": "54.60010", "2007-12-31": "130.90020", "2007-09-30": "-0.90010", "2007-06-30": "130.10010", "2007-03-31": "94.00000", "2006-12-31": "74.69960", "2006-09-30": "115.70010", "2006-06-30": "179.20000", "2006-03-31": "138.90010", "2005-12-31": "141.29980", "2005-09-30": "140.50000", "2005-06-30": "205.70000", "2005-03-31": "137.50010"}, "EBIT": {"2020-12-31": "136.50000", "2020-09-30": "192.59990", "2020-06-30": "107.00000", "2020-03-31": "103.20000", "2019-12-31": "74.49990", "2019-09-30": "119.70000", "2019-06-30": "162.70000", "2019-03-31": "114.09990", "2018-12-31": "59.10010", "2018-09-30": "98.20000", "2018-06-30": "93.10000", "2018-03-31": "105.10000", "2017-12-31": "-58.40050", "2017-09-30": "114.20000", "2017-06-30": "171.10010", "2017-03-31": "103.40000", "2016-12-31": "99.09990", "2016-09-30": "122.50000", "2016-06-30": "161.90000", "2016-03-31": "96.00010", "2015-12-31": "-27.40010", "2015-09-30": "115.80000", "2015-06-30": "154.20010", "2015-03-31": "88.70000", "2014-12-31": "14.60000", "2014-09-30": "93.70000", "2014-06-30": "138.30000", "2014-03-31": "81.90000", "2013-12-31": "-7.50000", "2013-09-30": "62.70010", "2013-06-30": "136.70000", "2013-03-31": "89.90000", "2012-12-31": "-19.89980", "2012-09-30": "56.70000", "2012-06-30": "125.10000", "2012-03-31": "75.30000", "2011-12-31": "3.19990", "2011-09-30": "35.60000", "2011-06-30": "107.90000", "2011-03-31": "67.00010", "2010-12-31": "-28.10020", "2010-09-30": "25.20010", "2010-06-30": "55.70000", "2010-03-31": "10.10000", "2009-12-31": "-188.20000", "2009-09-30": "-109.40000", "2009-06-30": "-145.40000", "2009-03-31": "-127.50000", "2008-12-31": "-38.39980", "2008-09-30": "-566.29990", "2008-06-30": "-17.20000", "2008-03-31": "10.30010", "2007-12-31": "14.20020", "2007-09-30": "-46.30010", "2007-06-30": "86.30010", "2007-03-31": "53.00000", "2006-12-31": "30.49960", "2006-09-30": "74.30010", "2006-06-30": "138.20000", "2006-03-31": "98.20010", "2005-12-31": "99.30020", "2005-09-30": "102.10000", "2005-06-30": "168.20000", "2005-03-31": "99.10010"}, "Basic Shares Outstanding": {"2020-12-31": "78.50000", "2020-09-30": "79.40000", "2020-06-30": "79.60000", "2020-03-31": "80.00000", "2019-12-31": "85.20000", "2019-09-30": "85.00000", "2019-06-30": "86.90000", "2019-03-31": "87.50000", "2018-12-31": "87.60000", "2018-09-30": "87.30000", "2018-06-30": "87.60000", "2018-03-31": "88.10000", "2017-12-31": "89.40000", "2017-09-30": "89.10000", "2017-06-30": "89.80000", "2017-03-31": "90.10000", "2016-12-31": "91.20000", "2016-09-30": "91.10000", "2016-06-30": "91.50000", "2016-03-31": "91.80000", "2015-12-31": "93.00000", "2015-09-30": "92.70000", "2015-06-30": "93.30000", "2015-03-31": "93.80000", "2014-12-31": "93.60000", "2014-09-30": "93.70000", "2014-06-30": "93.50000", "2014-03-31": "93.30000", "2013-12-31": "91.20000", "2013-09-30": "91.30000", "2013-06-30": "91.00000", "2013-03-31": "90.60000", "2012-12-31": "89.80000", "2012-09-30": "89.80000", "2012-06-30": "89.70000", "2012-03-31": "89.50000", "2011-12-31": "89.30000", "2011-09-30": "89.40000", "2011-06-30": "89.30000", "2011-03-31": "89.10000", "2010-12-31": "88.70000", "2010-09-30": "88.80000", "2010-06-30": "88.70000", "2010-03-31": "88.60000", "2009-12-31": "88.40000", "2009-09-30": "88.40000", "2009-06-30": "88.40000", "2009-03-31": "88.40000", "2008-12-31": "88.30000", "2008-09-30": "88.30000", "2008-06-30": "88.30000", "2008-03-31": "88.20000", "2007-12-31": "89.80000", "2007-09-30": "89.00000", "2007-06-30": "90.50000", "2007-03-31": "91.40000", "2006-12-31": "94.00000", "2006-09-30": "93.20000", "2006-06-30": "94.70000", "2006-03-31": "95.60000", "2005-12-31": "97.60000", "2005-09-30": "98.10000", "2005-06-30": "98.00000", "2005-03-31": "97.70000"}, "Shares Outstanding": {"2020-12-31": "79.00000", "2020-09-30": "79.80000", "2020-06-30": "79.80000", "2020-03-31": "80.30000", "2019-12-31": "85.60000", "2019-09-30": "85.00000", "2019-06-30": "87.30000", "2019-03-31": "88.00000", "2018-12-31": "88.20000", "2018-09-30": "87.90000", "2018-06-30": "88.20000", "2018-03-31": "88.80000", "2017-12-31": "90.10000", "2017-09-30": "89.80000", "2017-06-30": "90.60000", "2017-03-31": "91.10000", "2016-12-31": "92.00000", "2016-09-30": "91.90000", "2016-06-30": "92.30000", "2016-03-31": "92.80000", "2015-12-31": "94.30000", "2015-09-30": "94.00000", "2015-06-30": "94.60000", "2015-03-31": "95.20000", "2014-12-31": "95.10000", "2014-09-30": "95.20000", "2014-06-30": "95.10000", "2014-03-31": "95.00000", "2013-12-31": "93.80000", "2013-09-30": "94.00000", "2013-06-30": "93.60000", "2013-03-31": "93.50000", "2012-12-31": "92.40000", "2012-09-30": "92.50000", "2012-06-30": "92.40000", "2012-03-31": "92.30000", "2011-12-31": "92.20000", "2011-09-30": "91.80000", "2011-06-30": "92.60000", "2011-03-31": "92.50000", "2010-12-31": "88.70000", "2010-09-30": "88.80000", "2010-06-30": "91.80000", "2010-03-31": "88.60000", "2009-12-31": "88.40000", "2009-09-30": "88.40000", "2009-06-30": "88.40000", "2009-03-31": "88.40000", "2008-12-31": "88.30000", "2008-09-30": "88.30000", "2008-06-30": "88.30000", "2008-03-31": "88.30000", "2007-12-31": "90.20000", "2007-09-30": "89.00000", "2007-06-30": "91.00000", "2007-03-31": "92.00000", "2006-12-31": "94.70000", "2006-09-30": "93.70000", "2006-06-30": "95.50000", "2006-03-31": "96.60000", "2005-12-31": "98.80000", "2005-09-30": "99.30000", "2005-06-30": "99.20000", "2005-03-31": "99.00000"}, "Basic EPS": {"2020-12-31": "1.21000", "2020-09-30": "1.74000", "2020-06-30": "0.89000", "2020-03-31": "0.86000", "2019-12-31": "0.81000", "2019-09-30": "-2.82000", "2019-06-30": "0.89000", "2019-03-31": "-0.42000", "2018-12-31": "0.50000", "2018-09-30": "0.80000", "2018-06-30": "0.90000", "2018-03-31": "0.83000", "2017-12-31": "-1.30000", "2017-09-30": "0.89000", "2017-06-30": "1.33000", "2017-03-31": "0.72000", "2016-12-31": "0.20000", "2016-09-30": "0.94000", "2016-06-30": "1.18000", "2016-03-31": "0.71000", "2015-12-31": "-0.09000", "2015-09-30": "0.82000", "2015-06-30": "1.26000", "2015-03-31": "0.61000", "2014-12-31": "-0.04000", "2014-09-30": "1.11000", "2014-06-30": "0.95000", "2014-03-31": "0.61000", "2013-12-31": "6.37000", "2013-09-30": "0.63000", "2013-06-30": "0.88000", "2013-03-31": "0.55000", "2012-12-31": "-0.83000", "2012-09-30": "0.02000", "2012-06-30": "0.93000", "2012-03-31": "0.44000", "2011-12-31": "-0.33000", "2011-09-30": "0.05000", "2011-06-30": "0.78000", "2011-03-31": "0.31000", "2010-12-31": "-1.17000", "2010-09-30": "-0.08000", "2010-06-30": "0.15000", "2010-03-31": "-0.15000", "2009-12-31": "-1.41000", "2009-09-30": "-1.29000", "2009-06-30": "-1.85000", "2009-03-31": "-2.08000", "2008-12-31": "-0.75000", "2008-09-30": "-8.26000", "2008-06-30": "-0.07000", "2008-03-31": "0.15000", "2007-12-31": "0.09000", "2007-09-30": "0.02000", "2007-06-30": "0.63000", "2007-03-31": "0.50000", "2006-12-31": "-0.56000", "2006-09-30": "0.39000", "2006-06-30": "0.88000", "2006-03-31": "0.71000", "2005-12-31": "0.92000", "2005-09-30": "0.90000", "2005-06-30": "1.16000", "2005-03-31": "0.97000"}, "EPS - Earnings Per Share": {"2020-12-31": "1.20000", "2020-09-30": "1.73000", "2020-06-30": "0.89000", "2020-03-31": "0.86000", "2019-12-31": "0.81000", "2019-09-30": "-2.82000", "2019-06-30": "0.89000", "2019-03-31": "-0.41000", "2018-12-31": "0.49000", "2018-09-30": "0.80000", "2018-06-30": "0.90000", "2018-03-31": "0.82000", "2017-12-31": "-1.29000", "2017-09-30": "0.88000", "2017-06-30": "1.32000", "2017-03-31": "0.71000", "2016-12-31": "0.20000", "2016-09-30": "0.93000", "2016-06-30": "1.17000", "2016-03-31": "0.70000", "2015-12-31": "-0.10000", "2015-09-30": "0.81000", "2015-06-30": "1.25000", "2015-03-31": "0.60000", "2014-12-31": "-0.05000", "2014-09-30": "1.10000", "2014-06-30": "0.93000", "2014-03-31": "0.60000", "2013-12-31": "6.20000", "2013-09-30": "0.61000", "2013-06-30": "0.86000", "2013-03-31": "0.53000", "2012-12-31": "-0.81000", "2012-09-30": "0.02000", "2012-06-30": "0.90000", "2012-03-31": "0.43000", "2011-12-31": "-0.32000", "2011-09-30": "0.05000", "2011-06-30": "0.75000", "2011-03-31": "0.30000", "2010-12-31": "-1.17000", "2010-09-30": "-0.08000", "2010-06-30": "0.15000", "2010-03-31": "-0.15000", "2009-12-31": "-1.41000", "2009-09-30": "-1.29000", "2009-06-30": "-1.85000", "2009-03-31": "-2.08000", "2008-12-31": "-0.75000", "2008-09-30": "-8.26000", "2008-06-30": "-0.07000", "2008-03-31": "0.15000", "2007-12-31": "0.09000", "2007-09-30": "0.02000", "2007-06-30": "0.63000", "2007-03-31": "0.50000", "2006-12-31": "-0.55000", "2006-09-30": "0.39000", "2006-06-30": "0.87000", "2006-03-31": "0.70000", "2005-12-31": "0.90000", "2005-09-30": "0.89000", "2005-06-30": "1.15000", "2005-03-31": "0.96000"}}, "balance sheet": {"Cash On Hand": {"2020-12-31": "587.00000", "2019-12-31": "332.70000", "2018-12-31": "304.20000", "2017-12-31": "459.00000", "2016-12-31": "469.40000", "2015-12-31": "681.50000", "2014-12-31": "651.50000", "2013-12-31": "375.70000", "2012-12-31": "389.60000", "2011-12-31": "434.90000", "2010-12-31": "636.10000", "2009-12-31": "527.40000", "2008-12-31": "317.50000", "2007-12-31": "331.40000", "2006-12-31": "283.40000", "2005-12-31": "487.70000"}, "Receivables": {"2020-12-31": "337.60000", "2019-12-31": "331.80000", "2018-12-31": "351.80000", "2017-12-31": "485.30000", "2016-12-31": "411.50000", "2015-12-31": "398.10000", "2014-12-31": "386.50000", "2013-12-31": "345.70000", "2012-12-31": "349.20000", "2011-12-31": "329.60000", "2010-12-31": "327.30000", "2009-12-31": "332.40000", "2008-12-31": "444.80000", "2007-12-31": "572.40000", "2006-12-31": "492.30000", "2005-12-31": "471.60000"}, "Inventory": {"2020-12-31": "711.80000", "2019-12-31": "824.50000", "2018-12-31": "774.00000", "2017-12-31": "827.70000", "2016-12-31": "699.00000", "2015-12-31": "685.00000", "2014-12-31": "652.30000", "2013-12-31": "583.90000", "2012-12-31": "575.80000", "2011-12-31": "501.50000", "2010-12-31": "527.50000", "2009-12-31": "484.90000", "2008-12-31": "811.70000", "2007-12-31": "906.70000", "2006-12-31": "861.90000", "2005-12-31": "816.90000"}, "Pre-Paid Expenses": {"2020-12-31": "34.10000", "2019-12-31": "36.80000", "2018-12-31": "72.90000", "2017-12-31": "74.70000", "2016-12-31": "37.10000", "2015-12-31": "39.80000", "2014-12-31": "39.50000", "2013-12-31": "28.90000", "2012-12-31": "26.70000", "2011-12-31": "27.20000", "2010-12-31": "27.90000", "2009-12-31": "34.70000", "2008-12-31": "59.70000", "2007-12-31": "53.90000", "2006-12-31": "85.40000", "2005-12-31": "70.30000"}, "Other Current Assets": {"2020-12-31": "", "2019-12-31": "", "2018-12-31": "377.20000", "2017-12-31": "", "2016-12-31": "71.50000", "2015-12-31": "", "2014-12-31": "30.00000", "2013-12-31": "36.80000", "2012-12-31": "", "2011-12-31": "48.10000", "2010-12-31": "", "2009-12-31": "", "2008-12-31": "", "2007-12-31": "", "2006-12-31": "105.50000", "2005-12-31": "113.70000"}, "Total Current Assets": {"2020-12-31": "1670.50000", "2019-12-31": "1525.80000", "2018-12-31": "1880.10000", "2017-12-31": "1846.70000", "2016-12-31": "1688.50000", "2015-12-31": "1804.40000", "2014-12-31": "1967.80000", "2013-12-31": "1508.60000", "2012-12-31": "1360.10000", "2011-12-31": "1356.30000", "2010-12-31": "1535.80000", "2009-12-31": "1458.70000", "2008-12-31": "1736.90000", "2007-12-31": "2114.30000", "2006-12-31": "2078.40000", "2005-12-31": "2235.00000"}, "Property, Plant, And Equipment": {"2020-12-31": "863.60000", "2019-12-31": "796.40000", "2018-12-31": "694.50000", "2017-12-31": "706.00000", "2016-12-31": "569.00000", "2015-12-31": "505.20000", "2014-12-31": "460.30000", "2013-12-31": "419.90000", "2012-12-31": "581.40000", "2011-12-31": "565.90000", "2010-12-31": "630.20000", "2009-12-31": "724.30000", "2008-12-31": "917.60000", "2007-12-31": "1052.80000", "2006-12-31": "1014.90000", "2005-12-31": "953.30000"}, "Long-Term Investments": {"2020-12-31": "32.50000", "2019-12-31": "29.50000", "2018-12-31": "32.60000", "2017-12-31": "25.10000", "2016-12-31": "20.70000", "2015-12-31": "21.50000", "2014-12-31": "19.00000", "2013-12-31": "41.30000", "2012-12-31": "42.40000", "2011-12-31": "140.60000", "2010-12-31": "74.70000", "2009-12-31": "56.70000", "2008-12-31": "75.40000", "2007-12-31": "132.10000", "2006-12-31": "142.90000", "2005-12-31": "141.40000"}, "Goodwill And Intangible Assets": {"2020-12-31": "970.00000", "2019-12-31": "998.50000", "2018-12-31": "963.10000", "2017-12-31": "574.40000", "2016-12-31": "573.90000", "2015-12-31": "353.80000", "2014-12-31": "342.40000", "2013-12-31": "327.10000", "2012-12-31": "329.80000", "2011-12-31": "333.80000", "2010-12-31": "347.60000", "2009-12-31": "368.10000", "2008-12-31": "377.50000", "2007-12-31": "924.50000", "2006-12-31": "986.20000", "2005-12-31": "949.20000"}, "Other Long-Term Assets": {"2020-12-31": "14.40000", "2019-12-31": "12.30000", "2018-12-31": "623.40000", "2017-12-31": "40.40000", "2016-12-31": "124.80000", "2015-12-31": "47.40000", "2014-12-31": "50.10000", "2013-12-31": "241.90000", "2012-12-31": "110.50000", "2011-12-31": "97.60000", "2010-12-31": "89.70000", "2009-12-31": "101.60000", "2008-12-31": "116.50000", "2007-12-31": "141.90000", "2006-12-31": "227.90000", "2005-12-31": "342.60000"}, "Total Long-Term Assets": {"2020-12-31": "2100.10000", "2019-12-31": "2038.60000", "2018-12-31": "2411.40000", "2017-12-31": "1511.50000", "2016-12-31": "1596.20000", "2015-12-31": "1348.10000", "2014-12-31": "1162.70000", "2013-12-31": "1407.20000", "2012-12-31": "1064.10000", "2011-12-31": "1137.90000", "2010-12-31": "1142.20000", "2009-12-31": "1250.70000", "2008-12-31": "1487.00000", "2007-12-31": "2251.30000", "2006-12-31": "2371.90000", "2005-12-31": "2386.50000"}, "Total Assets": {"2020-12-31": "3770.60000", "2019-12-31": "3564.40000", "2018-12-31": "4291.50000", "2017-12-31": "3358.20000", "2016-12-31": "3284.70000", "2015-12-31": "3152.50000", "2014-12-31": "3130.50000", "2013-12-31": "2915.80000", "2012-12-31": "2424.20000", "2011-12-31": "2494.20000", "2010-12-31": "2678.00000", "2009-12-31": "2709.40000", "2008-12-31": "3223.90000", "2007-12-31": "4365.60000", "2006-12-31": "4450.30000", "2005-12-31": "4621.50000"}, "Total Current Liabilities": {"2020-12-31": "1079.20000", "2019-12-31": "944.40000", "2018-12-31": "1256.60000", "2017-12-31": "1035.10000", "2016-12-31": "964.90000", "2015-12-31": "908.10000", "2014-12-31": "900.10000", "2013-12-31": "883.10000", "2012-12-31": "937.20000", "2011-12-31": "908.10000", "2010-12-31": "951.60000", "2009-12-31": "906.60000", "2008-12-31": "1001.20000", "2007-12-31": "1296.20000", "2006-12-31": "1293.20000", "2005-12-31": "1305.20000"}, "Long Term Debt": {"2020-12-31": "908.30000", "2019-12-31": "1068.00000", "2018-12-31": "1179.50000", "2017-12-31": "431.80000", "2016-12-31": "433.80000", "2015-12-31": "442.50000", "2014-12-31": "446.30000", "2013-12-31": "453.40000", "2012-12-31": "563.60000", "2011-12-31": "690.40000", "2010-12-31": "828.40000", "2009-12-31": "839.40000", "2008-12-31": "728.50000", "2007-12-31": "727.40000", "2006-12-31": "725.70000", "2005-12-31": "723.70000"}, "Other Non-Current Liabilities": {"2020-12-31": "273.10000", "2019-12-31": "107.40000", "2018-12-31": "201.20000", "2017-12-31": "187.60000", "2016-12-31": "169.60000", "2015-12-31": "160.80000", "2014-12-31": "211.20000", "2013-12-31": "201.50000", "2012-12-31": "200.40000", "2011-12-31": "190.20000", "2010-12-31": "207.10000", "2009-12-31": "207.30000", "2008-12-31": "211.00000", "2007-12-31": "244.00000", "2006-12-31": "249.10000", "2005-12-31": "250.70000"}, "Total Long Term Liabilities": {"2020-12-31": "1181.40000", "2019-12-31": "1319.10000", "2018-12-31": "1452.30000", "2017-12-31": "840.20000", "2016-12-31": "879.70000", "2015-12-31": "963.10000", "2014-12-31": "1058.90000", "2013-12-31": "994.30000", "2012-12-31": "1409.30000", "2011-12-31": "1555.20000", "2010-12-31": "1656.00000", "2009-12-31": "1592.50000", "2008-12-31": "1492.80000", "2007-12-31": "1176.50000", "2006-12-31": "1285.30000", "2005-12-31": "1337.50000"}, "Total Liabilities": {"2020-12-31": "2260.60000", "2019-12-31": "2263.50000", "2018-12-31": "2708.90000", "2017-12-31": "1875.30000", "2016-12-31": "1844.60000", "2015-12-31": "1871.20000", "2014-12-31": "1959.00000", "2013-12-31": "1877.40000", "2012-12-31": "2346.50000", "2011-12-31": "2463.30000", "2010-12-31": "2607.60000", "2009-12-31": "2499.10000", "2008-12-31": "2494.00000", "2007-12-31": "2472.70000", "2006-12-31": "2578.50000", "2005-12-31": "2642.70000"}, "Common Stock Net": {"2020-12-31": "", "2019-12-31": "76.90000", "2018-12-31": "76.90000", "2017-12-31": "76.90000", "2016-12-31": "76.90000", "2015-12-31": "76.90000", "2014-12-31": "76.90000", "2013-12-31": "76.90000", "2012-12-31": "76.90000", "2011-12-31": "76.90000", "2010-12-31": "76.90000", "2009-12-31": "76.90000", "2008-12-31": "76.90000", "2007-12-31": "76.90000", "2006-12-31": "76.90000", "2005-12-31": "76.90000"}, "Retained Earnings (Accumulated Deficit)": {"2020-12-31": "", "2019-12-31": "1931.30000", "2018-12-31": "2135.70000", "2017-12-31": "1966.80000", "2016-12-31": "1881.00000", "2015-12-31": "1660.40000", "2014-12-31": "1467.30000", "2013-12-31": "1263.30000", "2012-12-31": "503.20000", "2011-12-31": "457.70000", "2010-12-31": "390.30000", "2009-12-31": "505.30000", "2008-12-31": "1095.90000", "2007-12-31": "1888.40000", "2006-12-31": "1820.70000", "2005-12-31": "1741.80000"}, "Comprehensive Income": {"2020-12-31": "", "2019-12-31": "", "2018-12-31": "", "2017-12-31": "", "2016-12-31": "", "2015-12-31": "", "2014-12-31": "", "2013-12-31": "", "2012-12-31": "", "2011-12-31": "", "2010-12-31": "", "2009-12-31": "", "2008-12-31": "", "2007-12-31": "", "2006-12-31": "", "2005-12-31": ""}, "Other Share Holders Equity": {"2020-12-31": "", "2019-12-31": "-53.40000", "2018-12-31": "-363.10000", "2017-12-31": "-359.80000", "2016-12-31": "-434.60000", "2015-12-31": "-474.10000", "2014-12-31": "-480.50000", "2013-12-31": "-401.50000", "2012-12-31": "-555.10000", "2011-12-31": "-540.80000", "2010-12-31": "-415.50000", "2009-12-31": "-374.80000", "2008-12-31": "-432.30000", "2007-12-31": "-52.70000", "2006-12-31": "-89.00000", "2005-12-31": "-66.10000"}, "Share Holder Equity": {"2020-12-31": "1510.00000", "2019-12-31": "1300.90000", "2018-12-31": "1582.60000", "2017-12-31": "1482.90000", "2016-12-31": "1440.10000", "2015-12-31": "1281.30000", "2014-12-31": "1171.50000", "2013-12-31": "1038.40000", "2012-12-31": "77.70000", "2011-12-31": "30.90000", "2010-12-31": "70.40000", "2009-12-31": "210.30000", "2008-12-31": "729.90000", "2007-12-31": "1892.90000", "2006-12-31": "1871.80000", "2005-12-31": "1978.80000"}, "Total Liabilities And Share Holders Equity": {"2020-12-31": "3770.60000", "2019-12-31": "3564.40000", "2018-12-31": "4291.50000", "2017-12-31": "3358.20000", "2016-12-31": "3284.70000", "2015-12-31": "3152.50000", "2014-12-31": "3130.50000", "2013-12-31": "2915.80000", "2012-12-31": "2424.20000", "2011-12-31": "2494.20000", "2010-12-31": "2678.00000", "2009-12-31": "2709.40000", "2008-12-31": "3223.90000", "2007-12-31": "4365.60000", "2006-12-31": "4450.30000", "2005-12-31": "4621.50000"}}, "balance sheet, quarterly": {"Cash On Hand": {"2020-12-31": "587.00000", "2020-09-30": "660.30000", "2020-06-30": "553.90000", "2020-03-31": "515.30000", "2019-12-31": "332.70000", "2019-09-30": "378.60000", "2019-06-30": "668.50000", "2019-03-31": "171.40000", "2018-12-31": "304.20000", "2018-09-30": "312.70000", "2018-06-30": "446.10000", "2018-03-31": "294.20000", "2017-12-31": "459.00000", "2017-09-30": "402.60000", "2017-06-30": "448.70000", "2017-03-31": "285.20000", "2016-12-31": "469.40000", "2016-09-30": "450.70000", "2016-06-30": "506.00000", "2016-03-31": "295.70000", "2015-12-31": "681.50000", "2015-09-30": "670.00000", "2015-06-30": "624.30000", "2015-03-31": "441.60000", "2014-12-31": "651.50000", "2014-09-30": "615.40000", "2014-06-30": "353.60000", "2014-03-31": "235.70000", "2013-12-31": "375.70000", "2013-09-30": "361.40000", "2013-06-30": "343.20000", "2013-03-31": "289.70000", "2012-12-31": "389.60000", "2012-09-30": "427.80000", "2012-06-30": "482.40000", "2012-03-31": "391.00000", "2011-12-31": "434.90000", "2011-09-30": "478.60000", "2011-06-30": "605.80000", "2011-03-31": "500.80000", "2010-12-31": "636.10000", "2010-09-30": "677.30000", "2010-06-30": "620.40000", "2010-03-31": "553.20000", "2009-12-31": "527.40000", "2009-09-30": "624.10000", "2009-06-30": "461.20000", "2009-03-31": "359.10000", "2008-12-31": "317.50000", "2008-09-30": "342.90000", "2008-06-30": "392.80000", "2008-03-31": "267.30000", "2007-12-31": "331.40000", "2007-09-30": "327.80000", "2007-06-30": "278.80000", "2007-03-31": "204.00000", "2006-12-31": "283.40000", "2006-09-30": "559.50000", "2006-06-30": "310.60000", "2006-03-31": "216.50000", "2005-12-31": "487.70000", "2005-09-30": "535.90000", "2005-06-30": "508.60000", "2005-03-31": "439.70000"}, "Receivables": {"2020-12-31": "337.60000", "2020-09-30": "398.80000", "2020-06-30": "452.60000", "2020-03-31": "465.40000", "2019-12-31": "331.80000", "2019-09-30": "414.70000", "2019-06-30": "484.50000", "2019-03-31": "499.20000", "2018-12-31": "351.80000", "2018-09-30": "392.50000", "2018-06-30": "412.40000", "2018-03-31": "623.60000", "2017-12-31": "485.30000", "2017-09-30": "476.40000", "2017-06-30": "524.60000", "2017-03-31": "516.70000", "2016-12-31": "411.50000", "2016-09-30": "454.60000", "2016-06-30": "482.10000", "2016-03-31": "526.30000", "2015-12-31": "398.10000", "2015-09-30": "400.70000", "2015-06-30": "446.80000", "2015-03-31": "473.70000", "2014-12-31": "386.50000", "2014-09-30": "401.30000", "2014-06-30": "451.40000", "2014-03-31": "459.50000", "2013-12-31": "345.70000", "2013-09-30": "392.60000", "2013-06-30": "423.40000", "2013-03-31": "471.70000", "2012-12-31": "349.20000", "2012-09-30": "403.80000", "2012-06-30": "435.80000", "2012-03-31": "440.80000", "2011-12-31": "329.60000", "2011-09-30": "389.00000", "2011-06-30": "447.20000", "2011-03-31": "469.20000", "2010-12-31": "327.30000", "2010-09-30": "367.40000", "2010-06-30": "447.80000", "2010-03-31": "440.10000", "2009-12-31": "332.40000", "2009-09-30": "368.20000", "2009-06-30": "405.50000", "2009-03-31": "381.90000", "2008-12-31": "444.80000", "2008-09-30": "518.30000", "2008-06-30": "604.80000", "2008-03-31": "648.80000", "2007-12-31": "572.40000", "2007-09-30": "510.90000", "2007-06-30": "575.40000", "2007-03-31": "565.50000", "2006-12-31": "492.30000", "2006-09-30": "473.30000", "2006-06-30": "542.50000", "2006-03-31": "540.50000", "2005-12-31": "471.60000", "2005-09-30": "449.80000", "2005-06-30": "481.20000", "2005-03-31": "505.10000"}, "Inventory": {"2020-12-31": "711.80000", "2020-09-30": "589.40000", "2020-06-30": "676.90000", "2020-03-31": "840.10000", "2019-12-31": "824.50000", "2019-09-30": "810.20000", "2019-06-30": "801.80000", "2019-03-31": "817.30000", "2018-12-31": "774.00000", "2018-09-30": "724.60000", "2018-06-30": "641.30000", "2018-03-31": "903.10000", "2017-12-31": "827.70000", "2017-09-30": "848.60000", "2017-06-30": "769.30000", "2017-03-31": "747.40000", "2016-12-31": "699.00000", "2016-09-30": "755.00000", "2016-06-30": "706.80000", "2016-03-31": "737.40000", "2015-12-31": "685.00000", "2015-09-30": "709.80000", "2015-06-30": "670.00000", "2015-03-31": "679.80000", "2014-12-31": "652.30000", "2014-09-30": "668.80000", "2014-06-30": "646.10000", "2014-03-31": "661.50000", "2013-12-31": "583.90000", "2013-09-30": "562.90000", "2013-06-30": "548.70000", "2013-03-31": "604.80000", "2012-12-31": "575.80000", "2012-09-30": "534.10000", "2012-06-30": "495.70000", "2012-03-31": "522.30000", "2011-12-31": "501.50000", "2011-09-30": "529.00000", "2011-06-30": "527.30000", "2011-03-31": "550.80000", "2010-12-31": "527.50000", "2010-09-30": "518.40000", "2010-06-30": "475.60000", "2010-03-31": "504.60000", "2009-12-31": "484.90000", "2009-09-30": "503.20000", "2009-06-30": "580.00000", "2009-03-31": "701.30000", "2008-12-31": "811.70000", "2008-09-30": "898.10000", "2008-06-30": "922.30000", "2008-03-31": "984.20000", "2007-12-31": "906.70000", "2007-09-30": "1007.10000", "2007-06-30": "932.60000", "2007-03-31": "945.20000", "2006-12-31": "861.90000", "2006-09-30": "881.70000", "2006-06-30": "873.90000", "2006-03-31": "897.60000", "2005-12-31": "816.90000", "2005-09-30": "869.80000", "2005-06-30": "843.70000", "2005-03-31": "867.00000"}, "Pre-Paid Expenses": {"2020-12-31": "34.10000", "2020-09-30": "32.70000", "2020-06-30": "30.70000", "2020-03-31": "49.00000", "2019-12-31": "36.80000", "2019-09-30": "90.10000", "2019-06-30": "56.60000", "2019-03-31": "80.50000", "2018-12-31": "72.90000", "2018-09-30": "66.40000", "2018-06-30": "36.80000", "2018-03-31": "41.80000", "2017-12-31": "74.70000", "2017-09-30": "49.10000", "2017-06-30": "35.20000", "2017-03-31": "36.40000", "2016-12-31": "37.10000", "2016-09-30": "38.50000", "2016-06-30": "38.00000", "2016-03-31": "50.00000", "2015-12-31": "39.80000", "2015-09-30": "35.30000", "2015-06-30": "31.60000", "2015-03-31": "40.90000", "2014-12-31": "39.50000", "2014-09-30": "31.20000", "2014-06-30": "30.20000", "2014-03-31": "27.20000", "2013-12-31": "28.90000", "2013-09-30": "22.80000", "2013-06-30": "28.70000", "2013-03-31": "26.50000", "2012-12-31": "26.70000", "2012-09-30": "25.50000", "2012-06-30": "25.30000", "2012-03-31": "24.00000", "2011-12-31": "27.20000", "2011-09-30": "29.00000", "2011-06-30": "29.10000", "2011-03-31": "28.60000", "2010-12-31": "27.90000", "2010-09-30": "29.20000", "2010-06-30": "29.70000", "2010-03-31": "30.20000", "2009-12-31": "34.70000", "2009-09-30": "34.60000", "2009-06-30": "33.50000", "2009-03-31": "48.80000", "2008-12-31": "59.70000", "2008-09-30": "75.20000", "2008-06-30": "44.80000", "2008-03-31": "57.50000", "2007-12-31": "53.90000", "2007-09-30": "75.60000", "2007-06-30": "63.60000", "2007-03-31": "80.00000", "2006-12-31": "85.40000", "2006-09-30": "65.00000", "2006-06-30": "64.40000", "2006-03-31": "60.80000", "2005-12-31": "70.30000", "2005-09-30": "48.80000", "2005-06-30": "54.50000", "2005-03-31": "43.70000"}, "Other Current Assets": {"2020-12-31": "", "2020-09-30": "", "2020-06-30": "", "2020-03-31": "", "2019-12-31": "", "2019-09-30": "", "2019-06-30": "", "2019-03-31": "369.40000", "2018-12-31": "377.20000", "2018-09-30": "370.00000", "2018-06-30": "354.40000", "2018-03-31": "", "2017-12-31": "", "2017-09-30": "", "2017-06-30": "", "2017-03-31": "85.30000", "2016-12-31": "71.50000", "2016-09-30": "", "2016-06-30": "", "2016-03-31": "", "2015-12-31": "", "2015-09-30": "", "2015-06-30": "", "2015-03-31": "31.00000", "2014-12-31": "30.00000", "2014-09-30": "39.30000", "2014-06-30": "40.00000", "2014-03-31": "38.30000", "2013-12-31": "36.80000", "2013-09-30": "43.90000", "2013-06-30": "18.30000", "2013-03-31": "", "2012-12-31": "", "2012-09-30": "54.50000", "2012-06-30": "51.90000", "2012-03-31": "49.80000", "2011-12-31": "48.10000", "2011-09-30": "", "2011-06-30": "", "2011-03-31": "", "2010-12-31": "", "2010-09-30": "", "2010-06-30": "", "2010-03-31": "", "2009-12-31": "", "2009-09-30": "", "2009-06-30": "", "2009-03-31": "", "2008-12-31": "", "2008-09-30": "", "2008-06-30": "", "2008-03-31": "", "2007-12-31": "", "2007-09-30": "", "2007-06-30": "27.40000", "2007-03-31": "30.30000", "2006-12-31": "105.50000", "2006-09-30": "111.30000", "2006-06-30": "113.50000", "2006-03-31": "99.40000", "2005-12-31": "113.70000", "2005-09-30": "100.50000", "2005-06-30": "80.60000", "2005-03-31": ""}, "Total Current Assets": {"2020-12-31": "1670.50000", "2020-09-30": "1681.20000", "2020-06-30": "1714.10000", "2020-03-31": "1869.80000", "2019-12-31": "1525.80000", "2019-09-30": "1693.60000", "2019-06-30": "2011.40000", "2019-03-31": "1937.80000", "2018-12-31": "1880.10000", "2018-09-30": "1866.20000", "2018-06-30": "1891.00000", "2018-03-31": "1862.70000", "2017-12-31": "1846.70000", "2017-09-30": "1776.70000", "2017-06-30": "1777.80000", "2017-03-31": "1671.00000", "2016-12-31": "1688.50000", "2016-09-30": "1698.80000", "2016-06-30": "1732.90000", "2016-03-31": "1609.40000", "2015-12-31": "1804.40000", "2015-09-30": "1815.80000", "2015-06-30": "1772.70000", "2015-03-31": "1667.00000", "2014-12-31": "1967.80000", "2014-09-30": "1895.20000", "2014-06-30": "1659.30000", "2014-03-31": "1559.80000", "2013-12-31": "1508.60000", "2013-09-30": "1402.50000", "2013-06-30": "1380.60000", "2013-03-31": "1411.40000", "2012-12-31": "1360.10000", "2012-09-30": "1460.70000", "2012-06-30": "1506.10000", "2012-03-31": "1442.90000", "2011-12-31": "1356.30000", "2011-09-30": "1434.40000", "2011-06-30": "1630.20000", "2011-03-31": "1565.60000", "2010-12-31": "1535.80000", "2010-09-30": "1594.10000", "2010-06-30": "1589.60000", "2010-03-31": "1547.90000", "2009-12-31": "1458.70000", "2009-09-30": "1543.20000", "2009-06-30": "1496.60000", "2009-03-31": "1504.40000", "2008-12-31": "1736.90000", "2008-09-30": "1873.70000", "2008-06-30": "2207.30000", "2008-03-31": "2199.70000", "2007-12-31": "2114.30000", "2007-09-30": "2171.70000", "2007-06-30": "2118.50000", "2007-03-31": "2048.00000", "2006-12-31": "2078.40000", "2006-09-30": "2373.60000", "2006-06-30": "2171.30000", "2006-03-31": "2088.40000", "2005-12-31": "2235.00000", "2005-09-30": "2298.50000", "2005-06-30": "2266.90000", "2005-03-31": "2147.50000"}, "Property, Plant, And Equipment": {"2020-12-31": "863.60000", "2020-09-30": "819.10000", "2020-06-30": "815.40000", "2020-03-31": "810.60000", "2019-12-31": "796.40000", "2019-09-30": "763.70000", "2019-06-30": "747.00000", "2019-03-31": "703.50000", "2018-12-31": "694.50000", "2018-09-30": "615.90000", "2018-06-30": "595.00000", "2018-03-31": "722.70000", "2017-12-31": "706.00000", "2017-09-30": "706.40000", "2017-06-30": "682.20000", "2017-03-31": "583.30000", "2016-12-31": "569.00000", "2016-09-30": "596.70000", "2016-06-30": "572.60000", "2016-03-31": "550.40000", "2015-12-31": "505.20000", "2015-09-30": "489.60000", "2015-06-30": "476.90000", "2015-03-31": "463.90000", "2014-12-31": "460.30000", "2014-09-30": "441.20000", "2014-06-30": "438.80000", "2014-03-31": "423.10000", "2013-12-31": "419.90000", "2013-09-30": "404.30000", "2013-06-30": "593.40000", "2013-03-31": "578.10000", "2012-12-31": "581.40000", "2012-09-30": "555.40000", "2012-06-30": "557.20000", "2012-03-31": "560.20000", "2011-12-31": "565.90000", "2011-09-30": "581.00000", "2011-06-30": "603.90000", "2011-03-31": "615.90000", "2010-12-31": "630.20000", "2010-09-30": "637.50000", "2010-06-30": "653.70000", "2010-03-31": "696.10000", "2009-12-31": "724.30000", "2009-09-30": "798.40000", "2009-06-30": "836.60000", "2009-03-31": "875.80000", "2008-12-31": "917.60000", "2008-09-30": "970.30000", "2008-06-30": "1001.90000", "2008-03-31": "1034.40000", "2007-12-31": "1052.80000", "2007-09-30": "1049.50000", "2007-06-30": "1020.90000", "2007-03-31": "1016.90000", "2006-12-31": "1014.90000", "2006-09-30": "993.20000", "2006-06-30": "989.00000", "2006-03-31": "982.00000", "2005-12-31": "953.30000", "2005-09-30": "919.00000", "2005-06-30": "879.30000", "2005-03-31": "871.40000"}, "Long-Term Investments": {"2020-12-31": "32.50000", "2020-09-30": "25.50000", "2020-06-30": "29.40000", "2020-03-31": "31.30000", "2019-12-31": "29.50000", "2019-09-30": "27.80000", "2019-06-30": "32.70000", "2019-03-31": "35.50000", "2018-12-31": "32.60000", "2018-09-30": "26.40000", "2018-06-30": "30.00000", "2018-03-31": "29.50000", "2017-12-31": "25.10000", "2017-09-30": "21.70000", "2017-06-30": "22.50000", "2017-03-31": "26.60000", "2016-12-31": "20.70000", "2016-09-30": "16.30000", "2016-06-30": "26.00000", "2016-03-31": "27.30000", "2015-12-31": "21.50000", "2015-09-30": "19.60000", "2015-06-30": "25.90000", "2015-03-31": "25.10000", "2014-12-31": "19.00000", "2014-09-30": "39.90000", "2014-06-30": "42.20000", "2014-03-31": "43.90000", "2013-12-31": "41.30000", "2013-09-30": "41.10000", "2013-06-30": "41.70000", "2013-03-31": "71.40000", "2012-12-31": "42.40000", "2012-09-30": "89.90000", "2012-06-30": "88.80000", "2012-03-31": "102.80000", "2011-12-31": "140.60000", "2011-09-30": "142.00000", "2011-06-30": "126.80000", "2011-03-31": "104.10000", "2010-12-31": "74.70000", "2010-09-30": "59.90000", "2010-06-30": "59.30000", "2010-03-31": "53.20000", "2009-12-31": "56.70000", "2009-09-30": "57.80000", "2009-06-30": "62.20000", "2009-03-31": "70.90000", "2008-12-31": "75.40000", "2008-09-30": "81.60000", "2008-06-30": "103.10000", "2008-03-31": "118.30000", "2007-12-31": "132.10000", "2007-09-30": "139.50000", "2007-06-30": "146.50000", "2007-03-31": "152.80000", "2006-12-31": "142.90000", "2006-09-30": "140.00000", "2006-06-30": "149.90000", "2006-03-31": "153.70000", "2005-12-31": "141.40000", "2005-09-30": "121.20000", "2005-06-30": "132.10000", "2005-03-31": "139.00000"}, "Goodwill And Intangible Assets": {"2020-12-31": "970.00000", "2020-09-30": "975.90000", "2020-06-30": "982.50000", "2020-03-31": "989.00000", "2019-12-31": "998.50000", "2019-09-30": "1005.00000", "2019-06-30": "1010.10000", "2019-03-31": "959.90000", "2018-12-31": "963.10000", "2018-09-30": "971.70000", "2018-06-30": "92.00000", "2018-03-31": "576.30000", "2017-12-31": "574.40000", "2017-09-30": "591.80000", "2017-06-30": "579.30000", "2017-03-31": "574.60000", "2016-12-31": "573.90000", "2016-09-30": "577.10000", "2016-06-30": "528.10000", "2016-03-31": "517.10000", "2015-12-31": "353.80000", "2015-09-30": "348.40000", "2015-06-30": "341.40000", "2015-03-31": "340.20000", "2014-12-31": "342.40000", "2014-09-30": "345.80000", "2014-06-30": "344.40000", "2014-03-31": "326.60000", "2013-12-31": "327.10000", "2013-09-30": "327.60000", "2013-06-30": "327.00000", "2013-03-31": "327.90000", "2012-12-31": "329.80000", "2012-09-30": "331.10000", "2012-06-30": "331.50000", "2012-03-31": "333.70000", "2011-12-31": "333.80000", "2011-09-30": "342.10000", "2011-06-30": "346.00000", "2011-03-31": "347.30000", "2010-12-31": "347.60000", "2010-09-30": "350.70000", "2010-06-30": "350.40000", "2010-03-31": "363.20000", "2009-12-31": "368.10000", "2009-09-30": "371.10000", "2009-06-30": "372.60000", "2009-03-31": "371.20000", "2008-12-31": "377.50000", "2008-09-30": "384.70000", "2008-06-30": "890.40000", "2008-03-31": "921.00000", "2007-12-31": "924.50000", "2007-09-30": "928.90000", "2007-06-30": "988.80000", "2007-03-31": "984.00000", "2006-12-31": "986.20000", "2006-09-30": "1005.20000", "2006-06-30": "995.30000", "2006-03-31": "991.50000", "2005-12-31": "949.20000", "2005-09-30": "952.20000", "2005-06-30": "931.50000", "2005-03-31": "952.40000"}, "Other Long-Term Assets": {"2020-12-31": "14.40000", "2020-09-30": "13.40000", "2020-06-30": "12.90000", "2020-03-31": "11.90000", "2019-12-31": "12.30000", "2019-09-30": "14.50000", "2019-06-30": "15.00000", "2019-03-31": "508.20000", "2018-12-31": "623.40000", "2018-09-30": "634.70000", "2018-06-30": "652.10000", "2018-03-31": "42.40000", "2017-12-31": "40.40000", "2017-09-30": "46.50000", "2017-06-30": "49.10000", "2017-03-31": "120.80000", "2016-12-31": "124.80000", "2016-09-30": "47.50000", "2016-06-30": "49.40000", "2016-03-31": "46.40000", "2015-12-31": "47.40000", "2015-09-30": "44.70000", "2015-06-30": "41.80000", "2015-03-31": "54.40000", "2014-12-31": "50.10000", "2014-09-30": "48.90000", "2014-06-30": "233.90000", "2014-03-31": "239.40000", "2013-12-31": "241.90000", "2013-09-30": "241.40000", "2013-06-30": "48.00000", "2013-03-31": "55.30000", "2012-12-31": "110.50000", "2012-09-30": "70.80000", "2012-06-30": "87.90000", "2012-03-31": "92.40000", "2011-12-31": "97.60000", "2011-09-30": "78.30000", "2011-06-30": "85.10000", "2011-03-31": "90.50000", "2010-12-31": "89.70000", "2010-09-30": "89.50000", "2010-06-30": "90.40000", "2010-03-31": "97.70000", "2009-12-31": "101.60000", "2009-09-30": "109.90000", "2009-06-30": "106.40000", "2009-03-31": "114.30000", "2008-12-31": "116.50000", "2008-09-30": "140.80000", "2008-06-30": "142.40000", "2008-03-31": "138.00000", "2007-12-31": "141.90000", "2007-09-30": "181.90000", "2007-06-30": "209.40000", "2007-03-31": "212.90000", "2006-12-31": "227.90000", "2006-09-30": "322.70000", "2006-06-30": "327.90000", "2006-03-31": "339.10000", "2005-12-31": "342.60000", "2005-09-30": "327.60000", "2005-06-30": "327.00000", "2005-03-31": "232.10000"}, "Total Long-Term Assets": {"2020-12-31": "2100.10000", "2020-09-30": "2009.60000", "2020-06-30": "2025.00000", "2020-03-31": "2034.80000", "2019-12-31": "2038.60000", "2019-09-30": "1960.80000", "2019-06-30": "2029.40000", "2019-03-31": "2397.10000", "2018-12-31": "2411.40000", "2018-09-30": "2355.80000", "2018-06-30": "1545.70000", "2018-03-31": "1541.90000", "2017-12-31": "1511.50000", "2017-09-30": "1622.50000", "2017-06-30": "1605.90000", "2017-03-31": "1602.90000", "2016-12-31": "1596.20000", "2016-09-30": "1542.40000", "2016-06-30": "1510.70000", "2016-03-31": "1513.30000", "2015-12-31": "1348.10000", "2015-09-30": "1311.20000", "2015-06-30": "1327.60000", "2015-03-31": "1363.00000", "2014-12-31": "1162.70000", "2014-09-30": "1169.90000", "2014-06-30": "1371.50000", "2014-03-31": "1385.90000", "2013-12-31": "1407.20000", "2013-09-30": "1014.40000", "2013-06-30": "1010.10000", "2013-03-31": "1032.70000", "2012-12-31": "1064.10000", "2012-09-30": "1047.20000", "2012-06-30": "1065.40000", "2012-03-31": "1089.10000", "2011-12-31": "1137.90000", "2011-09-30": "1143.40000", "2011-06-30": "1161.80000", "2011-03-31": "1157.80000", "2010-12-31": "1142.20000", "2010-09-30": "1137.60000", "2010-06-30": "1153.80000", "2010-03-31": "1210.20000", "2009-12-31": "1250.70000", "2009-09-30": "1337.20000", "2009-06-30": "1377.80000", "2009-03-31": "1432.20000", "2008-12-31": "1487.00000", "2008-09-30": "1592.20000", "2008-06-30": "2137.80000", "2008-03-31": "2211.70000", "2007-12-31": "2251.30000", "2007-09-30": "2299.80000", "2007-06-30": "2365.60000", "2007-03-31": "2366.60000", "2006-12-31": "2371.90000", "2006-09-30": "2461.10000", "2006-06-30": "2462.10000", "2006-03-31": "2466.30000", "2005-12-31": "2386.50000", "2005-09-30": "2320.00000", "2005-06-30": "2269.90000", "2005-03-31": "2194.90000"}, "Total Assets": {"2020-12-31": "3770.60000", "2020-09-30": "3690.80000", "2020-06-30": "3739.10000", "2020-03-31": "3904.60000", "2019-12-31": "3564.40000", "2019-09-30": "3654.40000", "2019-06-30": "4040.80000", "2019-03-31": "4334.90000", "2018-12-31": "4291.50000", "2018-09-30": "4222.00000", "2018-06-30": "3436.70000", "2018-03-31": "3404.60000", "2017-12-31": "3358.20000", "2017-09-30": "3399.20000", "2017-06-30": "3383.70000", "2017-03-31": "3273.90000", "2016-12-31": "3284.70000", "2016-09-30": "3241.20000", "2016-06-30": "3243.60000", "2016-03-31": "3122.70000", "2015-12-31": "3152.50000", "2015-09-30": "3127.00000", "2015-06-30": "3100.30000", "2015-03-31": "3030.00000", "2014-12-31": "3130.50000", "2014-09-30": "3065.10000", "2014-06-30": "3030.80000", "2014-03-31": "2945.70000", "2013-12-31": "2915.80000", "2013-09-30": "2416.90000", "2013-06-30": "2390.70000", "2013-03-31": "2444.10000", "2012-12-31": "2424.20000", "2012-09-30": "2507.90000", "2012-06-30": "2571.50000", "2012-03-31": "2532.00000", "2011-12-31": "2494.20000", "2011-09-30": "2577.80000", "2011-06-30": "2792.00000", "2011-03-31": "2723.40000", "2010-12-31": "2678.00000", "2010-09-30": "2731.70000", "2010-06-30": "2743.40000", "2010-03-31": "2758.10000", "2009-12-31": "2709.40000", "2009-09-30": "2880.40000", "2009-06-30": "2874.40000", "2009-03-31": "2936.60000", "2008-12-31": "3223.90000", "2008-09-30": "3465.90000", "2008-06-30": "4345.10000", "2008-03-31": "4411.40000", "2007-12-31": "4365.60000", "2007-09-30": "4471.50000", "2007-06-30": "4484.10000", "2007-03-31": "4414.60000", "2006-12-31": "4450.30000", "2006-09-30": "4834.70000", "2006-06-30": "4633.40000", "2006-03-31": "4554.70000", "2005-12-31": "4621.50000", "2005-09-30": "4618.50000", "2005-06-30": "4536.80000", "2005-03-31": "4342.40000"}, "Total Current Liabilities": {"2020-12-31": "1079.20000", "2020-09-30": "949.60000", "2020-06-30": "1054.60000", "2020-03-31": "1286.20000", "2019-12-31": "944.40000", "2019-09-30": "904.00000", "2019-06-30": "1015.70000", "2019-03-31": "1205.70000", "2018-12-31": "1256.60000", "2018-09-30": "1484.60000", "2018-06-30": "1115.20000", "2018-03-31": "1076.40000", "2017-12-31": "1035.10000", "2017-09-30": "980.10000", "2017-06-30": "985.80000", "2017-03-31": "956.50000", "2016-12-31": "964.90000", "2016-09-30": "917.70000", "2016-06-30": "930.60000", "2016-03-31": "896.20000", "2015-12-31": "908.10000", "2015-09-30": "863.40000", "2015-06-30": "863.20000", "2015-03-31": "845.30000", "2014-12-31": "900.10000", "2014-09-30": "863.50000", "2014-06-30": "883.80000", "2014-03-31": "867.50000", "2013-12-31": "883.10000", "2013-09-30": "858.10000", "2013-06-30": "877.00000", "2013-03-31": "900.70000", "2012-12-31": "937.20000", "2012-09-30": "908.00000", "2012-06-30": "898.00000", "2012-03-31": "890.90000", "2011-12-31": "908.10000", "2011-09-30": "902.60000", "2011-06-30": "967.90000", "2011-03-31": "957.60000", "2010-12-31": "951.60000", "2010-09-30": "902.50000", "2010-06-30": "931.60000", "2010-03-31": "920.10000", "2009-12-31": "906.60000", "2009-09-30": "872.50000", "2009-06-30": "957.50000", "2009-03-31": "894.30000", "2008-12-31": "1001.20000", "2008-09-30": "1138.80000", "2008-06-30": "1259.20000", "2008-03-31": "1321.10000", "2007-12-31": "1296.20000", "2007-09-30": "1319.70000", "2007-06-30": "1284.50000", "2007-03-31": "1247.40000", "2006-12-31": "1293.20000", "2006-09-30": "1465.20000", "2006-06-30": "1259.10000", "2006-03-31": "1219.80000", "2005-12-31": "1305.20000", "2005-09-30": "1256.30000", "2005-06-30": "1249.30000", "2005-03-31": "1172.20000"}, "Long Term Debt": {"2020-12-31": "908.30000", "2020-09-30": "1013.20000", "2020-06-30": "1060.40000", "2020-03-31": "1069.00000", "2019-12-31": "1068.00000", "2019-09-30": "1083.00000", "2019-06-30": "1240.10000", "2019-03-31": "1245.60000", "2018-12-31": "1179.50000", "2018-09-30": "891.00000", "2018-06-30": "429.00000", "2018-03-31": "428.90000", "2017-12-31": "431.80000", "2017-09-30": "437.60000", "2017-06-30": "438.20000", "2017-03-31": "435.40000", "2016-12-31": "433.80000", "2016-09-30": "448.00000", "2016-06-30": "447.90000", "2016-03-31": "446.10000", "2015-12-31": "442.50000", "2015-09-30": "449.10000", "2015-06-30": "445.60000", "2015-03-31": "448.80000", "2014-12-31": "446.30000", "2014-09-30": "448.30000", "2014-06-30": "448.90000", "2014-03-31": "453.50000", "2013-12-31": "453.40000", "2013-09-30": "459.90000", "2013-06-30": "466.40000", "2013-03-31": "562.90000", "2012-12-31": "563.60000", "2012-09-30": "590.90000", "2012-06-30": "668.20000", "2012-03-31": "688.70000", "2011-12-31": "690.40000", "2011-09-30": "701.20000", "2011-06-30": "785.20000", "2011-03-31": "809.90000", "2010-12-31": "828.40000", "2010-09-30": "829.80000", "2010-06-30": "819.20000", "2010-03-31": "844.20000", "2009-12-31": "839.40000", "2009-09-30": "904.80000", "2009-06-30": "727.80000", "2009-03-31": "728.10000", "2008-12-31": "728.50000", "2008-09-30": "726.40000", "2008-06-30": "726.90000", "2008-03-31": "729.10000", "2007-12-31": "727.40000", "2007-09-30": "726.10000", "2007-06-30": "724.80000", "2007-03-31": "725.80000", "2006-12-31": "725.70000", "2006-09-30": "726.00000", "2006-06-30": "722.60000", "2006-03-31": "723.50000", "2005-12-31": "723.70000", "2005-09-30": "726.80000", "2005-06-30": "729.40000", "2005-03-31": "723.20000"}, "Other Non-Current Liabilities": {"2020-12-31": "273.10000", "2020-09-30": "128.60000", "2020-06-30": "118.90000", "2020-03-31": "104.00000", "2019-12-31": "107.40000", "2019-09-30": "111.40000", "2019-06-30": "111.40000", "2019-03-31": "219.70000", "2018-12-31": "201.20000", "2018-09-30": "212.80000", "2018-06-30": "210.90000", "2018-03-31": "199.60000", "2017-12-31": "187.60000", "2017-09-30": "184.90000", "2017-06-30": "178.20000", "2017-03-31": "168.70000", "2016-12-31": "169.60000", "2016-09-30": "168.90000", "2016-06-30": "168.20000", "2016-03-31": "164.40000", "2015-12-31": "160.80000", "2015-09-30": "195.20000", "2015-06-30": "196.60000", "2015-03-31": "200.90000", "2014-12-31": "211.20000", "2014-09-30": "211.00000", "2014-06-30": "193.50000", "2014-03-31": "194.80000", "2013-12-31": "201.50000", "2013-09-30": "201.90000", "2013-06-30": "200.70000", "2013-03-31": "204.50000", "2012-12-31": "200.40000", "2012-09-30": "198.20000", "2012-06-30": "194.70000", "2012-03-31": "195.30000", "2011-12-31": "190.20000", "2011-09-30": "193.80000", "2011-06-30": "206.20000", "2011-03-31": "207.00000", "2010-12-31": "207.10000", "2010-09-30": "201.70000", "2010-06-30": "191.90000", "2010-03-31": "201.80000", "2009-12-31": "207.30000", "2009-09-30": "195.30000", "2009-06-30": "199.00000", "2009-03-31": "199.60000", "2008-12-31": "211.00000", "2008-09-30": "228.10000", "2008-06-30": "236.10000", "2008-03-31": "234.60000", "2007-12-31": "244.00000", "2007-09-30": "277.10000", "2007-06-30": "286.20000", "2007-03-31": "283.30000", "2006-12-31": "249.10000", "2006-09-30": "254.10000", "2006-06-30": "258.00000", "2006-03-31": "261.40000", "2005-12-31": "250.70000", "2005-09-30": "254.80000", "2005-06-30": "256.60000", "2005-03-31": "252.70000"}, "Total Long Term Liabilities": {"2020-12-31": "1181.40000", "2020-09-30": "1283.00000", "2020-06-30": "1320.10000", "2020-03-31": "1314.70000", "2019-12-31": "1319.10000", "2019-09-30": "1332.20000", "2019-06-30": "1487.80000", "2019-03-31": "1602.30000", "2018-12-31": "1452.30000", "2018-09-30": "1179.30000", "2018-06-30": "820.50000", "2018-03-31": "847.40000", "2017-12-31": "840.20000", "2017-09-30": "849.00000", "2017-06-30": "850.10000", "2017-03-31": "843.80000", "2016-12-31": "879.70000", "2016-09-30": "888.80000", "2016-06-30": "924.80000", "2016-03-31": "921.20010", "2015-12-31": "963.10000", "2015-09-30": "974.50010", "2015-06-30": "973.60000", "2015-03-31": "987.50000", "2014-12-31": "1058.90000", "2014-09-30": "922.40000", "2014-06-30": "960.30000", "2014-03-31": "984.90000", "2013-12-31": "994.30000", "2013-09-30": "1269.50000", "2013-06-30": "1300.20000", "2013-03-31": "1412.80000", "2012-12-31": "1409.30000", "2012-09-30": "1414.10000", "2012-06-30": "1515.10000", "2012-03-31": "1558.70000", "2011-12-31": "1555.20000", "2011-09-30": "1485.80000", "2011-06-30": "1613.70000", "2011-03-31": "1642.40000", "2010-12-31": "1656.00000", "2010-09-30": "1612.10000", "2010-06-30": "1610.90000", "2010-03-31": "1646.30000", "2009-12-31": "1592.50000", "2009-09-30": "1672.10000", "2009-06-30": "1496.10000", "2009-03-31": "1495.00000", "2008-12-31": "1492.80000", "2008-09-30": "1148.50000", "2008-06-30": "1160.70000", "2008-03-31": "1173.30000", "2007-12-31": "1176.50000", "2007-09-30": "1248.40000", "2007-06-30": "1279.60000", "2007-03-31": "1269.30000", "2006-12-31": "1285.30000", "2006-09-30": "1330.90000", "2006-06-30": "1330.80000", "2006-03-31": "1340.00000", "2005-12-31": "1337.50000", "2005-09-30": "1368.40000", "2005-06-30": "1376.70000", "2005-03-31": "1377.20000"}, "Total Liabilities": {"2020-12-31": "2260.60000", "2020-09-30": "2232.60000", "2020-06-30": "2374.70000", "2020-03-31": "2600.90000", "2019-12-31": "2263.50000", "2019-09-30": "2236.20000", "2019-06-30": "2503.50000", "2019-03-31": "2808.00000", "2018-12-31": "2708.90000", "2018-09-30": "2663.90000", "2018-06-30": "1935.70000", "2018-03-31": "1923.80000", "2017-12-31": "1875.30000", "2017-09-30": "1829.10000", "2017-06-30": "1835.90000", "2017-03-31": "1800.30000", "2016-12-31": "1844.60000", "2016-09-30": "1806.50000", "2016-06-30": "1855.40000", "2016-03-31": "1817.40000", "2015-12-31": "1871.20000", "2015-09-30": "1837.90000", "2015-06-30": "1836.80000", "2015-03-31": "1832.80000", "2014-12-31": "1959.00000", "2014-09-30": "1785.90000", "2014-06-30": "1844.10000", "2014-03-31": "1852.40000", "2013-12-31": "1877.40000", "2013-09-30": "2127.60000", "2013-06-30": "2177.20000", "2013-03-31": "2313.50000", "2012-12-31": "2346.50000", "2012-09-30": "2322.10000", "2012-06-30": "2413.10000", "2012-03-31": "2449.60000", "2011-12-31": "2463.30000", "2011-09-30": "2388.40000", "2011-06-30": "2581.60000", "2011-03-31": "2600.00000", "2010-12-31": "2607.60000", "2010-09-30": "2514.60000", "2010-06-30": "2542.50000", "2010-03-31": "2566.40000", "2009-12-31": "2499.10000", "2009-09-30": "2544.60000", "2009-06-30": "2453.60000", "2009-03-31": "2389.30000", "2008-12-31": "2494.00000", "2008-09-30": "2287.30000", "2008-06-30": "2419.90000", "2008-03-31": "2494.40000", "2007-12-31": "2472.70000", "2007-09-30": "2568.10000", "2007-06-30": "2564.10000", "2007-03-31": "2516.70000", "2006-12-31": "2578.50000", "2006-09-30": "2796.10000", "2006-06-30": "2589.90000", "2006-03-31": "2559.80000", "2005-12-31": "2642.70000", "2005-09-30": "2624.70000", "2005-06-30": "2626.00000", "2005-03-31": "2549.40000"}, "Common Stock Net": {"2020-12-31": "", "2020-09-30": "76.90000", "2020-06-30": "76.90000", "2020-03-31": "76.90000", "2019-12-31": "76.90000", "2019-09-30": "76.90000", "2019-06-30": "76.90000", "2019-03-31": "76.90000", "2018-12-31": "76.90000", "2018-09-30": "76.90000", "2018-06-30": "76.90000", "2018-03-31": "76.90000", "2017-12-31": "76.90000", "2017-09-30": "76.90000", "2017-06-30": "76.90000", "2017-03-31": "76.90000", "2016-12-31": "76.90000", "2016-09-30": "76.90000", "2016-06-30": "76.90000", "2016-03-31": "76.90000", "2015-12-31": "76.90000", "2015-09-30": "76.90000", "2015-06-30": "76.90000", "2015-03-31": "76.90000", "2014-12-31": "76.90000", "2014-09-30": "76.90000", "2014-06-30": "76.90000", "2014-03-31": "76.90000", "2013-12-31": "76.90000", "2013-09-30": "76.90000", "2013-06-30": "76.90000", "2013-03-31": "76.90000", "2012-12-31": "76.90000", "2012-09-30": "76.90000", "2012-06-30": "76.90000", "2012-03-31": "76.90000", "2011-12-31": "76.90000", "2011-09-30": "76.90000", "2011-06-30": "76.90000", "2011-03-31": "76.90000", "2010-12-31": "76.90000", "2010-09-30": "76.90000", "2010-06-30": "76.90000", "2010-03-31": "76.90000", "2009-12-31": "76.90000", "2009-09-30": "76.90000", "2009-06-30": "76.90000", "2009-03-31": "76.90000", "2008-12-31": "76.90000", "2008-09-30": "76.90000", "2008-06-30": "76.90000", "2008-03-31": "76.90000", "2007-12-31": "76.90000", "2007-09-30": "76.90000", "2007-06-30": "76.90000", "2007-03-31": "76.90000", "2006-12-31": "76.90000", "2006-09-30": "76.90000", "2006-06-30": "76.90000", "2006-03-31": "76.90000", "2005-12-31": "76.90000", "2005-09-30": "76.90000", "2005-06-30": "76.90000", "2005-03-31": "76.90000"}, "Retained Earnings (Accumulated Deficit)": {"2020-12-31": "", "2020-09-30": "2151.70000", "2020-06-30": "2032.80000", "2020-03-31": "1981.10000", "2019-12-31": "1931.30000", "2019-09-30": "1883.50000", "2019-06-30": "2140.50000", "2019-03-31": "2081.10000", "2018-12-31": "2135.70000", "2018-09-30": "2110.50000", "2018-06-30": "2056.90000", "2018-03-31": "1994.40000", "2017-12-31": "1966.80000", "2017-09-30": "2100.20000", "2017-06-30": "2035.90000", "2017-03-31": "1931.10000", "2016-12-31": "1881.00000", "2016-09-30": "1878.00000", "2016-06-30": "1806.20000", "2016-03-31": "1711.70000", "2015-12-31": "1660.40000", "2015-09-30": "1683.30000", "2015-06-30": "1619.00000", "2015-03-31": "1512.70000", "2014-12-31": "1467.30000", "2014-09-30": "1483.20000", "2014-06-30": "1390.30000", "2014-03-31": "1311.10000", "2013-12-31": "1263.30000", "2013-09-30": "691.20000", "2013-06-30": "633.40000", "2013-03-31": "553.00000", "2012-12-31": "503.20000", "2012-09-30": "583.00000", "2012-06-30": "580.90000", "2012-03-31": "497.40000", "2011-12-31": "457.70000", "2011-09-30": "491.80000", "2011-06-30": "487.10000", "2011-03-31": "417.80000", "2010-12-31": "390.30000", "2010-09-30": "498.70000", "2010-06-30": "506.00000", "2010-03-31": "492.30000", "2009-12-31": "505.30000", "2009-09-30": "633.70000", "2009-06-30": "748.00000", "2009-03-31": "911.70000", "2008-12-31": "1095.90000", "2008-09-30": "1166.60000", "2008-06-30": "1895.70000", "2008-03-31": "1901.70000", "2007-12-31": "1888.40000", "2007-09-30": "1934.20000", "2007-06-30": "1932.30000", "2007-03-31": "1875.00000", "2006-12-31": "1820.70000", "2006-09-30": "1928.90000", "2006-06-30": "1892.40000", "2006-03-31": "1809.20000", "2005-12-31": "1741.80000", "2005-09-30": "1710.80000", "2005-06-30": "1622.40000", "2005-03-31": "1508.30000"}, "Comprehensive Income": {"2020-12-31": "", "2020-09-30": "-51.90000", "2020-06-30": "-60.60000", "2020-03-31": "-61.30000", "2019-12-31": "-53.40000", "2019-09-30": "-53.30000", "2019-06-30": "-346.50000", "2019-03-31": "-362.10000", "2018-12-31": "", "2018-09-30": "-356.70000", "2018-06-30": "-359.20000", "2018-03-31": "-348.80000", "2017-12-31": "", "2017-09-30": "-412.00000", "2017-06-30": "-423.70000", "2017-03-31": "-427.40000", "2016-12-31": "", "2016-09-30": "-460.00000", "2016-06-30": "-463.30000", "2016-03-31": "-465.90000", "2015-12-31": "", "2015-09-30": "-502.80000", "2015-06-30": "-497.90000", "2015-03-31": "-491.80000", "2014-12-31": "", "2014-09-30": "-403.30000", "2014-06-30": "-396.60000", "2014-03-31": "-400.00000", "2013-12-31": "", "2013-09-30": "-551.50000", "2013-06-30": "-561.60000", "2013-03-31": "-558.20000", "2012-12-31": "", "2012-09-30": "-523.00000", "2012-06-30": "-544.10000", "2012-03-31": "-532.50000", "2011-12-31": "", "2011-09-30": "-413.30000", "2011-06-30": "-384.40000", "2011-03-31": "-397.80000", "2010-12-31": "", "2010-09-30": "-373.90000", "2010-06-30": "-393.50000", "2010-03-31": "-383.00000", "2009-12-31": "", "2009-09-30": "-374.10000", "2009-06-30": "-396.70000", "2009-03-31": "-430.80000", "2008-12-31": "", "2008-09-30": "-54.00000", "2008-06-30": "-33.60000", "2008-03-31": "-43.20000", "2007-12-31": "", "2007-09-30": "-75.30000", "2007-06-30": "-82.70000", "2007-03-31": "-90.80000", "2006-12-31": "", "2006-09-30": "0.00000", "2006-06-30": "-55.00000", "2006-03-31": "-64.30000", "2005-12-31": "", "2005-09-30": "-78.60000", "2005-06-30": "-79.20000", "2005-03-31": "-74.80000"}, "Other Share Holders Equity": {"2020-12-31": "", "2020-09-30": "", "2020-06-30": "", "2020-03-31": "", "2019-12-31": "", "2019-09-30": "", "2019-06-30": "", "2019-03-31": "", "2018-12-31": "-363.10000", "2018-09-30": "", "2018-06-30": "", "2018-03-31": "", "2017-12-31": "-359.80000", "2017-09-30": "", "2017-06-30": "", "2017-03-31": "", "2016-12-31": "-434.60000", "2016-09-30": "", "2016-06-30": "", "2016-03-31": "", "2015-12-31": "-474.10000", "2015-09-30": "", "2015-06-30": "", "2015-03-31": "", "2014-12-31": "-480.50000", "2014-09-30": "", "2014-06-30": "", "2014-03-31": "", "2013-12-31": "-401.50000", "2013-09-30": "", "2013-06-30": "", "2013-03-31": "", "2012-12-31": "-555.10000", "2012-09-30": "", "2012-06-30": "", "2012-03-31": "", "2011-12-31": "-540.80000", "2011-09-30": "", "2011-06-30": "", "2011-03-31": "", "2010-12-31": "-415.50000", "2010-09-30": "", "2010-06-30": "", "2010-03-31": "", "2009-12-31": "-374.80000", "2009-09-30": "", "2009-06-30": "", "2009-03-31": "", "2008-12-31": "-432.30000", "2008-09-30": "", "2008-06-30": "", "2008-03-31": "", "2007-12-31": "-52.70000", "2007-09-30": "", "2007-06-30": "", "2007-03-31": "", "2006-12-31": "-89.00000", "2006-09-30": "", "2006-06-30": "", "2006-03-31": "", "2005-12-31": "-66.10000", "2005-09-30": "", "2005-06-30": "", "2005-03-31": ""}, "Share Holder Equity": {"2020-12-31": "1510.00000", "2020-09-30": "1458.20000", "2020-06-30": "1364.40000", "2020-03-31": "1303.70000", "2019-12-31": "1300.90000", "2019-09-30": "1418.20000", "2019-06-30": "1537.30000", "2019-03-31": "1526.90000", "2018-12-31": "1582.60000", "2018-09-30": "1558.10000", "2018-06-30": "1501.00000", "2018-03-31": "1480.80000", "2017-12-31": "1482.90000", "2017-09-30": "1570.10000", "2017-06-30": "1547.80000", "2017-03-31": "1473.60000", "2016-12-31": "1440.10000", "2016-09-30": "1434.70000", "2016-06-30": "1388.20000", "2016-03-31": "1305.30000", "2015-12-31": "1281.30000", "2015-09-30": "1289.10000", "2015-06-30": "1263.50000", "2015-03-31": "1197.20000", "2014-12-31": "1171.50000", "2014-09-30": "1279.20000", "2014-06-30": "1186.70000", "2014-03-31": "1093.30000", "2013-12-31": "1038.40000", "2013-09-30": "289.30000", "2013-06-30": "213.50000", "2013-03-31": "130.60000", "2012-12-31": "77.70000", "2012-09-30": "185.80000", "2012-06-30": "158.40000", "2012-03-31": "82.40000", "2011-12-31": "30.90000", "2011-09-30": "189.40000", "2011-06-30": "210.40000", "2011-03-31": "123.40000", "2010-12-31": "70.40000", "2010-09-30": "217.10000", "2010-06-30": "200.90000", "2010-03-31": "191.70000", "2009-12-31": "210.30000", "2009-09-30": "335.80000", "2009-06-30": "420.80000", "2009-03-31": "547.30000", "2008-12-31": "729.90000", "2008-09-30": "1178.60000", "2008-06-30": "1925.20000", "2008-03-31": "1917.00000", "2007-12-31": "1892.90000", "2007-09-30": "1903.40000", "2007-06-30": "1920.00000", "2007-03-31": "1897.90000", "2006-12-31": "1871.80000", "2006-09-30": "2038.60000", "2006-06-30": "2043.50000", "2006-03-31": "1994.90000", "2005-12-31": "1978.80000", "2005-09-30": "1993.80000", "2005-06-30": "1910.80000", "2005-03-31": "1793.00000"}, "Total Liabilities And Share Holders Equity": {"2020-12-31": "3770.60000", "2020-09-30": "3690.80000", "2020-06-30": "3739.10000", "2020-03-31": "3904.60000", "2019-12-31": "3564.40000", "2019-09-30": "3654.40000", "2019-06-30": "4040.80000", "2019-03-31": "4334.90000", "2018-12-31": "4291.50000", "2018-09-30": "4222.00000", "2018-06-30": "3436.70000", "2018-03-31": "3404.60000", "2017-12-31": "3358.20000", "2017-09-30": "3399.20000", "2017-06-30": "3383.70000", "2017-03-31": "3273.90000", "2016-12-31": "3284.70000", "2016-09-30": "3241.20000", "2016-06-30": "3243.60000", "2016-03-31": "3122.70000", "2015-12-31": "3152.50000", "2015-09-30": "3127.00000", "2015-06-30": "3100.30000", "2015-03-31": "3030.00000", "2014-12-31": "3130.50000", "2014-09-30": "3065.10000", "2014-06-30": "3030.80000", "2014-03-31": "2945.70000", "2013-12-31": "2915.80000", "2013-09-30": "2416.90000", "2013-06-30": "2390.70000", "2013-03-31": "2444.10000", "2012-12-31": "2424.20000", "2012-09-30": "2507.90000", "2012-06-30": "2571.50000", "2012-03-31": "2532.00000", "2011-12-31": "2494.20000", "2011-09-30": "2577.80000", "2011-06-30": "2792.00000", "2011-03-31": "2723.40000", "2010-12-31": "2678.00000", "2010-09-30": "2731.70000", "2010-06-30": "2743.40000", "2010-03-31": "2758.10000", "2009-12-31": "2709.40000", "2009-09-30": "2880.40000", "2009-06-30": "2874.40000", "2009-03-31": "2936.60000", "2008-12-31": "3223.90000", "2008-09-30": "3465.90000", "2008-06-30": "4345.10000", "2008-03-31": "4411.40000", "2007-12-31": "4365.60000", "2007-09-30": "4471.50000", "2007-06-30": "4484.10000", "2007-03-31": "4414.60000", "2006-12-31": "4450.30000", "2006-09-30": "4834.70000", "2006-06-30": "4633.40000", "2006-03-31": "4554.70000", "2005-12-31": "4621.50000", "2005-09-30": "4618.50000", "2005-06-30": "4536.80000", "2005-03-31": "4342.40000"}}, "cash flow statement": {"Net Income/Loss": {"2020-12-31": "372.70000", "2019-12-31": "-131.00000", "2018-12-31": "265.30000", "2017-12-31": "146.40000", "2016-12-31": "276.00000", "2015-12-31": "241.40000", "2014-12-31": "245.70000", "2013-12-31": "769.20000", "2012-12-31": "50.00000", "2011-12-31": "71.90000", "2010-12-31": "-64.00000", "2009-12-31": "-586.20000", "2008-12-31": "-788.10000", "2007-12-31": "111.60000", "2006-12-31": "263.20000", "2005-12-31": "371.10000"}, "Total Depreciation And Amortization - Cash Flow": {"2020-12-31": "153.40000", "2019-12-31": "138.70000", "2018-12-31": "124.00000", "2017-12-31": "87.10000", "2016-12-31": "103.90000", "2015-12-31": "77.10000", "2014-12-31": "81.20000", "2013-12-31": "71.40000", "2012-12-31": "72.90000", "2011-12-31": "99.40000", "2010-12-31": "123.90000", "2009-12-31": "157.30000", "2008-12-31": "741.50000", "2007-12-31": "246.90000", "2006-12-31": "167.30000", "2005-12-31": "156.30000"}, "Other Non-Cash Items": {"2020-12-31": "8.10000", "2019-12-31": "384.10000", "2018-12-31": "-25.70000", "2017-12-31": "225.00000", "2016-12-31": "70.80000", "2015-12-31": "69.00000", "2014-12-31": "-22.10000", "2013-12-31": "-645.20000", "2012-12-31": "77.10000", "2011-12-31": "-62.50000", "2010-12-31": "52.00000", "2009-12-31": "124.50000", "2008-12-31": "281.10000", "2007-12-31": "-95.80000", "2006-12-31": "-65.70000", "2005-12-31": "11.30000"}, "Total Non-Cash Items": {"2020-12-31": "161.50000", "2019-12-31": "522.80000", "2018-12-31": "98.30000", "2017-12-31": "312.10000", "2016-12-31": "174.70000", "2015-12-31": "146.10000", "2014-12-31": "59.10000", "2013-12-31": "-573.80000", "2012-12-31": "150.00000", "2011-12-31": "36.90000", "2010-12-31": "175.90000", "2009-12-31": "281.80000", "2008-12-31": "1022.60000", "2007-12-31": "151.10000", "2006-12-31": "101.60000", "2005-12-31": "167.60000"}, "Change In Accounts Receivable": {"2020-12-31": "", "2019-12-31": "41.40000", "2018-12-31": "-30.20000", "2017-12-31": "-30.70000", "2016-12-31": "-1.10000", "2015-12-31": "-11.40000", "2014-12-31": "-24.00000", "2013-12-31": "-14.50000", "2012-12-31": "-18.10000", "2011-12-31": "-2.00000", "2010-12-31": "-4.80000", "2009-12-31": "75.70000", "2008-12-31": "91.10000", "2007-12-31": "-56.60000", "2006-12-31": "-4.30000", "2005-12-31": "-9.50000"}, "Change In Inventories": {"2020-12-31": "", "2019-12-31": "-50.50000", "2018-12-31": "-82.40000", "2017-12-31": "-29.90000", "2016-12-31": "-48.20000", "2015-12-31": "-9.60000", "2014-12-31": "-57.10000", "2013-12-31": "-22.10000", "2012-12-31": "-71.80000", "2011-12-31": "-32.10000", "2010-12-31": "-65.30000", "2009-12-31": "325.10000", "2008-12-31": "81.70000", "2007-12-31": "-42.90000", "2006-12-31": "-28.70000", "2005-12-31": "-22.80000"}, "Change In Accounts Payable": {"2020-12-31": "", "2019-12-31": "-32.70000", "2018-12-31": "61.40000", "2017-12-31": "21.70000", "2016-12-31": "39.20000", "2015-12-31": "5.30000", "2014-12-31": "13.00000", "2013-12-31": "-16.20000", "2012-12-31": "55.90000", "2011-12-31": "0.90000", "2010-12-31": "17.80000", "2009-12-31": "-39.90000", "2008-12-31": "-135.00000", "2007-12-31": "-13.50000", "2006-12-31": "9.50000", "2005-12-31": "29.70000"}, "Change In Assets/Liabilities": {"2020-12-31": "238.70000", "2019-12-31": "9.70000", "2018-12-31": "-1.00000", "2017-12-31": "12.00000", "2016-12-31": "10.80000", "2015-12-31": "0.90000", "2014-12-31": "-4.30000", "2013-12-31": "-1.80000", "2012-12-31": "0.60000", "2011-12-31": "-1.20000", "2010-12-31": "5.90000", "2009-12-31": "12.50000", "2008-12-31": "-2.30000", "2007-12-31": "3.30000", "2006-12-31": "0.80000", "2005-12-31": "0.90000"}, "Total Change In Assets/Liabilities": {"2020-12-31": "244.80000", "2019-12-31": "37.60000", "2018-12-31": "-29.70000", "2017-12-31": "-61.40000", "2016-12-31": "0.10000", "2015-12-31": "-38.90000", "2014-12-31": "-67.50000", "2013-12-31": "-38.50000", "2012-12-31": "-73.20000", "2011-12-31": "-41.20000", "2010-12-31": "80.80000", "2009-12-31": "407.80000", "2008-12-31": "-204.80000", "2007-12-31": "43.60000", "2006-12-31": "-88.30000", "2005-12-31": "-56.70000"}, "Cash Flow From Operating Activities": {"2020-12-31": "798.30000", "2019-12-31": "434.20000", "2018-12-31": "337.00000", "2017-12-31": "400.30000", "2016-12-31": "435.30000", "2015-12-31": "330.50000", "2014-12-31": "248.20000", "2013-12-31": "174.30000", "2012-12-31": "160.70000", "2011-12-31": "89.10000", "2010-12-31": "205.40000", "2009-12-31": "125.50000", "2008-12-31": "-12.10000", "2007-12-31": "314.30000", "2006-12-31": "315.30000", "2005-12-31": "432.90000"}, "Net Change In Property, Plant, And Equipment": {"2020-12-31": "-179.50000", "2019-12-31": "-225.30000", "2018-12-31": "-179.80000", "2017-12-31": "-170.10000", "2016-12-31": "-192.00000", "2015-12-31": "-111.70000", "2014-12-31": "-119.00000", "2013-12-31": "-109.60000", "2012-12-31": "-79.40000", "2011-12-31": "-56.60000", "2010-12-31": "-46.90000", "2009-12-31": "-20.30000", "2008-12-31": "-73.70000", "2007-12-31": "-197.60000", "2006-12-31": "-197.90000", "2005-12-31": "-210.40000"}, "Net Change In Intangible Assets": {"2020-12-31": "", "2019-12-31": "", "2018-12-31": "", "2017-12-31": "", "2016-12-31": "", "2015-12-31": "", "2014-12-31": "", "2013-12-31": "", "2012-12-31": "", "2011-12-31": "", "2010-12-31": "", "2009-12-31": "", "2008-12-31": "", "2007-12-31": "", "2006-12-31": "", "2005-12-31": ""}, "Net Acquisitions/Divestitures": {"2020-12-31": "", "2019-12-31": "-64.10000", "2018-12-31": "-909.60000", "2017-12-31": "-15.50000", "2016-12-31": "-276.10000", "2015-12-31": "-29.70000", "2014-12-31": "-41.50000", "2013-12-31": "", "2012-12-31": "", "2011-12-31": "", "2010-12-31": "", "2009-12-31": "", "2008-12-31": "", "2007-12-31": "-6.20000", "2006-12-31": "-86.20000", "2005-12-31": "-130.30000"}, "Net Change In Short-term Investments": {"2020-12-31": "-55.90000", "2019-12-31": "", "2018-12-31": "", "2017-12-31": "35.00000", "2016-12-31": "-24.30000", "2015-12-31": "71.70000", "2014-12-31": "-70.50000", "2013-12-31": "131.00000", "2012-12-31": "21.80000", "2011-12-31": "-67.50000", "2010-12-31": "-105.80000", "2009-12-31": "0.00000", "2008-12-31": "", "2007-12-31": "", "2006-12-31": "", "2005-12-31": ""}, "Net Change In Long-Term Investments": {"2020-12-31": "-4.00000", "2019-12-31": "2.40000", "2018-12-31": "-8.80000", "2017-12-31": "-3.20000", "2016-12-31": "5.10000", "2015-12-31": "0.90000", "2014-12-31": "0.20000", "2013-12-31": "-1.50000", "2012-12-31": "1.70000", "2011-12-31": "-0.90000", "2010-12-31": "-7.20000", "2009-12-31": "6.20000", "2008-12-31": "65.50000", "2007-12-31": "4.10000", "2006-12-31": "6.10000", "2005-12-31": "39.80000"}, "Net Change In Investments - Total": {"2020-12-31": "-59.90000", "2019-12-31": "2.40000", "2018-12-31": "-8.80000", "2017-12-31": "31.80000", "2016-12-31": "-19.20000", "2015-12-31": "72.60000", "2014-12-31": "-70.30000", "2013-12-31": "129.50000", "2012-12-31": "23.50000", "2011-12-31": "-68.40000", "2010-12-31": "-113.00000", "2009-12-31": "6.20000", "2008-12-31": "65.50000", "2007-12-31": "4.10000", "2006-12-31": "6.10000", "2005-12-31": "39.80000"}, "Investing Activities - Other": {"2020-12-31": "-7.50000", "2019-12-31": "481.70000", "2018-12-31": "-9.10000", "2017-12-31": "-25.10000", "2016-12-31": "1.30000", "2015-12-31": "26.10000", "2014-12-31": "251.10000", "2013-12-31": "-1.30000", "2012-12-31": "-10.20000", "2011-12-31": "-9.40000", "2010-12-31": "4.70000", "2009-12-31": "1.80000", "2008-12-31": "17.20000", "2007-12-31": "101.20000", "2006-12-31": "-5.90000", "2005-12-31": "-21.90000"}, "Cash Flow From Investing Activities": {"2020-12-31": "-246.90000", "2019-12-31": "194.70000", "2018-12-31": "-1107.30000", "2017-12-31": "-178.90000", "2016-12-31": "-486.00000", "2015-12-31": "-42.70000", "2014-12-31": "20.30000", "2013-12-31": "18.60000", "2012-12-31": "-66.10000", "2011-12-31": "-134.40000", "2010-12-31": "-155.20000", "2009-12-31": "-12.30000", "2008-12-31": "9.00000", "2007-12-31": "-98.50000", "2006-12-31": "-283.90000", "2005-12-31": "-322.80000"}, "Net Long-Term Debt": {"2020-12-31": "-159.10000", "2019-12-31": "-117.40000", "2018-12-31": "782.00000", "2017-12-31": "-3.00000", "2016-12-31": "-2.20000", "2015-12-31": "-3.00000", "2014-12-31": "-4.80000", "2013-12-31": "-115.80000", "2012-12-31": "-131.80000", "2011-12-31": "-146.00000", "2010-12-31": "-8.10000", "2009-12-31": "105.80000", "2008-12-31": "1.00000", "2007-12-31": "-0.20000", "2006-12-31": "-0.80000", "2005-12-31": "-5.40000"}, "Net Current Debt": {"2020-12-31": "", "2019-12-31": "", "2018-12-31": "-1.10000", "2017-12-31": "", "2016-12-31": "", "2015-12-31": "", "2014-12-31": "", "2013-12-31": "-26.30000", "2012-12-31": "-13.90000", "2011-12-31": "-16.80000", "2010-12-31": "-14.20000", "2009-12-31": "-5.50000", "2008-12-31": "-7.40000", "2007-12-31": "", "2006-12-31": "-0.20000", "2005-12-31": "-0.60000"}, "Debt Issuance/Retirement Net - Total": {"2020-12-31": "-159.10000", "2019-12-31": "-117.40000", "2018-12-31": "780.90000", "2017-12-31": "-3.00000", "2016-12-31": "-2.20000", "2015-12-31": "-3.00000", "2014-12-31": "-4.80000", "2013-12-31": "-142.10000", "2012-12-31": "-145.70000", "2011-12-31": "-162.80000", "2010-12-31": "-22.30000", "2009-12-31": "100.30000", "2008-12-31": "-6.40000", "2007-12-31": "-0.20000", "2006-12-31": "-1.00000", "2005-12-31": "-6.00000"}, "Net Common Equity Issued/Repurchased": {"2020-12-31": "-116.80000", "2019-12-31": "-397.20000", "2018-12-31": "-73.60000", "2017-12-31": "-123.80000", "2016-12-31": "-105.40000", "2015-12-31": "-115.50000", "2014-12-31": "-9.30000", "2013-12-31": "46.90000", "2012-12-31": "-3.60000", "2011-12-31": "4.00000", "2010-12-31": "1.30000", "2009-12-31": "", "2008-12-31": "", "2007-12-31": "-115.00000", "2006-12-31": "-179.70000", "2005-12-31": "-58.90000"}, "Net Total Equity Issued/Repurchased": {"2020-12-31": "-116.80000", "2019-12-31": "-397.20000", "2018-12-31": "-73.60000", "2017-12-31": "-123.80000", "2016-12-31": "-105.40000", "2015-12-31": "-115.50000", "2014-12-31": "-9.30000", "2013-12-31": "46.90000", "2012-12-31": "-3.60000", "2011-12-31": "4.00000", "2010-12-31": "1.30000", "2009-12-31": "", "2008-12-31": "", "2007-12-31": "-115.00000", "2006-12-31": "-179.70000", "2005-12-31": "-58.90000"}, "Total Common And Preferred Stock Dividends Paid": {"2020-12-31": "-78.30000", "2019-12-31": "-73.40000", "2018-12-31": "-67.80000", "2017-12-31": "-60.60000", "2016-12-31": "-55.40000", "2015-12-31": "-48.30000", "2014-12-31": "-41.70000", "2013-12-31": "-9.10000", "2012-12-31": "-4.50000", "2011-12-31": "-4.50000", "2010-12-31": "-4.40000", "2009-12-31": "-4.40000", "2008-12-31": "-4.40000", "2007-12-31": "-52.60000", "2006-12-31": "-55.00000", "2005-12-31": "-57.30000"}, "Financial Activities - Other": {"2020-12-31": "-7.60000", "2019-12-31": "-12.80000", "2018-12-31": "-19.00000", "2017-12-31": "-16.30000", "2016-12-31": "-22.80000", "2015-12-31": "-3.70000", "2014-12-31": "-4.90000", "2013-12-31": "-12.20000", "2012-12-31": "5.30000", "2011-12-31": "-4.60000", "2010-12-31": "0.00000", "2009-12-31": "", "2008-12-31": "", "2007-12-31": "", "2006-12-31": "", "2005-12-31": ""}, "Cash Flow From Financial Activities": {"2020-12-31": "-361.80000", "2019-12-31": "-600.80000", "2018-12-31": "620.50000", "2017-12-31": "-203.70000", "2016-12-31": "-185.80000", "2015-12-31": "-170.50000", "2014-12-31": "-60.70000", "2013-12-31": "-116.50000", "2012-12-31": "-148.50000", "2011-12-31": "-167.90000", "2010-12-31": "-25.40000", "2009-12-31": "95.90000", "2008-12-31": "-10.80000", "2007-12-31": "-167.80000", "2006-12-31": "-235.70000", "2005-12-31": "-122.20000"}, "Net Cash Flow": {"2020-12-31": "209.10000", "2019-12-31": "16.90000", "2018-12-31": "-163.80000", "2017-12-31": "15.20000", "2016-12-31": "-247.60000", "2015-12-31": "89.00000", "2014-12-31": "196.20000", "2013-12-31": "72.20000", "2012-12-31": "-53.90000", "2011-12-31": "-213.20000", "2010-12-31": "24.80000", "2009-12-31": "209.10000", "2008-12-31": "-13.90000", "2007-12-31": "48.00000", "2006-12-31": "-204.30000", "2005-12-31": "-12.10000"}, "Stock-Based Compensation": {"2020-12-31": "27.10000", "2019-12-31": "17.30000", "2018-12-31": "16.70000", "2017-12-31": "15.90000", "2016-12-31": "16.10000", "2015-12-31": "20.80000", "2014-12-31": "", "2013-12-31": "", "2012-12-31": "", "2011-12-31": "", "2010-12-31": "", "2009-12-31": "", "2008-12-31": "", "2007-12-31": "", "2006-12-31": "", "2005-12-31": ""}, "Common Stock Dividends Paid": {"2020-12-31": "-78.30000", "2019-12-31": "-73.40000", "2018-12-31": "-67.80000", "2017-12-31": "-60.60000", "2016-12-31": "-55.40000", "2015-12-31": "-48.30000", "2014-12-31": "-41.70000", "2013-12-31": "-9.10000", "2012-12-31": "-4.50000", "2011-12-31": "-4.50000", "2010-12-31": "-4.40000", "2009-12-31": "-4.40000", "2008-12-31": "-4.40000", "2007-12-31": "-52.60000", "2006-12-31": "-55.00000", "2005-12-31": "-57.30000"}}, "cash flow statement, quarterly": {"Net Income/Loss": {"2020-12-31": 95.1, "2020-09-30": 137.9, "2020-06-30": 70.7, "2020-03-31": "69.00000", "2019-12-31": 67.1, "2019-09-30": -239.3, "2019-06-30": 77.5, "2019-03-31": "-36.30000", "2018-12-31": 43.4, "2018-09-30": 70, "2018-06-30": 79, "2018-03-31": "72.90000", "2017-12-31": -116.9, "2017-09-30": 79, "2017-06-30": 119.4, "2017-03-31": "64.90000", "2016-12-31": 17.7, "2016-09-30": 85.4, "2016-06-30": 108.1, "2016-03-31": "64.80000", "2015-12-31": -9.3, "2015-09-30": 75.9, "2015-06-30": 117.8, "2015-03-31": "57.00000", "2014-12-31": -4.3, "2014-09-30": 104.4, "2014-06-30": 88.6, "2014-03-31": "57.00000", "2013-12-31": 581.2, "2013-09-30": 57.8, "2013-06-30": 80.4, "2013-03-31": "49.80000", "2012-12-31": -75.3, "2012-09-30": 2, "2012-06-30": 76.3, "2012-03-31": "47.00000", "2011-12-31": -29.6, "2011-09-30": 4.7, "2011-06-30": 69.3, "2011-03-31": "27.50000", "2010-12-31": -57.5, "2010-09-30": -7.2, "2010-06-30": 13.7, "2010-03-31": "-13.00000", "2009-12-31": -124, "2009-09-30": -114.3, "2009-06-30": -163.7, "2009-03-31": "-184.20000", "2008-12-31": -66.3, "2008-09-30": -729.1, "2008-06-30": -6, "2008-03-31": "13.30000", "2007-12-31": 6.8, "2007-09-30": 1.9, "2007-06-30": 57.3, "2007-03-31": "45.60000", "2006-12-31": 44.2, "2006-09-30": 50.4, "2006-06-30": 94.5, "2006-03-31": "74.10000", "2005-12-31": 83.7, "2005-09-30": 82.4, "2005-06-30": 110.4, "2005-03-31": "94.60000"}, "Total Depreciation And Amortization - Cash Flow": {"2020-12-31": 42.9, "2020-09-30": 38.3, "2020-06-30": 37, "2020-03-31": "35.20000", "2019-12-31": 37.2, "2019-09-30": 35.1, "2019-06-30": 33.3, "2019-03-31": "33.10000", "2018-12-31": 38.5, "2018-09-30": 35.6, "2018-06-30": 22.1, "2018-03-31": "27.80000", "2017-12-31": 3.9, "2017-09-30": 28, "2017-06-30": 31.6, "2017-03-31": "23.60000", "2016-12-31": 26.9, "2016-09-30": 26.4, "2016-06-30": 25.2, "2016-03-31": "25.40000", "2015-12-31": 10.8, "2015-09-30": 22.5, "2015-06-30": 21.9, "2015-03-31": "21.90000", "2014-12-31": 22.8, "2014-09-30": 20.9, "2014-06-30": 19.5, "2014-03-31": "18.00000", "2013-12-31": 18.7, "2013-09-30": 9.6, "2013-06-30": 21.5, "2013-03-31": "21.60000", "2012-12-31": 5.2, "2012-09-30": 22.5, "2012-06-30": 22.5, "2012-03-31": "22.70000", "2011-12-31": 20.1, "2011-09-30": 25.4, "2011-06-30": 25.5, "2011-03-31": "28.40000", "2010-12-31": 25.4, "2010-09-30": 30.8, "2010-06-30": 32.6, "2010-03-31": "35.10000", "2009-12-31": 37.5, "2009-09-30": 39.2, "2009-06-30": 39, "2009-03-31": "41.60000", "2008-12-31": 231.2, "2008-09-30": 419.8, "2008-06-30": 46.2, "2008-03-31": "44.30000", "2007-12-31": 116.7, "2007-09-30": 45.4, "2007-06-30": 43.8, "2007-03-31": "41.00000", "2006-12-31": 44.2, "2006-09-30": 41.4, "2006-06-30": 41, "2006-03-31": "40.70000", "2005-12-31": 42, "2005-09-30": 38.4, "2005-06-30": 37.5, "2005-03-31": "38.40000"}, "Other Non-Cash Items": {"2020-12-31": -40.5, "2020-09-30": 23.6, "2020-06-30": 8.6, "2020-03-31": "16.40000", "2019-12-31": -26.1, "2019-09-30": 230.8, "2019-06-30": 59.9, "2019-03-31": "119.50000", "2018-12-31": 25.1, "2018-09-30": -76.5, "2018-06-30": 2.9, "2018-03-31": "22.80000", "2017-12-31": 202.1, "2017-09-30": 9.8, "2017-06-30": 40.4, "2017-03-31": "-27.30000", "2016-12-31": 66.1, "2016-09-30": -12.6, "2016-06-30": 34.8, "2016-03-31": "-17.50000", "2015-12-31": 94.5, "2015-09-30": 22.3, "2015-06-30": 4.6, "2015-03-31": "-52.40000", "2014-12-31": 31.1, "2014-09-30": -95.4, "2014-06-30": 13, "2014-03-31": "29.20000", "2013-12-31": -617.2, "2013-09-30": -24.4, "2013-06-30": 13.1, "2013-03-31": "-16.70000", "2012-12-31": 64.9, "2012-09-30": 20.8, "2012-06-30": -5.9, "2012-03-31": "-2.70000", "2011-12-31": -64.6, "2011-09-30": -3.2, "2011-06-30": -2.2, "2011-03-31": "7.50000", "2010-12-31": 8.9, "2010-09-30": 4.9, "2010-06-30": 27.6, "2010-03-31": "10.60000", "2009-12-31": 52, "2009-09-30": -7.8, "2009-06-30": 41.3, "2009-03-31": "39.00000", "2008-12-31": 78.3, "2008-09-30": 159.5, "2008-06-30": 25.5, "2008-03-31": "17.80000", "2007-12-31": -106, "2007-09-30": 48.7, "2007-06-30": -4.6, "2007-03-31": "-33.90000", "2006-12-31": -27.5, "2006-09-30": -5.5, "2006-06-30": -15.8, "2006-03-31": "-16.90000", "2005-12-31": -1.8, "2005-09-30": 8.2, "2005-06-30": 4.9, "2005-03-31": ""}, "Total Non-Cash Items": {"2020-12-31": 2.4, "2020-09-30": 61.9, "2020-06-30": 45.6, "2020-03-31": "51.60000", "2019-12-31": 11.1, "2019-09-30": 265.9, "2019-06-30": 93.2, "2019-03-31": "152.60000", "2018-12-31": 63.6, "2018-09-30": -40.9, "2018-06-30": 25, "2018-03-31": "50.60000", "2017-12-31": 206, "2017-09-30": 37.8, "2017-06-30": 72, "2017-03-31": "-3.70000", "2016-12-31": 93, "2016-09-30": 13.8, "2016-06-30": 60, "2016-03-31": "7.90000", "2015-12-31": 105.3, "2015-09-30": 44.8, "2015-06-30": 26.5, "2015-03-31": "-30.50000", "2014-12-31": 53.9, "2014-09-30": -74.5, "2014-06-30": 32.5, "2014-03-31": "47.20000", "2013-12-31": -598.5, "2013-09-30": -14.8, "2013-06-30": 34.6, "2013-03-31": "4.90000", "2012-12-31": 70.1, "2012-09-30": 43.3, "2012-06-30": 16.6, "2012-03-31": "20.00000", "2011-12-31": -44.5, "2011-09-30": 22.2, "2011-06-30": 23.3, "2011-03-31": "35.90000", "2010-12-31": 34.3, "2010-09-30": 35.7, "2010-06-30": 60.2, "2010-03-31": "45.70000", "2009-12-31": 89.5, "2009-09-30": 31.4, "2009-06-30": 80.3, "2009-03-31": "80.60000", "2008-12-31": 309.5, "2008-09-30": 579.3, "2008-06-30": 71.7, "2008-03-31": "62.10000", "2007-12-31": 10.7, "2007-09-30": 94.1, "2007-06-30": 39.2, "2007-03-31": "7.10000", "2006-12-31": 16.7, "2006-09-30": 35.9, "2006-06-30": 25.2, "2006-03-31": "23.80000", "2005-12-31": 40.2, "2005-09-30": 46.6, "2005-06-30": 42.4, "2005-03-31": "38.40000"}, "Change In Accounts Receivable": {"2020-12-31": 0, "2020-09-30": 0, "2020-06-30": 0, "2020-03-31": "", "2019-12-31": 41.4, "2019-09-30": 0, "2019-06-30": 0, "2019-03-31": "", "2018-12-31": -30.2, "2018-09-30": 0, "2018-06-30": 0, "2018-03-31": "", "2017-12-31": -30.7, "2017-09-30": 0, "2017-06-30": 0, "2017-03-31": "", "2016-12-31": -1.1, "2016-09-30": 0, "2016-06-30": 0, "2016-03-31": "", "2015-12-31": -11.4, "2015-09-30": 0, "2015-06-30": 0, "2015-03-31": "", "2014-12-31": -24, "2014-09-30": 0, "2014-06-30": 0, "2014-03-31": "", "2013-12-31": -14.5, "2013-09-30": 0, "2013-06-30": 0, "2013-03-31": "", "2012-12-31": -18.1, "2012-09-30": 0, "2012-06-30": 0, "2012-03-31": "", "2011-12-31": -2, "2011-09-30": 0, "2011-06-30": 0, "2011-03-31": "", "2010-12-31": -4.8, "2010-09-30": 0, "2010-06-30": 0, "2010-03-31": "", "2009-12-31": 159.9, "2009-09-30": 0, "2009-06-30": -84.2, "2009-03-31": "", "2008-12-31": 91.1, "2008-09-30": 0, "2008-06-30": 0, "2008-03-31": "", "2007-12-31": -56.6, "2007-09-30": 0, "2007-06-30": 0, "2007-03-31": "", "2006-12-31": -4.3, "2006-09-30": 0, "2006-06-30": 0, "2006-03-31": "", "2005-12-31": -9.5, "2005-09-30": 0, "2005-06-30": 0, "2005-03-31": ""}, "Change In Inventories": {"2020-12-31": 0, "2020-09-30": 0, "2020-06-30": 0, "2020-03-31": "", "2019-12-31": -50.5, "2019-09-30": 0, "2019-06-30": 0, "2019-03-31": "", "2018-12-31": -82.4, "2018-09-30": 0, "2018-06-30": 0, "2018-03-31": "", "2017-12-31": -29.9, "2017-09-30": 0, "2017-06-30": 0, "2017-03-31": "", "2016-12-31": -48.2, "2016-09-30": 0, "2016-06-30": 0, "2016-03-31": "", "2015-12-31": -9.6, "2015-09-30": 0, "2015-06-30": 0, "2015-03-31": "", "2014-12-31": -57.1, "2014-09-30": 0, "2014-06-30": 0, "2014-03-31": "", "2013-12-31": -22.1, "2013-09-30": 0, "2013-06-30": 0, "2013-03-31": "", "2012-12-31": -71.8, "2012-09-30": 0, "2012-06-30": 0, "2012-03-31": "", "2011-12-31": -32.1, "2011-09-30": 0, "2011-06-30": 0, "2011-03-31": "", "2010-12-31": -65.3, "2010-09-30": 0, "2010-06-30": 0, "2010-03-31": "", "2009-12-31": 325.1, "2009-09-30": 0, "2009-06-30": 0, "2009-03-31": "", "2008-12-31": 81.7, "2008-09-30": 0, "2008-06-30": 0, "2008-03-31": "", "2007-12-31": -42.9, "2007-09-30": 0, "2007-06-30": 0, "2007-03-31": "", "2006-12-31": -28.7, "2006-09-30": 0, "2006-06-30": 0, "2006-03-31": "", "2005-12-31": -22.8, "2005-09-30": 0, "2005-06-30": 0, "2005-03-31": ""}, "Change In Accounts Payable": {"2020-12-31": 0, "2020-09-30": 0, "2020-06-30": 0, "2020-03-31": "", "2019-12-31": -32.7, "2019-09-30": 0, "2019-06-30": 0, "2019-03-31": "", "2018-12-31": 61.4, "2018-09-30": 0, "2018-06-30": 0, "2018-03-31": "", "2017-12-31": 21.7, "2017-09-30": 0, "2017-06-30": 0, "2017-03-31": "", "2016-12-31": 39.2, "2016-09-30": 0, "2016-06-30": 0, "2016-03-31": "", "2015-12-31": 5.3, "2015-09-30": 0, "2015-06-30": 0, "2015-03-31": "", "2014-12-31": 13, "2014-09-30": 0, "2014-06-30": 0, "2014-03-31": "", "2013-12-31": -16.2, "2013-09-30": 0, "2013-06-30": 0, "2013-03-31": "", "2012-12-31": 55.9, "2012-09-30": 0, "2012-06-30": 0, "2012-03-31": "", "2011-12-31": 0.9, "2011-09-30": 0, "2011-06-30": 0, "2011-03-31": "", "2010-12-31": 17.8, "2010-09-30": 0, "2010-06-30": 0, "2010-03-31": "", "2009-12-31": -39.9, "2009-09-30": 0, "2009-06-30": 0, "2009-03-31": "", "2008-12-31": -135, "2008-09-30": 0, "2008-06-30": 0, "2008-03-31": "", "2007-12-31": -13.5, "2007-09-30": 0, "2007-06-30": 0, "2007-03-31": "", "2006-12-31": 9.5, "2006-09-30": 0, "2006-06-30": 0, "2006-03-31": "", "2005-12-31": 29.7, "2005-09-30": 0, "2005-06-30": 0, "2005-03-31": ""}, "Change In Assets/Liabilities": {"2020-12-31": 61.8, "2020-09-30": 209.4, "2020-06-30": 163.4, "2020-03-31": "-195.90000", "2019-12-31": 198.3, "2019-09-30": -40.7, "2019-06-30": 53.3, "2019-03-31": "-201.20000", "2018-12-31": 36.7, "2018-09-30": 15, "2018-06-30": 168.9, "2018-03-31": "-221.60000", "2017-12-31": 99.8, "2017-09-30": -7.8, "2017-06-30": 65.9, "2017-03-31": "-145.90000", "2016-12-31": 77.3, "2016-09-30": -29.8, "2016-06-30": 116.4, "2016-03-31": "-153.10000", "2015-12-31": 83.1, "2015-09-30": 5, "2015-06-30": 73.4, "2015-03-31": "-160.60000", "2014-12-31": 146.3, "2014-09-30": 11.6, "2014-06-30": 47.7, "2014-03-31": "-209.90000", "2013-12-31": 115, "2013-09-30": -12, "2013-06-30": 71.1, "2013-03-31": "-175.90000", "2012-12-31": 124.8, "2012-09-30": -0.7, "2012-06-30": 24.9, "2012-03-31": "-148.40000", "2011-12-31": 128.9, "2011-09-30": -20.7, "2011-06-30": 60.2, "2011-03-31": "-169.60000", "2010-12-31": 77.3, "2010-09-30": 2.6, "2010-06-30": 37.6, "2010-03-31": "-111.60000", "2009-12-31": -301.8, "2009-09-30": 99.9, "2009-06-30": 135, "2009-03-31": "79.40000", "2008-12-31": 111.6, "2008-09-30": -9.4, "2008-06-30": 32.1, "2008-03-31": "-136.60000", "2007-12-31": 53.3, "2007-09-30": 47.3, "2007-06-30": 34.9, "2007-03-31": "-132.20000", "2006-12-31": 144.5, "2006-09-30": 7.2, "2006-06-30": 70, "2006-03-31": "-220.90000", "2005-12-31": 133.3, "2005-09-30": 21, "2005-06-30": 59.7, "2005-03-31": "-213.10000"}, "Total Change In Assets/Liabilities": {"2020-12-31": 59.1, "2020-09-30": 211.2, "2020-06-30": 172.9, "2020-03-31": "-198.40000", "2019-12-31": 139, "2019-09-30": 40.1, "2019-06-30": 55.5, "2019-03-31": "-197.00000", "2018-12-31": -1.3, "2018-09-30": -5.6, "2018-06-30": 166.3, "2018-03-31": "-189.10000", "2017-12-31": 42.9, "2017-09-30": -35.1, "2017-06-30": 74.1, "2017-03-31": "-143.30000", "2016-12-31": 59.5, "2016-09-30": -29.7, "2016-06-30": 127.4, "2016-03-31": "-157.10000", "2015-12-31": 28, "2015-09-30": 3.1, "2015-06-30": 86, "2015-03-31": "-156.00000", "2014-12-31": 70.4, "2014-09-30": 17.9, "2014-06-30": 55, "2014-03-31": "-210.80000", "2013-12-31": 67, "2013-09-30": -14.2, "2013-06-30": 73.8, "2013-03-31": "-165.10000", "2012-12-31": 45, "2012-09-30": 0.5, "2012-06-30": 26.3, "2012-03-31": "-145.00000", "2011-12-31": 84.2, "2011-09-30": -23.3, "2011-06-30": 62.3, "2011-03-31": "-164.40000", "2010-12-31": 38.1, "2010-09-30": 1.9, "2010-06-30": 44.9, "2010-03-31": "-4.10000", "2009-12-31": 87.1, "2009-09-30": 112, "2009-06-30": 60.2, "2009-03-31": "148.50000", "2008-12-31": -250.8, "2008-09-30": 126.8, "2008-06-30": 57, "2008-03-31": "-137.80000", "2007-12-31": 84.2, "2007-09-30": 7.5, "2007-06-30": 51, "2007-03-31": "-99.10000", "2006-12-31": 51.7, "2006-09-30": -21.5, "2006-06-30": 85.2, "2006-03-31": "-203.70000", "2005-12-31": 71.2, "2005-09-30": 15, "2005-06-30": 38.9, "2005-03-31": "-181.80000"}, "Cash Flow From Operating Activities": {"2020-12-31": 157.4, "2020-09-30": 424.3, "2020-06-30": 295.7, "2020-03-31": "-79.10000", "2019-12-31": 217.9, "2019-09-30": 77, "2019-06-30": 218.7, "2019-03-31": "-79.40000", "2018-12-31": 103, "2018-09-30": 33.1, "2018-06-30": 268, "2018-03-31": "-67.10000", "2017-12-31": 145.5, "2017-09-30": 83.3, "2017-06-30": 258.1, "2017-03-31": "-86.60000", "2016-12-31": 145.4, "2016-09-30": 71.8, "2016-06-30": 303.9, "2016-03-31": "-85.80000", "2015-12-31": 103.2, "2015-09-30": 127.3, "2015-06-30": 232.3, "2015-03-31": "-132.30000", "2014-12-31": 119.6, "2014-09-30": 52, "2014-06-30": 184.4, "2014-03-31": "-107.80000", "2013-12-31": 50.1, "2013-09-30": 43.1, "2013-06-30": 189.3, "2013-03-31": "-108.20000", "2012-12-31": 54, "2012-09-30": 61.5, "2012-06-30": 114.9, "2012-03-31": "-69.70000", "2011-12-31": 7.9, "2011-09-30": 0, "2011-06-30": 164.3, "2011-03-31": "-83.10000", "2010-12-31": 12.8, "2010-09-30": 54.5, "2010-06-30": 110, "2010-03-31": "28.10000", "2009-12-31": -4.8, "2009-09-30": 62.2, "2009-06-30": 17.6, "2009-03-31": "50.50000", "2008-12-31": -32.3, "2008-09-30": -42.4, "2008-06-30": 136.7, "2008-03-31": "-74.10000", "2007-12-31": 93.7, "2007-09-30": 112.9, "2007-06-30": 156.1, "2007-03-31": "-48.40000", "2006-12-31": 137.5, "2006-09-30": 84.1, "2006-06-30": 185.3, "2006-03-31": "-91.60000", "2005-12-31": 180.2, "2005-09-30": 141.3, "2005-06-30": 180.7, "2005-03-31": "-69.30000"}, "Net Change In Property, Plant, And Equipment": {"2020-12-31": -60.9, "2020-09-30": -29.5, "2020-06-30": -33.6, "2020-03-31": "-55.50000", "2019-12-31": -53.3, "2019-09-30": -36.8, "2019-06-30": -49, "2019-03-31": "-86.20000", "2018-12-31": -66.7, "2018-09-30": -31.5, "2018-06-30": -44.6, "2018-03-31": "-37.00000", "2017-12-31": -24.7, "2017-09-30": -45.3, "2017-06-30": -51.1, "2017-03-31": "-49.00000", "2016-12-31": -61.8, "2016-09-30": -41.8, "2016-06-30": -42.3, "2016-03-31": "-46.10000", "2015-12-31": -15.3, "2015-09-30": -32.7, "2015-06-30": -30.9, "2015-03-31": "-32.80000", "2014-12-31": -45, "2014-09-30": -26.7, "2014-06-30": -26.4, "2014-03-31": "-20.90000", "2013-12-31": -37.7, "2013-09-30": -17.6, "2013-06-30": -39.2, "2013-03-31": "-15.10000", "2012-12-31": -32.2, "2012-09-30": -29, "2012-06-30": -10.5, "2012-03-31": "-7.70000", "2011-12-31": -21.2, "2011-09-30": -19.8, "2011-06-30": -12.8, "2011-03-31": "-2.80000", "2010-12-31": -21.7, "2010-09-30": -8.9, "2010-06-30": -8.7, "2010-03-31": "-7.60000", "2009-12-31": -11.8, "2009-09-30": -0.2, "2009-06-30": -2, "2009-03-31": "-6.30000", "2008-12-31": 1.5, "2008-09-30": -20.6, "2008-06-30": -28, "2008-03-31": "-26.60000", "2007-12-31": -46.6, "2007-09-30": -70.1, "2007-06-30": -41.4, "2007-03-31": "-39.50000", "2006-12-31": -65, "2006-09-30": -41, "2006-06-30": -42.6, "2006-03-31": "-49.30000", "2005-12-31": -73.4, "2005-09-30": -68.9, "2005-06-30": -41.6, "2005-03-31": "-26.50000"}, "Net Change In Intangible Assets": {"2020-12-31": 0, "2020-09-30": 0, "2020-06-30": 0, "2020-03-31": "", "2019-12-31": 0, "2019-09-30": 0, "2019-06-30": 0, "2019-03-31": "", "2018-12-31": 0, "2018-09-30": 0, "2018-06-30": 0, "2018-03-31": "", "2017-12-31": 0, "2017-09-30": 0, "2017-06-30": 0, "2017-03-31": "", "2016-12-31": 0, "2016-09-30": 0, "2016-06-30": 0, "2016-03-31": "", "2015-12-31": 0, "2015-09-30": 0, "2015-06-30": 0, "2015-03-31": "", "2014-12-31": 0, "2014-09-30": 0, "2014-06-30": 0, "2014-03-31": "", "2013-12-31": 0, "2013-09-30": 0, "2013-06-30": 0, "2013-03-31": "", "2012-12-31": 0, "2012-09-30": 0, "2012-06-30": 0, "2012-03-31": "", "2011-12-31": 0, "2011-09-30": 0, "2011-06-30": 0, "2011-03-31": "", "2010-12-31": 0, "2010-09-30": 0, "2010-06-30": 0, "2010-03-31": "", "2009-12-31": 0, "2009-09-30": 0, "2009-06-30": 0, "2009-03-31": "", "2008-12-31": 0, "2008-09-30": 0, "2008-06-30": 0, "2008-03-31": "", "2007-12-31": 0, "2007-09-30": 0, "2007-06-30": 0, "2007-03-31": "", "2006-12-31": 0, "2006-09-30": 0, "2006-06-30": 0, "2006-03-31": "", "2005-12-31": 0, "2005-09-30": 0, "2005-06-30": 0, "2005-03-31": ""}, "Net Acquisitions/Divestitures": {"2020-12-31": 0, "2020-09-30": 0, "2020-06-30": 0, "2020-03-31": "", "2019-12-31": 0, "2019-09-30": 0.3, "2019-06-30": -64.4, "2019-03-31": "", "2018-12-31": 0.4, "2018-09-30": -910, "2018-06-30": 0, "2018-03-31": "", "2017-12-31": 0, "2017-09-30": -15.5, "2017-06-30": 0, "2017-03-31": "", "2016-12-31": -6.6, "2016-09-30": -53.6, "2016-06-30": -20.9, "2016-03-31": "-195.00000", "2015-12-31": -11, "2015-09-30": -9.9, "2015-06-30": -8.8, "2015-03-31": "", "2014-12-31": 0.3, "2014-09-30": -12.7, "2014-06-30": -29.1, "2014-03-31": "", "2013-12-31": 0, "2013-09-30": 0, "2013-06-30": 0, "2013-03-31": "", "2012-12-31": 0, "2012-09-30": 0, "2012-06-30": 0, "2012-03-31": "", "2011-12-31": 0, "2011-09-30": 0, "2011-06-30": 0, "2011-03-31": "", "2010-12-31": 0, "2010-09-30": 0, "2010-06-30": 0, "2010-03-31": "", "2009-12-31": 0, "2009-09-30": 0, "2009-06-30": 0, "2009-03-31": "", "2008-12-31": 0, "2008-09-30": 0, "2008-06-30": 0, "2008-03-31": "", "2007-12-31": 0, "2007-09-30": -4.6, "2007-06-30": -1.5, "2007-03-31": "-0.10000", "2006-12-31": -3.5, "2006-09-30": -8.7, "2006-06-30": -11.1, "2006-03-31": "-62.90000", "2005-12-31": -2.8, "2005-09-30": -40.7, "2005-06-30": -73.1, "2005-03-31": "-13.70000"}, "Net Change In Short-term Investments": {"2020-12-31": -55.9, "2020-09-30": 0, "2020-06-30": 0, "2020-03-31": "", "2019-12-31": 0, "2019-09-30": 0, "2019-06-30": 0, "2019-03-31": "", "2018-12-31": 0, "2018-09-30": 0, "2018-06-30": 0, "2018-03-31": "", "2017-12-31": 0, "2017-09-30": 0, "2017-06-30": 0, "2017-03-31": "35.00000", "2016-12-31": -35, "2016-09-30": 0, "2016-06-30": 0, "2016-03-31": "10.70000", "2015-12-31": 21, "2015-09-30": -6.7, "2015-06-30": 32, "2015-03-31": "25.40000", "2014-12-31": -82.4, "2014-09-30": 0, "2014-06-30": 0, "2014-03-31": "11.90000", "2013-12-31": 9.5, "2013-09-30": -19.7, "2013-06-30": 60.6, "2013-03-31": "80.60000", "2012-12-31": -0.4, "2012-09-30": -2.9, "2012-06-30": -23.9, "2012-03-31": "49.00000", "2011-12-31": -7.9, "2011-09-30": -13.6, "2011-06-30": -26.3, "2011-03-31": "-19.70000", "2010-12-31": -105.8, "2010-09-30": 0, "2010-06-30": 0, "2010-03-31": "0.00000", "2009-12-31": 0, "2009-09-30": 0, "2009-06-30": 0, "2009-03-31": "", "2008-12-31": 0, "2008-09-30": 0, "2008-06-30": 0, "2008-03-31": "", "2007-12-31": 0, "2007-09-30": 0, "2007-06-30": 0, "2007-03-31": "", "2006-12-31": 0, "2006-09-30": 0, "2006-06-30": 0, "2006-03-31": "", "2005-12-31": 0, "2005-09-30": 0, "2005-06-30": 0, "2005-03-31": ""}, "Net Change In Long-Term Investments": {"2020-12-31": -6.5, "2020-09-30": 3.6, "2020-06-30": 2.5, "2020-03-31": "-3.60000", "2019-12-31": -2.3, "2019-09-30": 4.9, "2019-06-30": 2.6, "2019-03-31": "-2.80000", "2018-12-31": -6.6, "2018-09-30": 3.6, "2018-06-30": -1, "2018-03-31": "-4.80000", "2017-12-31": -7.7, "2017-09-30": 2.5, "2017-06-30": 5.6, "2017-03-31": "-3.60000", "2016-12-31": -4.7, "2016-09-30": 11.1, "2016-06-30": 2.3, "2016-03-31": "-3.60000", "2015-12-31": -1.4, "2015-09-30": 7.4, "2015-06-30": 0.2, "2015-03-31": "-5.30000", "2014-12-31": 1.2, "2014-09-30": 1.7, "2014-06-30": 1.5, "2014-03-31": "-4.20000", "2013-12-31": -1.2, "2013-09-30": 0.5, "2013-06-30": 1.5, "2013-03-31": "-2.30000", "2012-12-31": -0.7, "2012-09-30": 0.3, "2012-06-30": 2.8, "2012-03-31": "-0.70000", "2011-12-31": 0, "2011-09-30": -0.5, "2011-06-30": 0, "2011-03-31": "-0.40000", "2010-12-31": 1.4, "2010-09-30": 0, "2010-06-30": -8.3, "2010-03-31": "-0.30000", "2009-12-31": -1.3, "2009-09-30": 2.1, "2009-06-30": 6.8, "2009-03-31": "-1.40000", "2008-12-31": -1.1, "2008-09-30": 13.2, "2008-06-30": 17.1, "2008-03-31": "36.30000", "2007-12-31": -5, "2007-09-30": 4.6, "2007-06-30": 10, "2007-03-31": "-5.50000", "2006-12-31": -8.4, "2006-09-30": 11.8, "2006-06-30": 9.8, "2006-03-31": "-7.10000", "2005-12-31": -22.8, "2005-09-30": 9.4, "2005-06-30": 3.4, "2005-03-31": "49.80000"}, "Net Change In Investments - Total": {"2020-12-31": -62.4, "2020-09-30": 3.6, "2020-06-30": 2.5, "2020-03-31": "-3.60000", "2019-12-31": -2.3, "2019-09-30": 4.9, "2019-06-30": 2.6, "2019-03-31": "-2.80000", "2018-12-31": -6.6, "2018-09-30": 3.6, "2018-06-30": -1, "2018-03-31": "-4.80000", "2017-12-31": -7.7, "2017-09-30": 2.5, "2017-06-30": 5.6, "2017-03-31": "31.40000", "2016-12-31": -39.7, "2016-09-30": 11.1, "2016-06-30": 2.3, "2016-03-31": "7.10000", "2015-12-31": 19.6, "2015-09-30": 0.7, "2015-06-30": 32.2, "2015-03-31": "20.10000", "2014-12-31": -81.2, "2014-09-30": 1.7, "2014-06-30": 1.5, "2014-03-31": "7.70000", "2013-12-31": 8.3, "2013-09-30": -19.2, "2013-06-30": 62.1, "2013-03-31": "78.30000", "2012-12-31": -1.1, "2012-09-30": -2.6, "2012-06-30": -21.1, "2012-03-31": "48.30000", "2011-12-31": -7.9, "2011-09-30": -14.1, "2011-06-30": -26.3, "2011-03-31": "-20.10000", "2010-12-31": -104.4, "2010-09-30": 0, "2010-06-30": -8.3, "2010-03-31": "-0.30000", "2009-12-31": -1.3, "2009-09-30": 2.1, "2009-06-30": 6.8, "2009-03-31": "-1.40000", "2008-12-31": -1.1, "2008-09-30": 13.2, "2008-06-30": 17.1, "2008-03-31": "36.30000", "2007-12-31": -5, "2007-09-30": 4.6, "2007-06-30": 10, "2007-03-31": "-5.50000", "2006-12-31": -8.4, "2006-09-30": 11.8, "2006-06-30": 9.8, "2006-03-31": "-7.10000", "2005-12-31": -22.8, "2005-09-30": 9.4, "2005-06-30": 3.4, "2005-03-31": "49.80000"}, "Investing Activities - Other": {"2020-12-31": 0, "2020-09-30": -7.5, "2020-06-30": 0, "2020-03-31": "", "2019-12-31": -0.2, "2019-09-30": 0, "2019-06-30": 484.8, "2019-03-31": "-2.90000", "2018-12-31": -3.7, "2018-09-30": 3.3, "2018-06-30": -8.5, "2018-03-31": "-0.20000", "2017-12-31": -24.6, "2017-09-30": 0, "2017-06-30": 4.2, "2017-03-31": "-4.70000", "2016-12-31": 0, "2016-09-30": 0, "2016-06-30": 0, "2016-03-31": "1.30000", "2015-12-31": -18.4, "2015-09-30": 4.5, "2015-06-30": 40.2, "2015-03-31": "-0.20000", "2014-12-31": 2.9, "2014-09-30": 262.7, "2014-06-30": -11.2, "2014-03-31": "-3.30000", "2013-12-31": 1.9, "2013-09-30": -4.1, "2013-06-30": 0.9, "2013-03-31": "", "2012-12-31": -10.4, "2012-09-30": -0.9, "2012-06-30": 1.9, "2012-03-31": "-0.80000", "2011-12-31": -2.6, "2011-09-30": -13.8, "2011-06-30": 4.2, "2011-03-31": "2.80000", "2010-12-31": -3.6, "2010-09-30": 1, "2010-06-30": 7.3, "2010-03-31": "", "2009-12-31": -0.1, "2009-09-30": 2.1, "2009-06-30": 0, "2009-03-31": "-0.20000", "2008-12-31": 17, "2008-09-30": 0, "2008-06-30": 0, "2008-03-31": "0.20000", "2007-12-31": 23.9, "2007-09-30": 34.7, "2007-06-30": -0.6, "2007-03-31": "43.20000", "2006-12-31": -0.7, "2006-09-30": -1.7, "2006-06-30": -1.6, "2006-03-31": "-1.90000", "2005-12-31": -7.9, "2005-09-30": -4.5, "2005-06-30": -9.5, "2005-03-31": ""}, "Cash Flow From Investing Activities": {"2020-12-31": -123.3, "2020-09-30": -33.4, "2020-06-30": -31.1, "2020-03-31": "-59.10000", "2019-12-31": -55.8, "2019-09-30": -31.6, "2019-06-30": 374, "2019-03-31": "-91.90000", "2018-12-31": -76.6, "2018-09-30": -934.6, "2018-06-30": -54.1, "2018-03-31": "-42.00000", "2017-12-31": -57, "2017-09-30": -58.3, "2017-06-30": -41.3, "2017-03-31": "-22.30000", "2016-12-31": -108.1, "2016-09-30": -84.3, "2016-06-30": -60.9, "2016-03-31": "-232.70000", "2015-12-31": -25.1, "2015-09-30": -37.4, "2015-06-30": 32.7, "2015-03-31": "-12.90000", "2014-12-31": -123, "2014-09-30": 225, "2014-06-30": -65.2, "2014-03-31": "-16.50000", "2013-12-31": -27.5, "2013-09-30": -40.9, "2013-06-30": 23.8, "2013-03-31": "63.20000", "2012-12-31": -43.7, "2012-09-30": -32.5, "2012-06-30": -29.7, "2012-03-31": "39.80000", "2011-12-31": -31.7, "2011-09-30": -47.7, "2011-06-30": -34.9, "2011-03-31": "-20.10000", "2010-12-31": -129.7, "2010-09-30": -7.9, "2010-06-30": -9.7, "2010-03-31": "-7.90000", "2009-12-31": -13.2, "2009-09-30": 4, "2009-06-30": 4.8, "2009-03-31": "-7.90000", "2008-12-31": 17.4, "2008-09-30": -7.4, "2008-06-30": -10.9, "2008-03-31": "9.90000", "2007-12-31": -27.7, "2007-09-30": -35.4, "2007-06-30": -33.5, "2007-03-31": "-1.90000", "2006-12-31": -77.6, "2006-09-30": -39.6, "2006-06-30": -45.5, "2006-03-31": "-121.20000", "2005-12-31": -106.9, "2005-09-30": -104.7, "2005-06-30": -120.8, "2005-03-31": "9.60000"}, "Net Long-Term Debt": {"2020-12-31": -110.7, "2020-09-30": -39, "2020-06-30": -9.1, "2020-03-31": "-0.30000", "2019-12-31": -22.5, "2019-09-30": -149.9, "2019-06-30": -8, "2019-03-31": "63.00000", "2018-12-31": 285, "2018-09-30": 497.3, "2018-06-30": -0.2, "2018-03-31": "-0.10000", "2017-12-31": -1.7, "2017-09-30": -1, "2017-06-30": -0.2, "2017-03-31": "-0.10000", "2016-12-31": -2.7, "2016-09-30": 0.7, "2016-06-30": -0.1, "2016-03-31": "-0.10000", "2015-12-31": -2.7, "2015-09-30": -0.2, "2015-06-30": 0, "2015-03-31": "-0.10000", "2014-12-31": -3.4, "2014-09-30": -0.8, "2014-06-30": -0.3, "2014-03-31": "-0.30000", "2013-12-31": -3.9, "2013-09-30": -6.4, "2013-06-30": -104.1, "2013-03-31": "-1.40000", "2012-12-31": -28.6, "2012-09-30": -78.1, "2012-06-30": -23.4, "2012-03-31": "-1.70000", "2011-12-31": -15.9, "2011-09-30": -85.4, "2011-06-30": -25.6, "2011-03-31": "-19.10000", "2010-12-31": -1.6, "2010-09-30": 12.4, "2010-06-30": -25.4, "2010-03-31": "6.50000", "2009-12-31": -61.5, "2009-09-30": 94.1, "2009-06-30": 73.5, "2009-03-31": "-0.30000", "2008-12-31": 1.3, "2008-09-30": 0.2, "2008-06-30": -0.3, "2008-03-31": "-0.20000", "2007-12-31": 0.5, "2007-09-30": -0.2, "2007-06-30": -0.3, "2007-03-31": "-0.20000", "2006-12-31": -250, "2006-09-30": 249.8, "2006-06-30": -0.3, "2006-03-31": "-0.30000", "2005-12-31": -1.6, "2005-09-30": -1.9, "2005-06-30": -0.6, "2005-03-31": "-1.30000"}, "Net Current Debt": {"2020-12-31": 0, "2020-09-30": -185, "2020-06-30": -200, "2020-03-31": "385.00000", "2019-12-31": 0, "2019-09-30": 0, "2019-06-30": 0, "2019-03-31": "", "2018-12-31": -300, "2018-09-30": 298.9, "2018-06-30": 0, "2018-03-31": "", "2017-12-31": 0, "2017-09-30": 0, "2017-06-30": 0, "2017-03-31": "", "2016-12-31": 0, "2016-09-30": 0, "2016-06-30": 0, "2016-03-31": "", "2015-12-31": 0, "2015-09-30": 0, "2015-06-30": 0, "2015-03-31": "", "2014-12-31": 0, "2014-09-30": 0, "2014-06-30": 0, "2014-03-31": "", "2013-12-31": 0, "2013-09-30": -1.1, "2013-06-30": -24.3, "2013-03-31": "-0.90000", "2012-12-31": -3.7, "2012-09-30": -7.2, "2012-06-30": -3.3, "2012-03-31": "0.30000", "2011-12-31": -2, "2011-09-30": -9.3, "2011-06-30": -0.8, "2011-03-31": "-4.70000", "2010-12-31": -2.1, "2010-09-30": -2.1, "2010-06-30": -9.1, "2010-03-31": "-0.90000", "2009-12-31": -13.6, "2009-09-30": 2.6, "2009-06-30": 6.2, "2009-03-31": "-0.70000", "2008-12-31": -7.4, "2008-09-30": -0.3, "2008-06-30": 0, "2008-03-31": "0.30000", "2007-12-31": 0, "2007-09-30": 0, "2007-06-30": 0, "2007-03-31": "", "2006-12-31": 0, "2006-09-30": -0.6, "2006-06-30": 0.4, "2006-03-31": "", "2005-12-31": -5, "2005-09-30": 3.3, "2005-06-30": 5.1, "2005-03-31": "-4.00000"}, "Debt Issuance/Retirement Net - Total": {"2020-12-31": -110.7, "2020-09-30": -224, "2020-06-30": -209.1, "2020-03-31": "384.70000", "2019-12-31": -22.5, "2019-09-30": -149.9, "2019-06-30": -8, "2019-03-31": "63.00000", "2018-12-31": -15, "2018-09-30": 796.2, "2018-06-30": -0.2, "2018-03-31": "-0.10000", "2017-12-31": -1.7, "2017-09-30": -1, "2017-06-30": -0.2, "2017-03-31": "-0.10000", "2016-12-31": -2.7, "2016-09-30": 0.7, "2016-06-30": -0.1, "2016-03-31": "-0.10000", "2015-12-31": -2.7, "2015-09-30": -0.2, "2015-06-30": 0, "2015-03-31": "-0.10000", "2014-12-31": -3.4, "2014-09-30": -0.8, "2014-06-30": -0.3, "2014-03-31": "-0.30000", "2013-12-31": -3.9, "2013-09-30": -7.5, "2013-06-30": -128.4, "2013-03-31": "-2.30000", "2012-12-31": -32.3, "2012-09-30": -85.3, "2012-06-30": -26.7, "2012-03-31": "-1.40000", "2011-12-31": -17.9, "2011-09-30": -94.7, "2011-06-30": -26.4, "2011-03-31": "-23.80000", "2010-12-31": -3.7, "2010-09-30": 10.3, "2010-06-30": -34.5, "2010-03-31": "5.60000", "2009-12-31": -75.1, "2009-09-30": 96.7, "2009-06-30": 79.7, "2009-03-31": "-1.00000", "2008-12-31": -6.1, "2008-09-30": -0.1, "2008-06-30": -0.3, "2008-03-31": "0.10000", "2007-12-31": 0.5, "2007-09-30": -0.2, "2007-06-30": -0.3, "2007-03-31": "-0.20000", "2006-12-31": -250, "2006-09-30": 249.2, "2006-06-30": 0.1, "2006-03-31": "-0.30000", "2005-12-31": -6.6, "2005-09-30": 1.4, "2005-06-30": 4.5, "2005-03-31": "-5.30000"}, "Net Common Equity Issued/Repurchased": {"2020-12-31": -38.8, "2020-09-30": -44.5, "2020-06-30": 0.2, "2020-03-31": "-33.70000", "2019-12-31": -167, "2019-09-30": -161.3, "2019-06-30": -69.4, "2019-03-31": "0.50000", "2018-12-31": 0, "2018-09-30": -4.8, "2018-06-30": -34.8, "2018-03-31": "-34.00000", "2017-12-31": -9.9, "2017-09-30": -59.7, "2017-06-30": -37.4, "2017-03-31": "-16.80000", "2016-12-31": -27.6, "2016-09-30": -29.6, "2016-06-30": -19.8, "2016-03-31": "-28.40000", "2015-12-31": -19.8, "2015-09-30": -39.5, "2015-06-30": -39.9, "2015-03-31": "-16.30000", "2014-12-31": -17.1, "2014-09-30": 3.3, "2014-06-30": 0, "2014-03-31": "4.50000", "2013-12-31": 52.1, "2013-09-30": 0.3, "2013-06-30": 0.1, "2013-03-31": "-5.60000", "2012-12-31": -4.8, "2012-09-30": 0.6, "2012-06-30": 0.4, "2012-03-31": "0.20000", "2011-12-31": -0.1, "2011-09-30": -0.1, "2011-06-30": 0, "2011-03-31": "4.20000", "2010-12-31": -0.1, "2010-09-30": 0, "2010-06-30": 1.4, "2010-03-31": "", "2009-12-31": 0, "2009-09-30": 0, "2009-06-30": 0, "2009-03-31": "", "2008-12-31": 0, "2008-09-30": 0, "2008-06-30": 0, "2008-03-31": "", "2007-12-31": -10.3, "2007-09-30": -28.3, "2007-06-30": -47.5, "2007-03-31": "-28.90000", "2006-12-31": -31, "2006-09-30": -44.8, "2006-06-30": -45.8, "2006-03-31": "-58.10000", "2005-12-31": -57.6, "2005-09-30": -10.7, "2005-06-30": 4.5, "2005-03-31": "4.90000"}, "Net Total Equity Issued/Repurchased": {"2020-12-31": -38.8, "2020-09-30": -44.5, "2020-06-30": 0.2, "2020-03-31": "-33.70000", "2019-12-31": -167, "2019-09-30": -161.3, "2019-06-30": -69.4, "2019-03-31": "0.50000", "2018-12-31": 0, "2018-09-30": -4.8, "2018-06-30": -34.8, "2018-03-31": "-34.00000", "2017-12-31": -9.9, "2017-09-30": -59.7, "2017-06-30": -37.4, "2017-03-31": "-16.80000", "2016-12-31": -27.6, "2016-09-30": -29.6, "2016-06-30": -19.8, "2016-03-31": "-28.40000", "2015-12-31": -19.8, "2015-09-30": -39.5, "2015-06-30": -39.9, "2015-03-31": "-16.30000", "2014-12-31": -17.1, "2014-09-30": 3.3, "2014-06-30": 0, "2014-03-31": "4.50000", "2013-12-31": 52.1, "2013-09-30": 0.3, "2013-06-30": 0.1, "2013-03-31": "-5.60000", "2012-12-31": -4.8, "2012-09-30": 0.6, "2012-06-30": 0.4, "2012-03-31": "0.20000", "2011-12-31": -0.1, "2011-09-30": -0.1, "2011-06-30": 0, "2011-03-31": "4.20000", "2010-12-31": -0.1, "2010-09-30": 0, "2010-06-30": 1.4, "2010-03-31": "", "2009-12-31": 0, "2009-09-30": 0, "2009-06-30": 0, "2009-03-31": "", "2008-12-31": 0, "2008-09-30": 0, "2008-06-30": 0, "2008-03-31": "", "2007-12-31": -10.3, "2007-09-30": -28.3, "2007-06-30": -47.5, "2007-03-31": "-28.90000", "2006-12-31": -31, "2006-09-30": -44.8, "2006-06-30": -45.8, "2006-03-31": "-58.10000", "2005-12-31": -57.6, "2005-09-30": -10.7, "2005-06-30": 4.5, "2005-03-31": "4.90000"}, "Total Common And Preferred Stock Dividends Paid": {"2020-12-31": -21.1, "2020-09-30": -19, "2020-06-30": -19, "2020-03-31": "-19.20000", "2019-12-31": -19.3, "2019-09-30": -17.7, "2019-06-30": -18.1, "2019-03-31": "-18.30000", "2018-12-31": -18.2, "2018-09-30": -16.5, "2018-06-30": -16.5, "2018-03-31": "-16.60000", "2017-12-31": -16.6, "2017-09-30": -14.6, "2017-06-30": -14.6, "2017-03-31": "-14.80000", "2016-12-31": -14.7, "2016-09-30": -13.5, "2016-06-30": -13.6, "2016-03-31": "-13.60000", "2015-12-31": -13.7, "2015-09-30": -11.5, "2015-06-30": -11.5, "2015-03-31": "-11.60000", "2014-12-31": -11.5, "2014-09-30": -11.6, "2014-06-30": -9.3, "2014-03-31": "-9.30000", "2013-12-31": -9.1, "2013-09-30": 0, "2013-06-30": 0, "2013-03-31": "", "2012-12-31": -4.5, "2012-09-30": 0, "2012-06-30": 0, "2012-03-31": "", "2011-12-31": -4.5, "2011-09-30": 0, "2011-06-30": 0, "2011-03-31": "", "2010-12-31": -4.4, "2010-09-30": 0, "2010-06-30": 0, "2010-03-31": "", "2009-12-31": -4.4, "2009-09-30": 0, "2009-06-30": 0, "2009-03-31": "", "2008-12-31": -4.4, "2008-09-30": 0, "2008-06-30": 0, "2008-03-31": "", "2007-12-31": -52.6, "2007-09-30": 0, "2007-06-30": 0, "2007-03-31": "", "2006-12-31": -55, "2006-09-30": 0, "2006-06-30": 0, "2006-03-31": "", "2005-12-31": -57.3, "2005-09-30": 0, "2005-06-30": 0, "2005-03-31": ""}, "Financial Activities - Other": {"2020-12-31": -0.3, "2020-09-30": -0.6, "2020-06-30": -0.1, "2020-03-31": "-6.60000", "2019-12-31": -2.8, "2019-09-30": -1.8, "2019-06-30": -1.2, "2019-03-31": "-7.00000", "2018-12-31": -0.3, "2018-09-30": -6.7, "2018-06-30": -2.7, "2018-03-31": "-9.30000", "2017-12-31": -1.8, "2017-09-30": -0.3, "2017-06-30": -2.7, "2017-03-31": "-11.50000", "2016-12-31": -3.1, "2016-09-30": -0.7, "2016-06-30": -1.6, "2016-03-31": "-17.40000", "2015-12-31": -7.1, "2015-09-30": 5.2, "2015-06-30": 0, "2015-03-31": "-1.80000", "2014-12-31": -1, "2014-09-30": -1, "2014-06-30": -2.2, "2014-03-31": "-0.70000", "2013-12-31": -27.1, "2013-09-30": 3.6, "2013-06-30": 0.7, "2013-03-31": "10.60000", "2012-12-31": 5.3, "2012-09-30": 0, "2012-06-30": 0, "2012-03-31": "", "2011-12-31": 0, "2011-09-30": 0, "2011-06-30": 0, "2011-03-31": "-4.60000", "2010-12-31": 0, "2010-09-30": 0, "2010-06-30": 0, "2010-03-31": "", "2009-12-31": 0, "2009-09-30": 0, "2009-06-30": 0, "2009-03-31": "", "2008-12-31": 0, "2008-09-30": 0, "2008-06-30": 0, "2008-03-31": "", "2007-12-31": 0, "2007-09-30": 0, "2007-06-30": 0, "2007-03-31": "", "2006-12-31": 0, "2006-09-30": 0, "2006-06-30": 0, "2006-03-31": "", "2005-12-31": 0, "2005-09-30": 0, "2005-06-30": 0, "2005-03-31": ""}, "Cash Flow From Financial Activities": {"2020-12-31": -170.9, "2020-09-30": -288.1, "2020-06-30": -228, "2020-03-31": "325.20000", "2019-12-31": -211.6, "2019-09-30": -330.7, "2019-06-30": -96.7, "2019-03-31": "38.20000", "2018-12-31": -33.5, "2018-09-30": 768.2, "2018-06-30": -54.2, "2018-03-31": "-60.00000", "2017-12-31": -30, "2017-09-30": -75.6, "2017-06-30": -54.9, "2017-03-31": "-43.20000", "2016-12-31": -48.1, "2016-09-30": -43.1, "2016-06-30": -35.1, "2016-03-31": "-59.50000", "2015-12-31": -43.3, "2015-09-30": -46, "2015-06-30": -51.4, "2015-03-31": "-29.80000", "2014-12-31": -33, "2014-09-30": -10.1, "2014-06-30": -11.8, "2014-03-31": "-5.80000", "2013-12-31": 12, "2013-09-30": -3.6, "2013-06-30": -127.6, "2013-03-31": "2.70000", "2012-12-31": -36.3, "2012-09-30": -84.7, "2012-06-30": -26.3, "2012-03-31": "-1.20000", "2011-12-31": -22.5, "2011-09-30": -94.8, "2011-06-30": -26.4, "2011-03-31": "-24.20000", "2010-12-31": -8.2, "2010-09-30": 10.3, "2010-06-30": -33.1, "2010-03-31": "5.60000", "2009-12-31": -79.5, "2009-09-30": 96.7, "2009-06-30": 79.7, "2009-03-31": "-1.00000", "2008-12-31": -10.5, "2008-09-30": -0.1, "2008-06-30": -0.3, "2008-03-31": "0.10000", "2007-12-31": -62.4, "2007-09-30": -28.5, "2007-06-30": -47.8, "2007-03-31": "-29.10000", "2006-12-31": -336, "2006-09-30": 204.4, "2006-06-30": -45.7, "2006-03-31": "-58.40000", "2005-12-31": -121.5, "2005-09-30": -9.3, "2005-06-30": 9, "2005-03-31": "-0.40000"}, "Net Cash Flow": {"2020-12-31": -127.6, "2020-09-30": 115.5, "2020-06-30": 38.6, "2020-03-31": "182.60000", "2019-12-31": -69.1, "2019-09-30": -278.3, "2019-06-30": 497.1, "2019-03-31": "-132.80000", "2018-12-31": -17.5, "2018-09-30": -133.4, "2018-06-30": 151.9, "2018-03-31": "-164.80000", "2017-12-31": 47, "2017-09-30": -46.1, "2017-06-30": 163.4, "2017-03-31": "-149.10000", "2016-12-31": -27.5, "2016-09-30": -55.6, "2016-06-30": 210.6, "2016-03-31": "-375.10000", "2015-12-31": 19.8, "2015-09-30": 39, "2015-06-30": 214.7, "2015-03-31": "-184.50000", "2014-12-31": -43.3, "2014-09-30": 261.8, "2014-06-30": 108.2, "2014-03-31": "-130.50000", "2013-12-31": 30.4, "2013-09-30": -1.4, "2013-06-30": 85.5, "2013-03-31": "-42.30000", "2012-12-31": -26, "2012-09-30": -55.7, "2012-06-30": 58.9, "2012-03-31": "-31.10000", "2011-12-31": -46.3, "2011-09-30": -142.5, "2011-06-30": 103, "2011-03-31": "-127.40000", "2010-12-31": -125.1, "2010-09-30": 56.9, "2010-06-30": 67.2, "2010-03-31": "25.80000", "2009-12-31": -97.5, "2009-09-30": 162.9, "2009-06-30": 102.1, "2009-03-31": "41.60000", "2008-12-31": -25.4, "2008-09-30": -49.9, "2008-06-30": 125.5, "2008-03-31": "-64.10000", "2007-12-31": 3.6, "2007-09-30": 49, "2007-06-30": 74.8, "2007-03-31": "-79.40000", "2006-12-31": -276.1, "2006-09-30": 248.9, "2006-06-30": 94.1, "2006-03-31": "-271.20000", "2005-12-31": -48.2, "2005-09-30": 27.3, "2005-06-30": 68.9, "2005-03-31": "-60.10000"}, "Stock-Based Compensation": {"2020-12-31": 7.5, "2020-09-30": 10.8, "2020-06-30": 8.9, "2020-03-31": "-0.10000", "2019-12-31": 5.1, "2019-09-30": 5.2, "2019-06-30": 4.2, "2019-03-31": "2.80000", "2018-12-31": 5.2, "2018-09-30": 5.3, "2018-06-30": 4.3, "2018-03-31": "1.90000", "2017-12-31": 1.5, "2017-09-30": 5.7, "2017-06-30": 4.7, "2017-03-31": "4.00000", "2016-12-31": 16.1, "2016-09-30": 0, "2016-06-30": 0, "2016-03-31": "", "2015-12-31": 20.8, "2015-09-30": 0, "2015-06-30": 0, "2015-03-31": "", "2014-12-31": 0, "2014-09-30": 0, "2014-06-30": 0, "2014-03-31": "", "2013-12-31": 0, "2013-09-30": 0, "2013-06-30": 0, "2013-03-31": "", "2012-12-31": 0, "2012-09-30": 0, "2012-06-30": 0, "2012-03-31": "", "2011-12-31": 0, "2011-09-30": 0, "2011-06-30": 0, "2011-03-31": "", "2010-12-31": 0, "2010-09-30": 0, "2010-06-30": 0, "2010-03-31": "", "2009-12-31": 0, "2009-09-30": 0, "2009-06-30": 0, "2009-03-31": "", "2008-12-31": 0, "2008-09-30": 0, "2008-06-30": 0, "2008-03-31": "", "2007-12-31": 0, "2007-09-30": 0, "2007-06-30": 0, "2007-03-31": "", "2006-12-31": 0, "2006-09-30": 0, "2006-06-30": 0, "2006-03-31": "", "2005-12-31": 0, "2005-09-30": 0, "2005-06-30": 0, "2005-03-31": ""}, "Common Stock Dividends Paid": {"2020-12-31": -21.1, "2020-09-30": -19, "2020-06-30": -19, "2020-03-31": "-19.20000", "2019-12-31": -19.3, "2019-09-30": -17.7, "2019-06-30": -18.1, "2019-03-31": "-18.30000", "2018-12-31": -18.2, "2018-09-30": -16.5, "2018-06-30": -16.5, "2018-03-31": "-16.60000", "2017-12-31": -16.6, "2017-09-30": -14.6, "2017-06-30": -14.6, "2017-03-31": "-14.80000", "2016-12-31": -14.7, "2016-09-30": -13.5, "2016-06-30": -13.6, "2016-03-31": "-13.60000", "2015-12-31": -13.7, "2015-09-30": -11.5, "2015-06-30": -11.5, "2015-03-31": "-11.60000", "2014-12-31": -11.5, "2014-09-30": -11.6, "2014-06-30": -9.3, "2014-03-31": "-9.30000", "2013-12-31": -9.1, "2013-09-30": 0, "2013-06-30": 0, "2013-03-31": "", "2012-12-31": -4.5, "2012-09-30": 0, "2012-06-30": 0, "2012-03-31": "", "2011-12-31": -4.5, "2011-09-30": 0, "2011-06-30": 0, "2011-03-31": "", "2010-12-31": -4.4, "2010-09-30": 0, "2010-06-30": 0, "2010-03-31": "", "2009-12-31": -4.4, "2009-09-30": 0, "2009-06-30": 0, "2009-03-31": "", "2008-12-31": -4.4, "2008-09-30": 0, "2008-06-30": 0, "2008-03-31": "", "2007-12-31": -52.6, "2007-09-30": 0, "2007-06-30": 0, "2007-03-31": "", "2006-12-31": -55, "2006-09-30": 0, "2006-06-30": 0, "2006-03-31": "", "2005-12-31": -57.3, "2005-09-30": 0, "2005-06-30": 0, "2005-03-31": ""}}, "financial ratios": {"Current Ratio": {"2019-12-31": "1.61560", "2018-12-31": "1.49620", "2017-12-31": "1.78410", "2016-12-31": "1.74990", "2015-12-31": "1.98700", "2014-12-31": "2.18620", "2013-12-31": "1.70830", "2012-12-31": "1.45120", "2011-12-31": "1.49360", "2010-12-31": "1.61390", "2009-12-31": "1.60900", "2008-12-31": "1.73480", "2007-12-31": "1.63120", "2006-12-31": "1.60720", "2005-12-31": "1.71240"}, "Long-term Debt / Capital": {"2019-12-31": "0.45080", "2018-12-31": "0.42700", "2017-12-31": "0.22550", "2016-12-31": "0.23150", "2015-12-31": "0.25670", "2014-12-31": "0.27590", "2013-12-31": "0.30390", "2012-12-31": "0.87880", "2011-12-31": "0.95720", "2010-12-31": "0.92170", "2009-12-31": "0.79970", "2008-12-31": "0.49950", "2007-12-31": "0.27760", "2006-12-31": "0.27940", "2005-12-31": "0.26780"}, "Debt/Equity Ratio": {"2019-12-31": "0.85270", "2018-12-31": "0.77140", "2017-12-31": "0.29500", "2016-12-31": "0.30510", "2015-12-31": "0.35000", "2014-12-31": "0.38570", "2013-12-31": "0.44280", "2012-12-31": "7.35910", "2011-12-31": "22.42070", "2010-12-31": "11.79830", "2009-12-31": "4.04610", "2008-12-31": "1.00250", "2007-12-31": "0.38470", "2006-12-31": "0.38810", "2005-12-31": "0.36630"}, "Gross Margin": {"2019-12-31": "27.28560", "2018-12-31": "25.40710", "2017-12-31": "24.94870", "2016-12-31": "27.45680", "2015-12-31": "28.04080", "2014-12-31": "27.00910", "2013-12-31": "26.37160", "2012-12-31": "25.64680", "2011-12-31": "23.90740", "2010-12-31": "22.08510", "2009-12-31": "11.36850", "2008-12-31": "18.42120", "2007-12-31": "20.41540", "2006-12-31": "21.77050", "2005-12-31": "23.57100"}, "Operating Margin": {"2019-12-31": "11.46430", "2018-12-31": "8.62680", "2017-12-31": "8.68710", "2016-12-31": "10.68290", "2015-12-31": "8.76410", "2014-12-31": "8.55760", "2013-12-31": "7.82840", "2012-12-31": "6.94220", "2011-12-31": "5.82290", "2010-12-31": "1.88440", "2009-12-31": "-20.55040", "2008-12-31": "-12.98870", "2007-12-31": "1.89030", "2006-12-31": "6.02290", "2005-12-31": "8.35930"}, "EBIT Margin": {"2019-12-31": "11.46430", "2018-12-31": "8.62680", "2017-12-31": "8.68710", "2016-12-31": "10.68290", "2015-12-31": "8.76410", "2014-12-31": "8.55760", "2013-12-31": "7.82840", "2012-12-31": "6.94220", "2011-12-31": "5.82290", "2010-12-31": "1.88440", "2009-12-31": "-20.55040", "2008-12-31": "-12.98870", "2007-12-31": "1.89030", "2006-12-31": "6.02290", "2005-12-31": "8.35930"}, "EBITDA Margin": {"2019-12-31": "14.84030", "2018-12-31": "11.63580", "2017-12-31": "10.97780", "2016-12-31": "12.99770", "2015-12-31": "10.80370", "2014-12-31": "10.67290", "2013-12-31": "9.81190", "2012-12-31": "9.07570", "2011-12-31": "8.53130", "2010-12-31": "5.59620", "2009-12-31": "-14.88420", "2008-12-31": "2.75870", "2007-12-31": "6.24380", "2006-12-31": "8.97620", "2005-12-31": "11.14700"}, "Pre-Tax Profit Margin": {"2019-12-31": "2.69450", "2018-12-31": "7.53960", "2017-12-31": "5.59940", "2016-12-31": "8.68220", "2015-12-31": "8.32760", "2014-12-31": "7.49990", "2013-12-31": "5.80330", "2012-12-31": "4.56570", "2011-12-31": "3.01630", "2010-12-31": "-1.14140", "2009-12-31": "-24.66410", "2008-12-31": "-13.42620", "2007-12-31": "1.63460", "2006-12-31": "5.46690", "2005-12-31": "8.66610"}, "Net Profit Margin": {"2019-12-31": "-3.18860", "2018-12-31": "6.43790", "2017-12-31": "3.85040", "2016-12-31": "6.14900", "2015-12-31": "6.38590", "2014-12-31": "6.40060", "2013-12-31": "21.36850", "2012-12-31": "1.46340", "2011-12-31": "1.95910", "2010-12-31": "-3.31340", "2009-12-31": "-21.11600", "2008-12-31": "-16.73710", "2007-12-31": "1.96780", "2006-12-31": "2.36360", "2005-12-31": "6.87370"}, "Asset Turnover": {"2019-12-31": "1.15260", "2018-12-31": "0.96020", "2017-12-31": "1.13220", "2016-12-31": "1.36650", "2015-12-31": "1.19910", "2014-12-31": "1.22620", "2013-12-31": "1.23460", "2012-12-31": "1.40950", "2011-12-31": "1.47140", "2010-12-31": "1.24650", "2009-12-31": "1.02460", "2008-12-31": "1.46060", "2007-12-31": "1.29910", "2006-12-31": "1.27290", "2005-12-31": "1.21320"}, "Inventory Turnover Ratio": {"2019-12-31": "3.62330", "2018-12-31": "3.97140", "2017-12-31": "3.44760", "2016-12-31": "4.65820", "2015-12-31": "3.97110", "2014-12-31": "4.29540", "2013-12-31": "4.53910", "2012-12-31": "4.41210", "2011-12-31": "5.56850", "2010-12-31": "4.93040", "2009-12-31": "5.07420", "2008-12-31": "4.73240", "2007-12-31": "4.97780", "2006-12-31": "5.14180", "2005-12-31": "5.24580"}, "Receiveable Turnover": {"2019-12-31": "12.38220", "2018-12-31": "11.71380", "2017-12-31": "7.83470", "2016-12-31": "10.90770", "2015-12-31": "9.49560", "2014-12-31": "9.93200", "2013-12-31": "10.41280", "2012-12-31": "9.78470", "2011-12-31": "11.13470", "2010-12-31": "10.19860", "2009-12-31": "8.35170", "2008-12-31": "10.58610", "2007-12-31": "9.90780", "2006-12-31": "11.50720", "2005-12-31": "11.88910"}, "Days Sales In Receivables": {"2019-12-31": "29.47790", "2018-12-31": "31.15990", "2017-12-31": "46.58740", "2016-12-31": "33.46270", "2015-12-31": "38.43880", "2014-12-31": "36.75010", "2013-12-31": "35.05310", "2012-12-31": "37.30330", "2011-12-31": "32.78040", "2010-12-31": "35.78920", "2009-12-31": "43.70380", "2008-12-31": "34.47920", "2007-12-31": "36.83980", "2006-12-31": "31.71920", "2005-12-31": "30.70040"}, "ROE - Return On Equity": {"2019-12-31": "2.33680", "2018-12-31": "16.01160", "2017-12-31": "6.83120", "2016-12-31": "19.05420", "2015-12-31": "18.02080", "2014-12-31": "16.63680", "2013-12-31": "72.88140", "2012-12-31": "160.36020", "2011-12-31": "293.20360", "2010-12-31": "-90.90910", "2009-12-31": "-278.74470", "2008-12-31": "-107.97370", "2007-12-31": "4.20520", "2006-12-31": "14.06130", "2005-12-31": "18.75380"}, "Return On Tangible Equity": {"2019-12-31": "10.05290", "2018-12-31": "40.90400", "2017-12-31": "11.15030", "2016-12-31": "31.67860", "2015-12-31": "24.89490", "2014-12-31": "23.50740", "2013-12-31": "106.39670", "2012-12-31": "-49.42480", "2011-12-31": "-29.91090", "2010-12-31": "23.08800", "2009-12-31": "371.48240", "2008-12-31": "-223.63800", "2007-12-31": "8.21970", "2006-12-31": "29.72000", "2005-12-31": "36.04310"}, "ROA - Return On Assets": {"2019-12-31": "0.85290", "2018-12-31": "5.90470", "2017-12-31": "3.01650", "2016-12-31": "8.35390", "2015-12-31": "7.32430", "2014-12-31": "6.22580", "2013-12-31": "25.95510", "2012-12-31": "5.13980", "2011-12-31": "3.63240", "2010-12-31": "-2.38980", "2009-12-31": "-21.63580", "2008-12-31": "-24.44560", "2007-12-31": "1.82330", "2006-12-31": "5.91420", "2005-12-31": "8.02990"}, "ROI - Return On Investment": {"2019-12-31": "1.28330", "2018-12-31": "9.17420", "2017-12-31": "5.29060", "2016-12-31": "14.64330", "2015-12-31": "13.39480", "2014-12-31": "12.04720", "2013-12-31": "50.73070", "2012-12-31": "19.42930", "2011-12-31": "12.56070", "2010-12-31": "-7.12060", "2009-12-31": "-55.84450", "2008-12-31": "-54.03870", "2007-12-31": "3.03780", "2006-12-31": "10.13280", "2005-12-31": "13.73170"}, "Book Value Per Share": {"2019-12-31": "16.34930", "2018-12-31": "18.24180", "2017-12-31": "16.94030", "2016-12-31": "16.12350", "2015-12-31": "14.10920", "2014-12-31": "12.63840", "2013-12-31": "11.23700", "2012-12-31": "0.86690", "2011-12-31": "0.34680", "2010-12-31": "0.79400", "2009-12-31": "2.38120", "2008-12-31": "8.31840", "2007-12-31": "21.64650", "2006-12-31": "20.59930", "2005-12-31": "20.68640"}, "Operating Cash Flow Per Share": {"2019-12-31": 1.2515, "2018-12-31": -0.6219, "2017-12-31": -0.2887, "2016-12-31": 1.2267, "2015-12-31": 0.8949, "2014-12-31": 0.7517, "2013-12-31": 0.119, "2012-12-31": 0.7728, "2011-12-31": -1.3493, "2010-12-31": 0.896, "2009-12-31": 1.5567, "2008-12-31": -3.6215, "2007-12-31": 0.155, "2006-12-31": -1.0521, "2005-12-31": 4.3816}, "Free Cash Flow Per Share": {"2019-12-31": 0.6581, "2018-12-31": -0.7726, "2017-12-31": -0.0897, "2016-12-31": 0.3243, "2015-12-31": 0.9617, "2014-12-31": 0.6688, "2013-12-31": -0.1901, "2012-12-31": 0.5274, "2011-12-31": -1.4344, "2010-12-31": 0.5969, "2009-12-31": 2.1617, "2008-12-31": -2.2655, "2007-12-31": 0.0541, "2006-12-31": -1.0123, "2005-12-31": 2.252}}, "financial ratios, quarterly": {"Current Ratio": {"2020-09-30": "1.77040", "2020-06-30": "1.62540", "2020-03-31": "1.45370", "2019-12-31": "1.61560", "2019-09-30": "1.87350", "2019-06-30": "1.98030", "2019-03-31": "1.60720", "2018-12-31": "1.49620", "2018-09-30": "1.25700", "2018-06-30": "1.69570", "2018-03-31": "1.73050", "2017-12-31": "1.78410", "2017-09-30": "1.81280", "2017-06-30": "1.80340", "2017-03-31": "1.74700", "2016-12-31": "1.74990", "2016-09-30": "1.85120", "2016-06-30": "1.86210", "2016-03-31": "1.79580", "2015-12-31": "1.98700", "2015-09-30": "2.10310", "2015-06-30": "2.05360", "2015-03-31": "1.97210", "2014-12-31": "2.18620", "2014-09-30": "2.19480", "2014-06-30": "1.87750", "2014-03-31": "1.79800", "2013-12-31": "1.70830", "2013-09-30": "1.63440", "2013-06-30": "1.57420", "2013-03-31": "1.56700", "2012-12-31": "1.45120", "2012-09-30": "1.60870", "2012-06-30": "1.67720", "2012-03-31": "1.61960", "2011-12-31": "1.49360", "2011-09-30": "1.58920", "2011-06-30": "1.68430", "2011-03-31": "1.63490", "2010-12-31": "1.61390", "2010-09-30": "1.76630", "2010-06-30": "1.70630", "2010-03-31": "1.68230", "2009-12-31": "1.60900", "2009-09-30": "1.76870", "2009-06-30": "1.56300", "2009-03-31": "1.68220", "2008-12-31": "1.73480", "2008-09-30": "1.64530", "2008-06-30": "1.75290", "2008-03-31": "1.66510", "2007-12-31": "1.63120", "2007-09-30": "1.64560", "2007-06-30": "1.64930", "2007-03-31": "1.64180", "2006-12-31": "1.60720", "2006-09-30": "1.62000", "2006-06-30": "1.72450", "2006-03-31": "1.71210", "2005-12-31": "1.71240", "2005-09-30": "1.82960", "2005-06-30": "1.81450", "2005-03-31": "1.83200"}, "Long-term Debt / Capital": {"2020-09-30": "0.41000", "2020-06-30": "0.43730", "2020-03-31": "0.45050", "2019-12-31": "0.45080", "2019-09-30": "0.43300", "2019-06-30": "0.44650", "2019-03-31": "0.44930", "2018-12-31": "0.42700", "2018-09-30": "0.36380", "2018-06-30": "0.22230", "2018-03-31": "0.22460", "2017-12-31": "0.22550", "2017-09-30": "0.21800", "2017-06-30": "0.22060", "2017-03-31": "0.22810", "2016-12-31": "0.23150", "2016-09-30": "0.23800", "2016-06-30": "0.24390", "2016-03-31": "0.25470", "2015-12-31": "0.25670", "2015-09-30": "0.25840", "2015-06-30": "0.26070", "2015-03-31": "0.27270", "2014-12-31": "0.27590", "2014-09-30": "0.25950", "2014-06-30": "0.27450", "2014-03-31": "0.29320", "2013-12-31": "0.30390", "2013-09-30": "0.61390", "2013-06-30": "0.68600", "2013-03-31": "0.81170", "2012-12-31": "0.87880", "2012-09-30": "0.76080", "2012-06-30": "0.80840", "2012-03-31": "0.89310", "2011-12-31": "0.95720", "2011-09-30": "0.78730", "2011-06-30": "0.78870", "2011-03-31": "0.86780", "2010-12-31": "0.92170", "2010-09-30": "0.79260", "2010-06-30": "0.80310", "2010-03-31": "0.81490", "2009-12-31": "0.79970", "2009-09-30": "0.72930", "2009-06-30": "0.63360", "2009-03-31": "0.57090", "2008-12-31": "0.49950", "2008-09-30": "0.38130", "2008-06-30": "0.27410", "2008-03-31": "0.27550", "2007-12-31": "0.27760", "2007-09-30": "0.27610", "2007-06-30": "0.27400", "2007-03-31": "0.27660", "2006-12-31": "0.27940", "2006-09-30": "0.26260", "2006-06-30": "0.26120", "2006-03-31": "0.26610", "2005-12-31": "0.26780", "2005-09-30": "0.26710", "2005-06-30": "0.27630", "2005-03-31": "0.28740"}, "Debt/Equity Ratio": {"2020-09-30": "0.72800", "2020-06-30": "0.94230", "2020-03-31": "1.14650", "2019-12-31": "0.85270", "2019-09-30": "0.79780", "2019-06-30": "0.83290", "2019-03-31": "0.84260", "2018-12-31": "0.77140", "2018-09-30": "0.78930", "2018-06-30": "0.28890", "2018-03-31": "0.29310", "2017-12-31": "0.29500", "2017-09-30": "0.28140", "2017-06-30": "0.28690", "2017-03-31": "0.29870", "2016-12-31": "0.30510", "2016-09-30": "0.31520", "2016-06-30": "0.32600", "2016-03-31": "0.34540", "2015-12-31": "0.35000", "2015-09-30": "0.35150", "2015-06-30": "0.35620", "2015-03-31": "0.37910", "2014-12-31": "0.38570", "2014-09-30": "0.35380", "2014-06-30": "0.38250", "2014-03-31": "0.42000", "2013-12-31": "0.44280", "2013-09-30": "1.60560", "2013-06-30": "2.21260", "2013-03-31": "4.36220", "2012-12-31": "7.35910", "2012-09-30": "3.21690", "2012-06-30": "4.26330", "2012-03-31": "8.44660", "2011-12-31": "22.42070", "2011-09-30": "3.71330", "2011-06-30": "3.74000", "2011-03-31": "6.57780", "2010-12-31": "11.79830", "2010-09-30": "3.84200", "2010-06-30": "4.10150", "2010-03-31": "4.45700", "2009-12-31": "4.04610", "2009-09-30": "2.72870", "2009-06-30": "1.92540", "2009-03-31": "1.33470", "2008-12-31": "1.00250", "2008-09-30": "0.61660", "2008-06-30": "0.37800", "2008-03-31": "0.38080", "2007-12-31": "0.38470", "2007-09-30": "0.38160", "2007-06-30": "0.37770", "2007-03-31": "0.38270", "2006-12-31": "0.38810", "2006-09-30": "0.47860", "2006-06-30": "0.35410", "2006-03-31": "0.36310", "2005-12-31": "0.36630", "2005-09-30": "0.36740", "2005-06-30": "0.38330", "2005-03-31": "0.40670"}, "Gross Margin": {"2020-09-30": "30.56520", "2020-06-30": "25.91620", "2020-03-31": "25.25120", "2019-12-31": "25.78470", "2019-09-30": "28.35350", "2019-06-30": "28.19080", "2019-03-31": "26.60130", "2018-12-31": "24.76630", "2018-09-30": "26.65450", "2018-06-30": "24.47980", "2018-03-31": "25.59020", "2017-12-31": "-13.23930", "2017-09-30": "27.54270", "2017-06-30": "27.35950", "2017-03-31": "27.19710", "2016-12-31": "26.52820", "2016-09-30": "28.33490", "2016-06-30": "28.44150", "2016-03-31": "26.35710", "2015-12-31": "29.53380", "2015-09-30": "28.40000", "2015-06-30": "28.40630", "2015-03-31": "26.25550", "2014-12-31": "24.50460", "2014-09-30": "27.80820", "2014-06-30": "28.35710", "2014-03-31": "27.18740", "2013-12-31": "23.20670", "2013-09-30": "27.60800", "2013-06-30": "27.46060", "2013-03-31": "26.31370", "2012-12-31": "22.91120", "2012-09-30": "26.64990", "2012-06-30": "26.93800", "2012-03-31": "24.82280", "2011-12-31": "22.99250", "2011-09-30": "23.13220", "2011-06-30": "25.06610", "2011-03-31": "23.96800", "2010-12-31": "20.04520", "2010-09-30": "22.47980", "2010-06-30": "23.87900", "2010-03-31": "21.15110", "2009-12-31": "11.37990", "2009-09-30": "11.35480", "2009-06-30": "10.30210", "2009-03-31": "12.41320", "2008-12-31": "14.08620", "2008-09-30": "16.99080", "2008-06-30": "20.42550", "2008-03-31": "20.01040", "2007-12-31": "18.21730", "2007-09-30": "19.80850", "2007-06-30": "21.83990", "2007-03-31": "21.70840", "2006-12-31": "20.14880", "2006-09-30": "21.59520", "2006-06-30": "22.99270", "2006-03-31": "22.17510", "2005-12-31": "21.73680", "2005-09-30": "22.61120", "2005-06-30": "25.24160", "2005-03-31": "24.40230"}, "Operating Margin": {"2020-09-30": "15.61920", "2020-06-30": "10.83220", "2020-03-31": "10.68880", "2019-12-31": "8.11900", "2019-09-30": "12.25680", "2019-06-30": "13.98370", "2019-03-31": "10.85940", "2018-12-31": "8.24610", "2018-09-30": "9.40520", "2018-06-30": "8.10480", "2018-03-31": "8.67590", "2017-12-31": "-25.77250", "2017-09-30": "10.00440", "2017-06-30": "12.65530", "2017-03-31": "9.55550", "2016-12-31": "9.15050", "2016-09-30": "11.20770", "2016-06-30": "13.03330", "2016-03-31": "8.96950", "2015-12-31": "-4.14780", "2015-09-30": "11.67460", "2015-06-30": "13.50260", "2015-03-31": "8.99870", "2014-12-31": "1.55550", "2014-09-30": "10.05260", "2014-06-30": "12.88790", "2014-03-31": "9.15190", "2013-12-31": "-1.10020", "2013-09-30": "7.60550", "2013-06-30": "12.44650", "2013-03-31": "9.03240", "2012-12-31": "-3.76180", "2012-09-30": "6.48520", "2012-06-30": "11.87020", "2012-03-31": "7.84700", "2011-12-31": "0.45000", "2011-09-30": "4.06070", "2011-06-30": "9.84220", "2011-03-31": "6.79580", "2010-12-31": "-4.23510", "2010-09-30": "3.09050", "2010-06-30": "5.48930", "2010-03-31": "1.19610", "2009-12-31": "-28.63230", "2009-09-30": "-16.43140", "2009-06-30": "-20.24220", "2009-03-31": "-17.35400", "2008-12-31": "-4.58390", "2008-09-30": "-54.51480", "2008-06-30": "-1.15790", "2008-03-31": "0.76480", "2007-12-31": "0.98890", "2007-09-30": "-3.49120", "2007-06-30": "5.66680", "2007-03-31": "3.82370", "2006-12-31": "2.22500", "2006-09-30": "5.55390", "2006-06-30": "8.95600", "2006-03-31": "6.94830", "2005-12-31": "7.50510", "2005-09-30": "7.55680", "2005-06-30": "10.98200", "2005-03-31": "7.07300"}, "EBIT Margin": {"2020-09-30": "15.61920", "2020-06-30": "10.83220", "2020-03-31": "10.68880", "2019-12-31": "8.11900", "2019-09-30": "12.25680", "2019-06-30": "13.98370", "2019-03-31": "10.85940", "2018-12-31": "8.24610", "2018-09-30": "9.40520", "2018-06-30": "8.10480", "2018-03-31": "8.67590", "2017-12-31": "-25.77250", "2017-09-30": "10.00440", "2017-06-30": "12.65530", "2017-03-31": "9.55550", "2016-12-31": "9.15050", "2016-09-30": "11.20770", "2016-06-30": "13.03330", "2016-03-31": "8.96950", "2015-12-31": "-4.14780", "2015-09-30": "11.67460", "2015-06-30": "13.50260", "2015-03-31": "8.99870", "2014-12-31": "1.55550", "2014-09-30": "10.05260", "2014-06-30": "12.88790", "2014-03-31": "9.15190", "2013-12-31": "-1.10020", "2013-09-30": "7.60550", "2013-06-30": "12.44650", "2013-03-31": "9.03240", "2012-12-31": "-3.76180", "2012-09-30": "6.48520", "2012-06-30": "11.87020", "2012-03-31": "7.84700", "2011-12-31": "0.45000", "2011-09-30": "4.06070", "2011-06-30": "9.84220", "2011-03-31": "6.79580", "2010-12-31": "-4.23510", "2010-09-30": "3.09050", "2010-06-30": "5.48930", "2010-03-31": "1.19610", "2009-12-31": "-28.63230", "2009-09-30": "-16.43140", "2009-06-30": "-20.24220", "2009-03-31": "-17.35400", "2008-12-31": "-4.58400", "2008-09-30": "-54.51480", "2008-06-30": "-1.15790", "2008-03-31": "0.76480", "2007-12-31": "0.98890", "2007-09-30": "-3.49120", "2007-06-30": "5.66680", "2007-03-31": "3.82370", "2006-12-31": "2.22500", "2006-09-30": "5.55390", "2006-06-30": "8.95600", "2006-03-31": "6.94830", "2005-12-31": "7.50510", "2005-09-30": "7.55680", "2005-06-30": "10.98200", "2005-03-31": "7.07300"}, "EBITDA Margin": {"2020-09-30": "", "2020-06-30": "", "2020-03-31": "", "2019-12-31": "", "2019-09-30": "", "2019-06-30": "", "2019-03-31": "", "2018-12-31": "", "2018-09-30": "", "2018-06-30": "", "2018-03-31": "", "2017-12-31": "", "2017-09-30": "", "2017-06-30": "", "2017-03-31": "", "2016-12-31": "", "2016-09-30": "", "2016-06-30": "", "2016-03-31": "", "2015-12-31": "", "2015-09-30": "", "2015-06-30": "", "2015-03-31": "", "2014-12-31": "", "2014-09-30": "", "2014-06-30": "", "2014-03-31": "", "2013-12-31": "", "2013-09-30": "", "2013-06-30": "", "2013-03-31": "", "2012-12-31": "", "2012-09-30": "", "2012-06-30": "", "2012-03-31": "", "2011-12-31": "", "2011-09-30": "", "2011-06-30": "", "2011-03-31": "", "2010-12-31": "", "2010-09-30": "", "2010-06-30": "", "2010-03-31": "", "2009-12-31": "", "2009-09-30": "", "2009-06-30": "", "2009-03-31": "", "2008-12-31": "", "2008-09-30": "", "2008-06-30": "", "2008-03-31": "", "2007-12-31": "", "2007-09-30": "", "2007-06-30": "", "2007-03-31": "", "2006-12-31": "", "2006-09-30": "", "2006-06-30": "", "2006-03-31": "", "2005-12-31": "", "2005-09-30": "", "2005-06-30": "", "2005-03-31": ""}, "Pre-Tax Profit Margin": {"2020-09-30": "14.24860", "2020-06-30": "8.98970", "2020-03-31": "9.22840", "2019-12-31": "6.70230", "2019-09-30": "-19.41430", "2019-06-30": "12.35930", "2019-03-31": "9.04160", "2018-12-31": "6.16720", "2018-09-30": "7.84410", "2018-06-30": "7.35610", "2018-03-31": "8.26320", "2017-12-31": "-71.05030", "2017-09-30": "9.54880", "2017-06-30": "12.31510", "2017-03-31": "9.09340", "2016-12-31": "2.21610", "2016-09-30": "10.80510", "2016-06-30": "12.57450", "2016-03-31": "8.53970", "2015-12-31": "-4.87440", "2015-09-30": "11.28140", "2015-06-30": "13.15240", "2015-03-31": "8.61320", "2014-12-31": "-0.85230", "2014-09-30": "9.53760", "2014-06-30": "12.29150", "2014-03-31": "8.39200", "2013-12-31": "-2.00970", "2013-09-30": "6.62300", "2013-06-30": "8.30370", "2013-03-31": "7.71630", "2012-12-31": "-7.08880", "2012-09-30": "3.62580", "2012-06-30": "9.85860", "2012-03-31": "6.03380", "2011-12-31": "-3.03750", "2011-09-30": "0.53610", "2011-06-30": "7.92670", "2011-03-31": "4.12820", "2010-12-31": "-7.89750", "2010-09-30": "-0.23300", "2010-06-30": "2.84810", "2010-03-31": "-1.50400", "2009-12-31": "-35.29590", "2009-09-30": "-20.41150", "2009-06-30": "-23.24930", "2009-03-31": "-20.38930", "2008-12-31": "-7.58030", "2008-09-30": "-55.41970", "2008-06-30": "-1.26570", "2008-03-31": "1.91570", "2007-12-31": "0.70330", "2007-09-30": "-3.52130", "2007-06-30": "5.39760", "2007-03-31": "3.39800", "2006-12-31": "1.42980", "2006-09-30": "5.00820", "2006-06-30": "8.45700", "2006-03-31": "6.55200", "2005-12-31": "7.13480", "2005-09-30": "7.07570", "2005-06-30": "10.72730", "2005-03-31": "9.39260"}, "Net Profit Margin": {"2020-09-30": "11.18320", "2020-06-30": "7.15730", "2020-03-31": "7.14660", "2019-12-31": "7.31260", "2019-09-30": "-24.50340", "2019-06-30": "6.66090", "2019-03-31": "-3.45480", "2018-12-31": "6.05550", "2018-09-30": "6.70430", "2018-06-30": "6.87730", "2018-03-31": "6.01780", "2017-12-31": "-51.58870", "2017-09-30": "6.92070", "2017-06-30": "8.83140", "2017-03-31": "5.99760", "2016-12-31": "1.63430", "2016-09-30": "7.81340", "2016-06-30": "8.70230", "2016-03-31": "6.05440", "2015-12-31": "-1.40780", "2015-09-30": "7.65200", "2015-06-30": "10.31520", "2015-03-31": "5.78270", "2014-12-31": "-0.45810", "2014-09-30": "11.20050", "2014-06-30": "8.25650", "2014-03-31": "6.36940", "2013-12-31": "85.25750", "2013-09-30": "7.01120", "2013-06-30": "7.32040", "2013-03-31": "5.00350", "2012-12-31": "-14.23440", "2012-09-30": "0.22880", "2012-06-30": "7.93240", "2012-03-31": "4.13710", "2011-12-31": "-4.16260", "2011-09-30": "0.53610", "2011-06-30": "6.32130", "2011-03-31": "2.78930", "2010-12-31": "-15.68950", "2010-09-30": "-0.88300", "2010-06-30": "1.35020", "2010-03-31": "-1.53960", "2009-12-31": "-18.86510", "2009-09-30": "-17.16730", "2009-06-30": "-22.78990", "2009-03-31": "-25.07150", "2008-12-31": "-7.91450", "2008-09-30": "-70.18670", "2008-06-30": "-0.40390", "2008-03-31": "0.98750", "2007-12-31": "0.47350", "2007-09-30": "0.14330", "2007-06-30": "3.76260", "2007-03-31": "3.28980", "2006-12-31": "-3.88090", "2006-09-30": "2.72840", "2006-06-30": "5.39170", "2006-03-31": "4.76900", "2005-12-31": "6.67370", "2005-09-30": "6.54280", "2005-06-30": "7.44970", "2005-03-31": "6.75180"}, "Asset Turnover": {"2020-09-30": "0.33410", "2020-06-30": "0.26420", "2020-03-31": "0.24730", "2019-12-31": "0.25740", "2019-09-30": "0.26720", "2019-06-30": "0.28790", "2019-03-31": "0.24240", "2018-12-31": "0.16700", "2018-09-30": "0.24730", "2018-06-30": "0.33420", "2018-03-31": "0.35580", "2017-12-31": "0.06750", "2017-09-30": "0.33580", "2017-06-30": "0.39960", "2017-03-31": "0.33050", "2016-12-31": "0.32970", "2016-09-30": "0.33720", "2016-06-30": "0.38300", "2016-03-31": "0.34270", "2015-12-31": "0.20950", "2015-09-30": "0.31720", "2015-06-30": "0.36840", "2015-03-31": "0.32530", "2014-12-31": "0.29980", "2014-09-30": "0.30410", "2014-06-30": "0.35410", "2014-03-31": "0.30380", "2013-12-31": "0.23380", "2013-09-30": "0.34110", "2013-06-30": "0.45940", "2013-03-31": "0.40720", "2012-12-31": "0.21820", "2012-09-30": "0.34860", "2012-06-30": "0.40980", "2012-03-31": "0.37900", "2011-12-31": "0.28510", "2011-09-30": "0.34010", "2011-06-30": "0.39270", "2011-03-31": "0.36200", "2010-12-31": "0.24780", "2010-09-30": "0.29850", "2010-06-30": "0.36990", "2010-03-31": "0.30620", "2009-12-31": "0.24260", "2009-09-30": "0.23110", "2009-06-30": "0.24990", "2009-03-31": "0.25020", "2008-12-31": "0.25980", "2008-09-30": "0.29970", "2008-06-30": "0.34190", "2008-03-31": "0.30530", "2007-12-31": "0.32890", "2007-09-30": "0.29660", "2007-06-30": "0.33960", "2007-03-31": "0.31400", "2006-12-31": "0.30800", "2006-09-30": "0.27670", "2006-06-30": "0.33300", "2006-03-31": "0.31030", "2005-12-31": "0.28630", "2005-09-30": "0.29250", "2005-06-30": "0.33760", "2005-03-31": "0.32270"}, "Inventory Turnover Ratio": {"2020-09-30": "1.45270", "2020-06-30": "1.08110", "2020-03-31": "0.85910", "2019-12-31": "0.82600", "2019-09-30": "0.86360", "2019-06-30": "1.04200", "2019-03-31": "0.94360", "2018-12-31": "0.69660", "2018-09-30": "1.05690", "2018-06-30": "1.35270", "2018-03-31": "0.99810", "2017-12-31": "0.31000", "2017-09-30": "0.97470", "2017-06-30": "1.27660", "2017-03-31": "1.05410", "2016-12-31": "1.13830", "2016-09-30": "1.03750", "2016-06-30": "1.25760", "2016-03-31": "1.06890", "2015-12-31": "0.67960", "2015-09-30": "1.00060", "2015-06-30": "1.22030", "2015-03-31": "1.06930", "2014-12-31": "1.08630", "2014-09-30": "1.00610", "2014-06-30": "1.18990", "2014-03-31": "0.98500", "2013-12-31": "0.89660", "2013-09-30": "1.06020", "2013-06-30": "1.45200", "2013-03-31": "1.21260", "2012-12-31": "0.70820", "2012-09-30": "1.20070", "2012-06-30": "1.55340", "2012-03-31": "1.38120", "2011-12-31": "1.09190", "2011-09-30": "1.27390", "2011-06-30": "1.55790", "2011-03-31": "1.36090", "2010-12-31": "1.00570", "2010-09-30": "1.21930", "2010-06-30": "1.62410", "2010-03-31": "1.31950", "2009-12-31": "1.20130", "2009-09-30": "1.17290", "2009-06-30": "1.11090", "2009-03-31": "0.91760", "2008-12-31": "0.88670", "2008-09-30": "0.96010", "2008-06-30": "1.28160", "2008-03-31": "1.09460", "2007-12-31": "1.29520", "2007-09-30": "1.05600", "2007-06-30": "1.27630", "2007-03-31": "1.14810", "2006-12-31": "1.27000", "2006-09-30": "1.18960", "2006-06-30": "1.35980", "2006-03-31": "1.22540", "2005-12-31": "1.26760", "2005-09-30": "1.20210", "2005-06-30": "1.35710", "2005-03-31": "1.22170"}, "Receiveable Turnover": {"2020-09-30": "3.09200", "2020-06-30": "2.18250", "2020-03-31": "2.07460", "2019-12-31": "2.76550", "2019-09-30": "2.35500", "2019-06-30": "2.40140", "2019-03-31": "2.10480", "2018-12-31": "2.03720", "2018-09-30": "2.66010", "2018-06-30": "2.78540", "2018-03-31": "1.94260", "2017-12-31": "0.46690", "2017-09-30": "2.39610", "2017-06-30": "2.57720", "2017-03-31": "2.09430", "2016-12-31": "2.63180", "2016-09-30": "2.40430", "2016-06-30": "2.57660", "2016-03-31": "2.03360", "2015-12-31": "1.65940", "2015-09-30": "2.47540", "2015-06-30": "2.55600", "2015-03-31": "2.08090", "2014-12-31": "2.42850", "2014-09-30": "2.32270", "2014-06-30": "2.37730", "2014-03-31": "1.94760", "2013-12-31": "1.97190", "2013-09-30": "2.09980", "2013-06-30": "2.59400", "2013-03-31": "2.11000", "2012-12-31": "1.51490", "2012-09-30": "2.16520", "2012-06-30": "2.41830", "2012-03-31": "2.17700", "2011-12-31": "2.15750", "2011-09-30": "2.25370", "2011-06-30": "2.45150", "2011-03-31": "2.10120", "2010-12-31": "2.02720", "2010-09-30": "2.21940", "2010-06-30": "2.26600", "2010-03-31": "1.91870", "2009-12-31": "1.97740", "2009-09-30": "1.80830", "2009-06-30": "1.77140", "2009-03-31": "1.92380", "2008-12-31": "1.88330", "2008-09-30": "2.00420", "2008-06-30": "2.45600", "2008-03-31": "2.07580", "2007-12-31": "2.50870", "2007-09-30": "2.59580", "2007-06-30": "2.64670", "2007-03-31": "2.45110", "2006-12-31": "2.78450", "2006-09-30": "2.82650", "2006-06-30": "2.84440", "2006-03-31": "2.61480", "2005-12-31": "2.80560", "2005-09-30": "3.00380", "2005-06-30": "3.18290", "2005-03-31": "2.77390"}, "Days Sales In Receivables": {"2020-09-30": "29.10710", "2020-06-30": "41.23710", "2020-03-31": "43.38270", "2019-12-31": "32.54360", "2019-09-30": "38.21730", "2019-06-30": "37.47740", "2019-03-31": "42.76010", "2018-12-31": "44.17750", "2018-09-30": "33.83300", "2018-06-30": "32.31130", "2018-03-31": "46.32990", "2017-12-31": "192.74930", "2017-09-30": "37.56110", "2017-06-30": "34.92160", "2017-03-31": "42.97480", "2016-12-31": "34.19670", "2016-09-30": "37.43280", "2016-06-30": "34.92920", "2016-03-31": "44.25580", "2015-12-31": "54.23710", "2015-09-30": "36.35750", "2015-06-30": "35.21190", "2015-03-31": "43.25150", "2014-12-31": "37.06050", "2014-09-30": "38.74800", "2014-06-30": "37.85850", "2014-03-31": "46.21190", "2013-12-31": "45.64030", "2013-09-30": "42.86030", "2013-06-30": "34.69540", "2013-03-31": "42.65350", "2012-12-31": "59.41020", "2012-09-30": "41.56700", "2012-06-30": "37.21610", "2012-03-31": "41.34220", "2011-12-31": "41.71570", "2011-09-30": "39.93390", "2011-06-30": "36.71260", "2011-03-31": "42.83190", "2010-12-31": "44.39640", "2010-09-30": "40.55190", "2010-06-30": "39.71810", "2010-03-31": "46.90790", "2009-12-31": "45.51350", "2009-09-30": "49.77170", "2009-06-30": "50.80750", "2009-03-31": "46.78240", "2008-12-31": "47.78800", "2008-09-30": "44.90470", "2008-06-30": "36.64470", "2008-03-31": "43.35610", "2007-12-31": "35.87470", "2007-09-30": "34.67120", "2007-06-30": "34.00490", "2007-03-31": "36.71810", "2006-12-31": "32.32200", "2006-09-30": "31.84110", "2006-06-30": "31.64090", "2006-03-31": "34.41940", "2005-12-31": "32.07920", "2005-09-30": "29.96230", "2005-06-30": "28.27630", "2005-03-31": "32.44520"}, "ROE - Return On Equity": {"2020-09-30": "9.38140", "2020-06-30": "5.21840", "2020-03-31": "5.42300", "2019-12-31": "5.76520", "2019-09-30": "-16.42220", "2019-06-30": "7.29200", "2019-03-31": "4.99050", "2018-12-31": "2.35060", "2018-09-30": "4.82640", "2018-06-30": "4.53700", "2018-03-31": "4.92300", "2017-12-31": "-11.55170", "2017-09-30": "5.03150", "2017-06-30": "7.71420", "2017-03-31": "5.03530", "2016-12-31": "1.23600", "2016-09-30": "5.94550", "2016-06-30": "7.78710", "2016-03-31": "4.84180", "2015-12-31": "-0.42930", "2015-09-30": "5.60080", "2015-06-30": "8.51600", "2015-03-31": "4.72770", "2014-12-31": "-0.19630", "2014-09-30": "4.76860", "2014-06-30": "7.33970", "2014-03-31": "4.49100", "2013-12-31": "54.44910", "2013-09-30": "19.77190", "2013-06-30": "37.14290", "2013-03-31": "42.03670", "2012-12-31": "-50.06430", "2012-09-30": "12.10980", "2012-06-30": "59.34340", "2012-03-31": "57.03880", "2011-12-31": "-35.27510", "2011-09-30": "2.48150", "2011-06-30": "32.93730", "2011-03-31": "22.28530", "2010-12-31": "-81.67610", "2010-09-30": "-3.31640", "2010-06-30": "6.81930", "2010-03-31": "-6.78140", "2009-12-31": "-58.96340", "2009-09-30": "-34.03810", "2009-06-30": "-38.90210", "2009-03-31": "-33.65610", "2008-12-31": "-9.08340", "2008-09-30": "-61.86150", "2008-06-30": "-0.31170", "2008-03-31": "0.69380", "2007-12-31": "0.63920", "2007-09-30": "-1.24510", "2007-06-30": "2.96350", "2007-03-31": "1.80730", "2006-12-31": "2.36140", "2006-09-30": "2.47230", "2006-06-30": "4.62440", "2006-03-31": "3.71450", "2005-12-31": "4.19950", "2005-09-30": "4.13280", "2005-06-30": "5.80910", "2005-03-31": "5.27610"}, "Return On Tangible Equity": {"2020-09-30": "28.36410", "2020-06-30": "18.64360", "2020-03-31": "22.46580", "2019-12-31": "24.80160", "2019-09-30": "-56.36500", "2019-06-30": "21.26330", "2019-03-31": "13.43920", "2018-12-31": "6.00480", "2018-09-30": "12.82400", "2018-06-30": "4.83320", "2018-03-31": "8.05970", "2017-12-31": "-18.85530", "2017-09-30": "8.07520", "2017-06-30": "12.32830", "2017-03-31": "8.25360", "2016-12-31": "2.05500", "2016-09-30": "9.94640", "2016-06-30": "12.56830", "2016-03-31": "8.01830", "2015-12-31": "-0.59300", "2015-09-30": "7.67510", "2015-06-30": "11.66900", "2015-03-31": "6.60440", "2014-12-31": "-0.27740", "2014-09-30": "6.53520", "2014-06-30": "10.34070", "2014-03-31": "6.40410", "2013-12-31": "79.48830", "2013-09-30": "-149.34650", "2013-06-30": "-69.86780", "2013-03-31": "-27.82570", "2012-12-31": "15.43040", "2012-09-30": "-15.48520", "2012-06-30": "-54.30380", "2012-03-31": "-18.70270", "2011-12-31": "3.59850", "2011-09-30": "-3.07790", "2011-06-30": "-51.10620", "2011-03-31": "-12.28230", "2010-12-31": "20.74310", "2010-09-30": "5.38920", "2010-06-30": "-9.16390", "2010-03-31": "7.58020", "2009-12-31": "78.58040", "2009-09-30": "323.79420", "2009-06-30": "-339.62800", "2009-03-31": "-104.59960", "2008-12-31": "-18.81390", "2008-09-30": "-91.83780", "2008-06-30": "-0.57980", "2008-03-31": "1.33530", "2007-12-31": "1.24950", "2007-09-30": "-2.43200", "2007-06-30": "6.11040", "2007-03-31": "3.75310", "2006-12-31": "4.99100", "2006-09-30": "4.87710", "2006-06-30": "9.01550", "2006-03-31": "7.38490", "2005-12-31": "8.07110", "2005-09-30": "7.91090", "2005-06-30": "11.33460", "2005-03-31": "11.25390"}, "ROA - Return On Assets": {"2020-09-30": "3.70650", "2020-06-30": "1.90420", "2020-03-31": "1.81070", "2019-12-31": "2.10410", "2019-09-30": "-6.37310", "2019-06-30": "2.77420", "2019-03-31": "1.75780", "2018-12-31": "0.86680", "2018-09-30": "1.78110", "2018-06-30": "1.98160", "2018-03-31": "2.14120", "2017-12-31": "-5.10090", "2017-09-30": "2.32410", "2017-06-30": "3.52870", "2017-03-31": "2.26640", "2016-12-31": "0.54190", "2016-09-30": "2.63170", "2016-06-30": "3.33270", "2016-03-31": "2.02390", "2015-12-31": "-0.17450", "2015-09-30": "2.30890", "2015-06-30": "3.47060", "2015-03-31": "1.86800", "2014-12-31": "-0.07350", "2014-09-30": "1.99010", "2014-06-30": "2.87380", "2014-03-31": "1.66680", "2013-12-31": "19.39090", "2013-09-30": "2.36670", "2013-06-30": "3.31700", "2013-03-31": "2.24620", "2012-12-31": "-1.60470", "2012-09-30": "0.89720", "2012-06-30": "3.65550", "2012-03-31": "1.85620", "2011-12-31": "-0.43700", "2011-09-30": "0.18230", "2011-06-30": "2.48210", "2011-03-31": "1.00980", "2010-12-31": "-2.14710", "2010-09-30": "-0.26360", "2010-06-30": "0.49940", "2010-03-31": "-0.47130", "2009-12-31": "-4.57670", "2009-09-30": "-3.96820", "2009-06-30": "-5.69510", "2009-03-31": "-6.27260", "2008-12-31": "-2.05650", "2008-09-30": "-21.03640", "2008-06-30": "-0.13810", "2008-03-31": "0.30150", "2007-12-31": "0.27720", "2007-09-30": "-0.53000", "2007-06-30": "1.26890", "2007-03-31": "0.77700", "2006-12-31": "0.99320", "2006-09-30": "1.04250", "2006-06-30": "2.03950", "2006-03-31": "1.62690", "2005-12-31": "1.79810", "2005-09-30": "1.78410", "2005-06-30": "2.44670", "2005-03-31": "2.17850"}, "ROI - Return On Investment": {"2020-09-30": "5.53530", "2020-06-30": "2.93630", "2020-03-31": "2.97970", "2019-12-31": "3.16600", "2019-09-30": "-9.31150", "2019-06-30": "4.03610", "2019-03-31": "2.74840", "2018-12-31": "1.34680", "2018-09-30": "3.07050", "2018-06-30": "3.52850", "2018-03-31": "3.81740", "2017-12-31": "-8.94660", "2017-09-30": "3.93490", "2017-06-30": "6.01210", "2017-03-31": "3.88690", "2016-12-31": "0.94990", "2016-09-30": "4.53070", "2016-06-30": "5.88750", "2016-03-31": "3.60850", "2015-12-31": "-0.31910", "2015-09-30": "4.15370", "2015-06-30": "6.29570", "2015-03-31": "3.43860", "2014-12-31": "-0.14220", "2014-09-30": "3.53110", "2014-06-30": "5.32530", "2014-03-31": "3.17430", "2013-12-31": "37.90050", "2013-09-30": "7.63480", "2013-06-30": "11.66350", "2013-03-31": "7.91640", "2012-12-31": "-6.06580", "2012-09-30": "2.89690", "2012-06-30": "11.37190", "2012-03-31": "6.09520", "2011-12-31": "-1.51120", "2011-09-30": "0.52770", "2011-06-30": "6.96060", "2011-03-31": "2.94650", "2010-12-31": "-6.39740", "2010-09-30": "-0.68770", "2010-06-30": "1.34300", "2010-03-31": "-1.25490", "2009-12-31": "-11.81290", "2009-09-30": "-9.21330", "2009-06-30": "-14.25210", "2009-03-31": "-14.44250", "2008-12-31": "-4.54610", "2008-09-30": "-38.27300", "2008-06-30": "-0.22620", "2008-03-31": "0.50260", "2007-12-31": "0.46180", "2007-09-30": "-0.90130", "2007-06-30": "2.15140", "2007-03-31": "1.30730", "2006-12-31": "1.70160", "2006-09-30": "1.82300", "2006-06-30": "3.41640", "2006-03-31": "2.72590", "2005-12-31": "3.07490", "2005-09-30": "3.02870", "2005-06-30": "4.20420", "2005-03-31": "3.75960"}, "Book Value Per Share": {"2020-09-30": "18.59450", "2020-06-30": "17.24140", "2020-03-31": "16.47880", "2019-12-31": "16.34930", "2019-09-30": "17.20990", "2019-06-30": "17.94090", "2019-03-31": "17.53790", "2018-12-31": "18.24180", "2018-09-30": "17.96290", "2018-06-30": "17.29420", "2018-03-31": "16.96670", "2017-12-31": "16.94030", "2017-09-30": "17.90570", "2017-06-30": "17.43490", "2017-03-31": "16.48970", "2016-12-31": "16.12350", "2016-09-30": "15.97040", "2016-06-30": "15.37070", "2016-03-31": "14.38950", "2015-12-31": "14.10920", "2015-09-30": "14.13980", "2015-06-30": "13.74360", "2015-03-31": "12.91260", "2014-12-31": "12.63840", "2014-09-30": "13.76330", "2014-06-30": "12.79480", "2014-03-31": "11.79190", "2013-12-31": "11.23700", "2013-09-30": "3.18470", "2013-06-30": "2.35900", "2013-03-31": "1.44440", "2012-12-31": "0.86690", "2012-09-30": "2.07610", "2012-06-30": "1.77230", "2012-03-31": "0.92300", "2011-12-31": "0.34680", "2011-09-30": "2.12620", "2011-06-30": "2.36270", "2011-03-31": "1.38640", "2010-12-31": "0.79400", "2010-09-30": "2.44960", "2010-06-30": "2.26750", "2010-03-31": "2.16730", "2009-12-31": "2.38120", "2009-09-30": "3.80450", "2009-06-30": "4.77010", "2009-03-31": "6.20750", "2008-12-31": "8.31840", "2008-09-30": "13.44250", "2008-06-30": "21.97690", "2008-03-31": "21.88810", "2007-12-31": "21.64650", "2007-09-30": "21.64600", "2007-06-30": "21.59560", "2007-03-31": "21.02210", "2006-12-31": "20.59930", "2006-09-30": "22.20890", "2006-06-30": "21.92670", "2006-03-31": "21.16740", "2005-12-31": "20.68640", "2005-09-30": "20.54340", "2005-06-30": "19.66270", "2005-03-31": "18.48930"}, "Operating Cash Flow Per Share": {"2020-09-30": 5.317, "2020-06-30": 3.6994, "2020-03-31": "-0.98510", "2019-12-31": 2.5277, "2019-09-30": 0.9491, "2019-06-30": 2.4979, "2019-03-31": "-0.90230", "2018-12-31": 1.1588, "2018-09-30": 0.3843, "2018-06-30": 3.0334, "2018-03-31": "-0.75560", "2017-12-31": 1.6054, "2017-09-30": 0.9445, "2017-06-30": 2.8435, "2017-03-31": "-0.95060", "2016-12-31": 1.577, "2016-09-30": 0.7916, "2016-06-30": 3.2875, "2016-03-31": "-0.92460", "2015-12-31": 1.0867, "2015-09-30": 1.361, "2015-06-30": 2.4468, "2015-03-31": "-1.38970", "2014-12-31": 1.2591, "2014-09-30": 0.5453, "2014-06-30": 1.9402, "2014-03-31": "-1.13470", "2013-12-31": 0.5369, "2013-09-30": 0.4548, "2013-06-30": 2.0237, "2013-03-31": "-1.15720", "2012-12-31": 0.5857, "2012-09-30": 0.6643, "2012-06-30": 1.2443, "2012-03-31": "-0.75510", "2011-12-31": 0.0819, "2011-09-30": 0.0076, "2011-06-30": 1.7753, "2011-03-31": "-0.89840", "2010-12-31": 0.1468, "2010-09-30": 0.6645, "2010-06-30": 1.1872, "2010-03-31": "0.31720", "2009-12-31": -0.0543, "2009-09-30": 0.7036, "2009-06-30": 0.1991, "2009-03-31": "0.57130", "2008-12-31": -0.3658, "2008-09-30": -0.4801, "2008-06-30": 1.5481, "2008-03-31": "-0.83920", "2007-12-31": 1.0058, "2007-09-30": 1.2952, "2007-06-30": 1.7096, "2007-03-31": "-0.52610", "2006-12-31": 1.432, "2006-09-30": 0.9163, "2006-06-30": 1.9294, "2006-03-31": "-0.94820", "2005-12-31": 1.8368, "2005-09-30": 1.4218, "2005-06-30": 1.823, "2005-03-31": "-0.70000"}, "Free Cash Flow Per Share": {"2020-09-30": 4.9474, "2020-06-30": 3.2739, "2020-03-31": "-1.67620", "2019-12-31": 1.9192, "2019-09-30": 0.4742, "2019-06-30": 1.9288, "2019-03-31": "-1.88180", "2018-12-31": 0.4069, "2018-09-30": 0.0228, "2018-06-30": 2.5249, "2018-03-31": "-1.17230", "2017-12-31": 1.3366, "2017-09-30": 0.4302, "2017-06-30": 2.2766, "2017-03-31": "-1.48850", "2016-12-31": 0.9068, "2016-09-30": 0.3326, "2016-06-30": 2.8265, "2016-03-31": "-1.42130", "2015-12-31": 0.9277, "2015-09-30": 1.0089, "2015-06-30": 2.1179, "2015-03-31": "-1.73420", "2014-12-31": 0.7851, "2014-09-30": 0.2654, "2014-06-30": 1.6628, "2014-03-31": "-1.35470", "2013-12-31": 0.1334, "2013-09-30": 0.2701, "2013-06-30": 1.605, "2013-03-31": "-1.31870", "2012-12-31": 0.2367, "2012-09-30": 0.351, "2012-06-30": 1.1308, "2012-03-31": "-0.83860", "2011-12-31": -0.1464, "2011-09-30": -0.2095, "2011-06-30": 1.637, "2011-03-31": "-0.92860", "2010-12-31": -0.0982, "2010-09-30": 0.5583, "2010-06-30": 1.0954, "2010-03-31": "0.23140", "2009-12-31": -0.1878, "2009-09-30": 0.7013, "2009-06-30": 0.1765, "2009-03-31": "0.50000", "2008-12-31": -0.3488, "2008-09-30": -0.7135, "2008-06-30": 1.231, "2008-03-31": "-1.14040", "2007-12-31": 0.5118, "2007-09-30": 0.4875, "2007-06-30": 1.2499, "2007-03-31": "-0.95540", "2006-12-31": 0.7605, "2006-09-30": 0.4604, "2006-06-30": 1.4774, "2006-03-31": "-1.45860", "2005-12-31": 1.0868, "2005-09-30": 0.7287, "2005-06-30": 1.4042, "2005-03-31": "-0.96770"}}, "revenue": {"Brunswick Annual Revenue (Millions of US $)": {"2020": "$4,348", "2019": "$4,108", "2018": "$4,121", "2017": "$3,802", "2016": "$4,489", "2015": "$3,780", "2014": "$3,839", "2013": "$3,600", "2012": "$3,417", "2011": "$3,670", "2010": "$3,338", "2009": "$2,776", "2008": "$4,709", "2007": "$5,671", "2006": "$5,665", "2005": "$5,607"}, "Brunswick Quarterly Revenue (Millions of US $)": {"2020-12-31": "$1,161", "2020-09-30": "$1,233", "2020-06-30": "$988", "2020-03-31": "$966", "2019-12-31": "$918", "2019-09-30": "$977", "2019-06-30": "$1,164", "2019-03-31": "$1,051", "2018-12-31": "$717", "2018-09-30": "$1,044", "2018-06-30": "$1,149", "2018-03-31": "$1,211", "2017-12-31": "$227", "2017-09-30": "$1,142", "2017-06-30": "$1,352", "2017-03-31": "$1,082", "2016-12-31": "$1,083", "2016-09-30": "$1,093", "2016-06-30": "$1,242", "2016-03-31": "$1,070", "2015-12-31": "$661", "2015-09-30": "$992", "2015-06-30": "$1,142", "2015-03-31": "$986", "2014-12-31": "$939", "2014-09-30": "$932", "2014-06-30": "$1,073", "2014-03-31": "$895", "2013-12-31": "$682", "2013-09-30": "$824", "2013-06-30": "$1,098", "2013-03-31": "$995", "2012-12-31": "$529", "2012-09-30": "$874", "2012-06-30": "$1,054", "2012-03-31": "$960", "2011-12-31": "$711", "2011-09-30": "$877", "2011-06-30": "$1,096", "2011-03-31": "$986", "2010-12-31": "$664", "2010-09-30": "$815", "2010-06-30": "$1,015", "2010-03-31": "$844", "2009-12-31": "$657", "2009-09-30": "$666", "2009-06-30": "$718", "2009-03-31": "$735", "2008-12-31": "$838", "2008-09-30": "$1,039", "2008-06-30": "$1,485", "2008-03-31": "$1,347", "2007-12-31": "$1,436", "2007-09-30": "$1,326", "2007-06-30": "$1,523", "2007-03-31": "$1,386", "2006-12-31": "$1,371", "2006-09-30": "$1,338", "2006-06-30": "$1,543", "2006-03-31": "$1,413", "2005-12-31": "$1,323", "2005-09-30": "$1,351", "2005-06-30": "$1,532", "2005-03-31": "$1,401"}}, "gross-profit": {"Brunswick Annual Gross Profit (Millions of US $)": {"2020": "$1,213", "2019": "$1,121", "2018": "$1,047", "2017": "$949", "2016": "$1,232", "2015": "$1,060", "2014": "$1,037", "2013": "$949", "2012": "$876", "2011": "$877", "2010": "$737", "2009": "$316", "2008": "$867", "2007": "$1,158", "2006": "$1,233", "2005": "$1,322"}, "Brunswick Quarterly Gross Profit (Millions of US $)": {"2020-12-31": "$336", "2020-09-30": "$377", "2020-06-30": "$256", "2020-03-31": "$244", "2019-12-31": "$237", "2019-09-30": "$277", "2019-06-30": "$328", "2019-03-31": "$280", "2018-12-31": "$178", "2018-09-30": "$278", "2018-06-30": "$281", "2018-03-31": "$310", "2017-12-31": "$-30", "2017-09-30": "$314", "2017-06-30": "$370", "2017-03-31": "$294", "2016-12-31": "$287", "2016-09-30": "$310", "2016-06-30": "$353", "2016-03-31": "$282", "2015-12-31": "$195", "2015-09-30": "$282", "2015-06-30": "$324", "2015-03-31": "$259", "2014-12-31": "$230", "2014-09-30": "$259", "2014-06-30": "$304", "2014-03-31": "$243", "2013-12-31": "$158", "2013-09-30": "$228", "2013-06-30": "$302", "2013-03-31": "$262", "2012-12-31": "$121", "2012-09-30": "$233", "2012-06-30": "$284", "2012-03-31": "$238", "2011-12-31": "$164", "2011-09-30": "$203", "2011-06-30": "$275", "2011-03-31": "$236", "2010-12-31": "$133", "2010-09-30": "$183", "2010-06-30": "$242", "2010-03-31": "$179", "2009-12-31": "$75", "2009-09-30": "$76", "2009-06-30": "$74", "2009-03-31": "$91", "2008-12-31": "$118", "2008-09-30": "$177", "2008-06-30": "$303", "2008-03-31": "$270", "2007-12-31": "$262", "2007-09-30": "$263", "2007-06-30": "$333", "2007-03-31": "$301", "2006-12-31": "$276", "2006-09-30": "$289", "2006-06-30": "$355", "2006-03-31": "$313", "2005-12-31": "$288", "2005-09-30": "$306", "2005-06-30": "$387", "2005-03-31": "$342"}}, "operating-income": {"Brunswick Annual Operating Income (Millions of US $)": {"2020": "$539", "2019": "$471", "2018": "$356", "2017": "$330", "2016": "$480", "2015": "$331", "2014": "$329", "2013": "$282", "2012": "$237", "2011": "$214", "2010": "$63", "2009": "$-571", "2008": "$-612", "2007": "$107", "2006": "$341", "2005": "$469"}, "Brunswick Quarterly Operating Income (Millions of US $)": {"2020-12-31": "$137", "2020-09-30": "$193", "2020-06-30": "$107", "2020-03-31": "$103", "2019-12-31": "$75", "2019-09-30": "$120", "2019-06-30": "$163", "2019-03-31": "$114", "2018-12-31": "$59", "2018-09-30": "$98", "2018-06-30": "$93", "2018-03-31": "$105", "2017-12-31": "$-58", "2017-09-30": "$114", "2017-06-30": "$171", "2017-03-31": "$103", "2016-12-31": "$99", "2016-09-30": "$123", "2016-06-30": "$162", "2016-03-31": "$96", "2015-12-31": "$-27", "2015-09-30": "$116", "2015-06-30": "$154", "2015-03-31": "$89", "2014-12-31": "$15", "2014-09-30": "$94", "2014-06-30": "$138", "2014-03-31": "$82", "2013-12-31": "$-8", "2013-09-30": "$63", "2013-06-30": "$137", "2013-03-31": "$90", "2012-12-31": "$-20", "2012-09-30": "$57", "2012-06-30": "$125", "2012-03-31": "$75", "2011-12-31": "$3", "2011-09-30": "$36", "2011-06-30": "$108", "2011-03-31": "$67", "2010-12-31": "$-28", "2010-09-30": "$25", "2010-06-30": "$56", "2010-03-31": "$10", "2009-12-31": "$-188", "2009-09-30": "$-109", "2009-06-30": "$-145", "2009-03-31": "$-128", "2008-12-31": "$-38", "2008-09-30": "$-566", "2008-06-30": "$-17", "2008-03-31": "$10", "2007-12-31": "$14", "2007-09-30": "$-46", "2007-06-30": "$86", "2007-03-31": "$53", "2006-12-31": "$31", "2006-09-30": "$74", "2006-06-30": "$138", "2006-03-31": "$98", "2005-12-31": "$99", "2005-09-30": "$102", "2005-06-30": "$168", "2005-03-31": "$99"}}, "ebitda": {"Brunswick Annual EBITDA (Millions of US $)": {"2019": "$610", "2018": "$480", "2017": "$417", "2016": "$583", "2015": "$408", "2014": "$410", "2013": "$353", "2012": "$310", "2011": "$313", "2010": "$187", "2009": "$-413", "2008": "$130", "2007": "$354", "2006": "$509", "2005": "$625"}, "Brunswick Quarterly EBITDA (Millions of US $)": {"2020-09-30": "$231", "2020-06-30": "$144", "2020-03-31": "$138", "2019-12-31": "$112", "2019-09-30": "$155", "2019-06-30": "$196", "2019-03-31": "$147", "2018-12-31": "$98", "2018-09-30": "$134", "2018-06-30": "$115", "2018-03-31": "$133", "2017-12-31": "$-55", "2017-09-30": "$142", "2017-06-30": "$203", "2017-03-31": "$127", "2016-12-31": "$126", "2016-09-30": "$149", "2016-06-30": "$187", "2016-03-31": "$121", "2015-12-31": "$-17", "2015-09-30": "$138", "2015-06-30": "$176", "2015-03-31": "$111", "2014-12-31": "$37", "2014-09-30": "$115", "2014-06-30": "$158", "2014-03-31": "$100", "2013-12-31": "$11", "2013-09-30": "$72", "2013-06-30": "$158", "2013-03-31": "$112", "2012-12-31": "$-15", "2012-09-30": "$79", "2012-06-30": "$148", "2012-03-31": "$98", "2011-12-31": "$23", "2011-09-30": "$61", "2011-06-30": "$133", "2011-03-31": "$95", "2010-12-31": "$-3", "2010-09-30": "$56", "2010-06-30": "$88", "2010-03-31": "$45", "2009-12-31": "$-151", "2009-09-30": "$-70", "2009-06-30": "$-106", "2009-03-31": "$-86", "2008-12-31": "$193", "2008-09-30": "$-147", "2008-06-30": "$29", "2008-03-31": "$55", "2007-12-31": "$131", "2007-09-30": "$-1", "2007-06-30": "$130", "2007-03-31": "$94", "2006-12-31": "$75", "2006-09-30": "$116", "2006-06-30": "$179", "2006-03-31": "$139", "2005-12-31": "$141", "2005-09-30": "$141", "2005-06-30": "$206", "2005-03-31": "$138"}}, "net-income": {"Brunswick Annual Net Income (Millions of US $)": {"2020": "$373", "2019": "$-131", "2018": "$265", "2017": "$146", "2016": "$276", "2015": "$241", "2014": "$246", "2013": "$769", "2012": "$50", "2011": "$72", "2010": "$-111", "2009": "$-586", "2008": "$-788", "2007": "$112", "2006": "$134", "2005": "$385"}, "Brunswick Quarterly Net Income (Millions of US $)": {"2020-12-31": "$95", "2020-09-30": "$138", "2020-06-30": "$71", "2020-03-31": "$69", "2019-12-31": "$67", "2019-09-30": "$-239", "2019-06-30": "$78", "2019-03-31": "$-36", "2018-12-31": "$43", "2018-09-30": "$70", "2018-06-30": "$79", "2018-03-31": "$73", "2017-12-31": "$-117", "2017-09-30": "$79", "2017-06-30": "$119", "2017-03-31": "$65", "2016-12-31": "$18", "2016-09-30": "$85", "2016-06-30": "$108", "2016-03-31": "$65", "2015-12-31": "$-9", "2015-09-30": "$76", "2015-06-30": "$118", "2015-03-31": "$57", "2014-12-31": "$-4", "2014-09-30": "$104", "2014-06-30": "$89", "2014-03-31": "$57", "2013-12-31": "$581", "2013-09-30": "$58", "2013-06-30": "$80", "2013-03-31": "$50", "2012-12-31": "$-75", "2012-09-30": "$2", "2012-06-30": "$84", "2012-03-31": "$40", "2011-12-31": "$-30", "2011-09-30": "$5", "2011-06-30": "$69", "2011-03-31": "$28", "2010-12-31": "$-104", "2010-09-30": "$-7", "2010-06-30": "$14", "2010-03-31": "$-13", "2009-12-31": "$-124", "2009-09-30": "$-114", "2009-06-30": "$-164", "2009-03-31": "$-184", "2008-12-31": "$-66", "2008-09-30": "$-729", "2008-06-30": "$-6", "2008-03-31": "$13", "2007-12-31": "$7", "2007-09-30": "$2", "2007-06-30": "$57", "2007-03-31": "$46", "2006-12-31": "$-53", "2006-09-30": "$37", "2006-06-30": "$83", "2006-03-31": "$67", "2005-12-31": "$88", "2005-09-30": "$88", "2005-06-30": "$114", "2005-03-31": "$95"}}, "eps-earnings-per-share-diluted": {"Brunswick Annual EPS": {"2020": "$4.68", "2019": "$-1.53", "2018": "$3.01", "2017": "$1.62", "2016": "$3.00", "2015": "$2.56", "2014": "$2.58", "2013": "$8.20", "2012": "$0.54", "2011": "$0.78", "2010": "$-1.25", "2009": "$-6.63", "2008": "$-8.93", "2007": "$1.24", "2006": "$1.41", "2005": "$3.90"}, "Brunswick Quarterly EPS": {"2020-12-31": "$1.20", "2020-09-30": "$1.73", "2020-06-30": "$0.89", "2020-03-31": "$0.86", "2019-12-31": "$0.81", "2019-09-30": "$-2.82", "2019-06-30": "$0.89", "2019-03-31": "$-0.41", "2018-12-31": "$0.49", "2018-09-30": "$0.80", "2018-06-30": "$0.90", "2018-03-31": "$0.82", "2017-12-31": "$-1.29", "2017-09-30": "$0.88", "2017-06-30": "$1.32", "2017-03-31": "$0.71", "2016-12-31": "$0.20", "2016-09-30": "$0.93", "2016-06-30": "$1.17", "2016-03-31": "$0.70", "2015-12-31": "$-0.10", "2015-09-30": "$0.81", "2015-06-30": "$1.25", "2015-03-31": "$0.60", "2014-12-31": "$-0.05", "2014-09-30": "$1.10", "2014-06-30": "$0.93", "2014-03-31": "$0.60", "2013-12-31": "$6.20", "2013-09-30": "$0.61", "2013-06-30": "$0.86", "2013-03-31": "$0.53", "2012-12-31": "$-0.81", "2012-09-30": "$0.02", "2012-06-30": "$0.90", "2012-03-31": "$0.43", "2011-12-31": "$-0.32", "2011-09-30": "$0.05", "2011-06-30": "$0.75", "2011-03-31": "$0.30", "2010-12-31": "$-1.17", "2010-09-30": "$-0.08", "2010-06-30": "$0.15", "2010-03-31": "$-0.15", "2009-12-31": "$-1.41", "2009-09-30": "$-1.29", "2009-06-30": "$-1.85", "2009-03-31": "$-2.08", "2008-12-31": "$-0.75", "2008-09-30": "$-8.26", "2008-06-30": "$-0.07", "2008-03-31": "$0.15", "2007-12-31": "$0.09", "2007-09-30": "$0.02", "2007-06-30": "$0.63", "2007-03-31": "$0.50", "2006-12-31": "$-0.55", "2006-09-30": "$0.39", "2006-06-30": "$0.87", "2006-03-31": "$0.70", "2005-12-31": "$0.90", "2005-09-30": "$0.89", "2005-06-30": "$1.15", "2005-03-31": "$0.96"}}, "shares-outstanding": {"Brunswick Annual Shares Outstanding (Millions of Shares)": {"2020": "80", "2019": "86", "2018": "88", "2017": "90", "2016": "92", "2015": "94", "2014": "95", "2013": "94", "2012": "92", "2011": "92", "2010": "89", "2009": "88", "2008": "88", "2007": "90", "2006": "95", "2005": "99"}, "Brunswick Quarterly Shares Outstanding (Millions of Shares)": {"2020-12-31": "79", "2020-09-30": "80", "2020-06-30": "80", "2020-03-31": "80", "2019-12-31": "86", "2019-09-30": "85", "2019-06-30": "87", "2019-03-31": "88", "2018-12-31": "88", "2018-09-30": "88", "2018-06-30": "88", "2018-03-31": "89", "2017-12-31": "90", "2017-09-30": "90", "2017-06-30": "91", "2017-03-31": "91", "2016-12-31": "92", "2016-09-30": "92", "2016-06-30": "92", "2016-03-31": "93", "2015-12-31": "94", "2015-09-30": "94", "2015-06-30": "95", "2015-03-31": "95", "2014-12-31": "95", "2014-09-30": "95", "2014-06-30": "95", "2014-03-31": "95", "2013-12-31": "94", "2013-09-30": "94", "2013-06-30": "94", "2013-03-31": "94", "2012-12-31": "92", "2012-09-30": "93", "2012-06-30": "92", "2012-03-31": "92", "2011-12-31": "92", "2011-09-30": "92", "2011-06-30": "93", "2011-03-31": "93", "2010-12-31": "89", "2010-09-30": "89", "2010-06-30": "92", "2010-03-31": "89", "2009-12-31": "88", "2009-09-30": "88", "2009-06-30": "88", "2009-03-31": "88", "2008-12-31": "88", "2008-09-30": "88", "2008-06-30": "88", "2008-03-31": "88", "2007-12-31": "90", "2007-09-30": "89", "2007-06-30": "91", "2007-03-31": "92", "2006-12-31": "95", "2006-09-30": "94", "2006-06-30": "96", "2006-03-31": "97", "2005-12-31": "99", "2005-09-30": "99", "2005-06-30": "99", "2005-03-31": "99"}}, "total-assets": {"Brunswick Annual Total Assets (Millions of US $)": {"2019": "$3,564", "2018": "$4,292", "2017": "$3,358", "2016": "$3,285", "2015": "$3,153", "2014": "$3,131", "2013": "$2,916", "2012": "$2,424", "2011": "$2,494", "2010": "$2,678", "2009": "$2,709", "2008": "$3,224", "2007": "$4,366", "2006": "$4,450", "2005": "$4,622"}, "Brunswick Quarterly Total Assets (Millions of US $)": {"2020-09-30": "$3,691", "2020-06-30": "$3,739", "2020-03-31": "$3,905", "2019-12-31": "$3,564", "2019-09-30": "$3,654", "2019-06-30": "$4,041", "2019-03-31": "$4,335", "2018-12-31": "$4,292", "2018-09-30": "$4,222", "2018-06-30": "$3,437", "2018-03-31": "$3,405", "2017-12-31": "$3,358", "2017-09-30": "$3,399", "2017-06-30": "$3,384", "2017-03-31": "$3,274", "2016-12-31": "$3,285", "2016-09-30": "$3,241", "2016-06-30": "$3,244", "2016-03-31": "$3,123", "2015-12-31": "$3,153", "2015-09-30": "$3,127", "2015-06-30": "$3,100", "2015-03-31": "$3,030", "2014-12-31": "$3,131", "2014-09-30": "$3,065", "2014-06-30": "$3,031", "2014-03-31": "$2,946", "2013-12-31": "$2,916", "2013-09-30": "$2,417", "2013-06-30": "$2,391", "2013-03-31": "$2,444", "2012-12-31": "$2,424", "2012-09-30": "$2,508", "2012-06-30": "$2,572", "2012-03-31": "$2,532", "2011-12-31": "$2,494", "2011-09-30": "$2,578", "2011-06-30": "$2,792", "2011-03-31": "$2,723", "2010-12-31": "$2,678", "2010-09-30": "$2,732", "2010-06-30": "$2,743", "2010-03-31": "$2,758", "2009-12-31": "$2,709", "2009-09-30": "$2,880", "2009-06-30": "$2,874", "2009-03-31": "$2,937", "2008-12-31": "$3,224", "2008-09-30": "$3,466", "2008-06-30": "$4,345", "2008-03-31": "$4,411", "2007-12-31": "$4,366", "2007-09-30": "$4,472", "2007-06-30": "$4,484", "2007-03-31": "$4,415", "2006-12-31": "$4,450", "2006-09-30": "$4,835", "2006-06-30": "$4,633", "2006-03-31": "$4,555", "2005-12-31": "$4,622", "2005-09-30": "$4,619", "2005-06-30": "$4,537", "2005-03-31": "$4,342"}}, "cash-on-hand": {"Brunswick Annual Cash on Hand (Millions of US $)": {"2019": "$333", "2018": "$304", "2017": "$459", "2016": "$469", "2015": "$682", "2014": "$652", "2013": "$376", "2012": "$390", "2011": "$435", "2010": "$636", "2009": "$527", "2008": "$318", "2007": "$331", "2006": "$283", "2005": "$488"}, "Brunswick Quarterly Cash on Hand (Millions of US $)": {"2020-09-30": "$660", "2020-06-30": "$554", "2020-03-31": "$515", "2019-12-31": "$333", "2019-09-30": "$379", "2019-06-30": "$669", "2019-03-31": "$171", "2018-12-31": "$304", "2018-09-30": "$313", "2018-06-30": "$446", "2018-03-31": "$294", "2017-12-31": "$459", "2017-09-30": "$403", "2017-06-30": "$449", "2017-03-31": "$285", "2016-12-31": "$469", "2016-09-30": "$451", "2016-06-30": "$506", "2016-03-31": "$296", "2015-12-31": "$682", "2015-09-30": "$670", "2015-06-30": "$624", "2015-03-31": "$442", "2014-12-31": "$652", "2014-09-30": "$615", "2014-06-30": "$354", "2014-03-31": "$236", "2013-12-31": "$376", "2013-09-30": "$361", "2013-06-30": "$343", "2013-03-31": "$290", "2012-12-31": "$390", "2012-09-30": "$428", "2012-06-30": "$482", "2012-03-31": "$391", "2011-12-31": "$435", "2011-09-30": "$479", "2011-06-30": "$606", "2011-03-31": "$501", "2010-12-31": "$636", "2010-09-30": "$677", "2010-06-30": "$620", "2010-03-31": "$553", "2009-12-31": "$527", "2009-09-30": "$624", "2009-06-30": "$461", "2009-03-31": "$359", "2008-12-31": "$318", "2008-09-30": "$343", "2008-06-30": "$393", "2008-03-31": "$267", "2007-12-31": "$331", "2007-09-30": "$328", "2007-06-30": "$279", "2007-03-31": "$204", "2006-12-31": "$283", "2006-09-30": "$560", "2006-06-30": "$311", "2006-03-31": "$217", "2005-12-31": "$488", "2005-09-30": "$536", "2005-06-30": "$509", "2005-03-31": "$440"}}, "long-term-debt": {"Brunswick Annual Long Term Debt (Millions of US $)": {"2019": "$1,068", "2018": "$1,180", "2017": "$432", "2016": "$434", "2015": "$443", "2014": "$446", "2013": "$453", "2012": "$564", "2011": "$690", "2010": "$828", "2009": "$839", "2008": "$729", "2007": "$727", "2006": "$726", "2005": "$724"}, "Brunswick Quarterly Long Term Debt (Millions of US $)": {"2020-09-30": "$1,013", "2020-06-30": "$1,060", "2020-03-31": "$1,069", "2019-12-31": "$1,068", "2019-09-30": "$1,083", "2019-06-30": "$1,240", "2019-03-31": "$1,246", "2018-12-31": "$1,180", "2018-09-30": "$891", "2018-06-30": "$429", "2018-03-31": "$429", "2017-12-31": "$432", "2017-09-30": "$438", "2017-06-30": "$438", "2017-03-31": "$435", "2016-12-31": "$434", "2016-09-30": "$448", "2016-06-30": "$448", "2016-03-31": "$446", "2015-12-31": "$443", "2015-09-30": "$449", "2015-06-30": "$446", "2015-03-31": "$449", "2014-12-31": "$446", "2014-09-30": "$448", "2014-06-30": "$449", "2014-03-31": "$454", "2013-12-31": "$453", "2013-09-30": "$460", "2013-06-30": "$466", "2013-03-31": "$563", "2012-12-31": "$564", "2012-09-30": "$591", "2012-06-30": "$668", "2012-03-31": "$689", "2011-12-31": "$690", "2011-09-30": "$701", "2011-06-30": "$785", "2011-03-31": "$810", "2010-12-31": "$828", "2010-09-30": "$830", "2010-06-30": "$819", "2010-03-31": "$844", "2009-12-31": "$839", "2009-09-30": "$905", "2009-06-30": "$728", "2009-03-31": "$728", "2008-12-31": "$729", "2008-09-30": "$726", "2008-06-30": "$727", "2008-03-31": "$729", "2007-12-31": "$727", "2007-09-30": "$726", "2007-06-30": "$725", "2007-03-31": "$726", "2006-12-31": "$726", "2006-09-30": "$726", "2006-06-30": "$723", "2006-03-31": "$724", "2005-12-31": "$724", "2005-09-30": "$727", "2005-06-30": "$729", "2005-03-31": "$723"}}, "total-liabilities": {"Brunswick Annual Total Liabilities (Millions of US $)": {"2019": "$2,264", "2018": "$2,709", "2017": "$1,875", "2016": "$1,845", "2015": "$1,871", "2014": "$1,959", "2013": "$1,877", "2012": "$2,347", "2011": "$2,463", "2010": "$2,608", "2009": "$2,499", "2008": "$2,494", "2007": "$2,473", "2006": "$2,579", "2005": "$2,643"}, "Brunswick Quarterly Total Liabilities (Millions of US $)": {"2020-09-30": "$2,233", "2020-06-30": "$2,375", "2020-03-31": "$2,601", "2019-12-31": "$2,264", "2019-09-30": "$2,236", "2019-06-30": "$2,504", "2019-03-31": "$2,808", "2018-12-31": "$2,709", "2018-09-30": "$2,664", "2018-06-30": "$1,936", "2018-03-31": "$1,924", "2017-12-31": "$1,875", "2017-09-30": "$1,829", "2017-06-30": "$1,836", "2017-03-31": "$1,800", "2016-12-31": "$1,845", "2016-09-30": "$1,807", "2016-06-30": "$1,855", "2016-03-31": "$1,817", "2015-12-31": "$1,871", "2015-09-30": "$1,838", "2015-06-30": "$1,837", "2015-03-31": "$1,833", "2014-12-31": "$1,959", "2014-09-30": "$1,786", "2014-06-30": "$1,844", "2014-03-31": "$1,852", "2013-12-31": "$1,877", "2013-09-30": "$2,128", "2013-06-30": "$2,177", "2013-03-31": "$2,314", "2012-12-31": "$2,347", "2012-09-30": "$2,322", "2012-06-30": "$2,413", "2012-03-31": "$2,450", "2011-12-31": "$2,463", "2011-09-30": "$2,388", "2011-06-30": "$2,582", "2011-03-31": "$2,600", "2010-12-31": "$2,608", "2010-09-30": "$2,515", "2010-06-30": "$2,543", "2010-03-31": "$2,566", "2009-12-31": "$2,499", "2009-09-30": "$2,545", "2009-06-30": "$2,454", "2009-03-31": "$2,389", "2008-12-31": "$2,494", "2008-09-30": "$2,287", "2008-06-30": "$2,420", "2008-03-31": "$2,494", "2007-12-31": "$2,473", "2007-09-30": "$2,568", "2007-06-30": "$2,564", "2007-03-31": "$2,517", "2006-12-31": "$2,579", "2006-09-30": "$2,796", "2006-06-30": "$2,590", "2006-03-31": "$2,560", "2005-12-31": "$2,643", "2005-09-30": "$2,625", "2005-06-30": "$2,626", "2005-03-31": "$2,549"}}, "total-share-holder-equity": {"Brunswick Annual Share Holder Equity (Millions of US $)": {"2019": "$1,301", "2018": "$1,583", "2017": "$1,483", "2016": "$1,440", "2015": "$1,281", "2014": "$1,172", "2013": "$1,038", "2012": "$78", "2011": "$31", "2010": "$70", "2009": "$210", "2008": "$730", "2007": "$1,893", "2006": "$1,872", "2005": "$1,979"}, "Brunswick Quarterly Share Holder Equity (Millions of US $)": {"2020-09-30": "$1,458", "2020-06-30": "$1,364", "2020-03-31": "$1,304", "2019-12-31": "$1,301", "2019-09-30": "$1,418", "2019-06-30": "$1,537", "2019-03-31": "$1,527", "2018-12-31": "$1,583", "2018-09-30": "$1,558", "2018-06-30": "$1,501", "2018-03-31": "$1,481", "2017-12-31": "$1,483", "2017-09-30": "$1,570", "2017-06-30": "$1,548", "2017-03-31": "$1,474", "2016-12-31": "$1,440", "2016-09-30": "$1,435", "2016-06-30": "$1,388", "2016-03-31": "$1,305", "2015-12-31": "$1,281", "2015-09-30": "$1,289", "2015-06-30": "$1,264", "2015-03-31": "$1,197", "2014-12-31": "$1,172", "2014-09-30": "$1,279", "2014-06-30": "$1,187", "2014-03-31": "$1,093", "2013-12-31": "$1,038", "2013-09-30": "$289", "2013-06-30": "$214", "2013-03-31": "$131", "2012-12-31": "$78", "2012-09-30": "$186", "2012-06-30": "$158", "2012-03-31": "$82", "2011-12-31": "$31", "2011-09-30": "$189", "2011-06-30": "$210", "2011-03-31": "$123", "2010-12-31": "$70", "2010-09-30": "$217", "2010-06-30": "$201", "2010-03-31": "$192", "2009-12-31": "$210", "2009-09-30": "$336", "2009-06-30": "$421", "2009-03-31": "$547", "2008-12-31": "$730", "2008-09-30": "$1,179", "2008-06-30": "$1,925", "2008-03-31": "$1,917", "2007-12-31": "$1,893", "2007-09-30": "$1,903", "2007-06-30": "$1,920", "2007-03-31": "$1,898", "2006-12-31": "$1,872", "2006-09-30": "$2,039", "2006-06-30": "$2,044", "2006-03-31": "$1,995", "2005-12-31": "$1,979", "2005-09-30": "$1,994", "2005-06-30": "$1,911", "2005-03-31": "$1,793"}}, "profit-margins": {"current": "8.57%"}, "gross margin": {"2020-12-31": "27.90%", "2020-09-30": "27.14%", "2020-06-30": "26.34%", "2020-03-31": "26.98%", "2019-12-31": "27.27%", "2019-09-30": "27.17%", "2019-06-30": "26.74%", "2019-03-31": "25.65%", "2018-12-31": "25.41%", "2018-09-30": "23.11%", "2018-06-30": "23.46%", "2018-03-31": "24.52%", "2017-12-31": "24.93%", "2017-09-30": "27.15%", "2017-06-30": "27.35%", "2017-03-31": "27.64%", "2016-12-31": "27.45%", "2016-09-30": "28.04%", "2016-06-30": "28.05%", "2016-03-31": "28.02%", "2015-12-31": "28.03%", "2015-09-30": "26.98%", "2015-06-30": "26.81%", "2015-03-31": "26.77%", "2014-12-31": "26.99%", "2014-09-30": "26.91%", "2014-06-30": "26.86%", "2014-03-31": "26.61%", "2013-12-31": "26.40%", "2013-09-30": "26.49%", "2013-06-30": "26.26%", "2013-03-31": "26.07%", "2012-12-31": "25.64%", "2012-09-30": "25.51%", "2012-06-30": "24.65%", "2012-03-31": "24.12%", "2011-12-31": "23.90%", "2011-09-30": "23.38%", "2011-06-30": "23.22%", "2011-03-31": "22.82%", "2010-12-31": "22.08%", "2010-09-30": "20.38%", "2010-06-30": "17.98%", "2010-03-31": "14.00%", "2009-12-31": "11.38%", "2009-09-30": "12.14%", "2009-06-30": "13.81%", "2009-03-31": "16.82%", "2008-12-31": "18.43%", "2008-09-30": "19.07%", "2008-06-30": "19.63%", "2008-03-31": "20.03%", "2007-12-31": "20.44%", "2007-09-30": "20.92%", "2007-06-30": "21.34%", "2007-03-31": "21.66%", "2006-12-31": "21.77%", "2006-09-30": "22.16%", "2006-06-30": "22.42%", "2006-03-31": "23.03%", "2005-12-31": "23.60%"}, "operating margin": {"2020-12-31": "12.42%", "2020-09-30": "11.62%", "2020-06-30": "10.50%", "2020-03-31": "11.43%", "2019-12-31": "11.46%", "2019-09-30": "11.67%", "2019-06-30": "10.92%", "2019-03-31": "9.19%", "2018-12-31": "8.61%", "2018-09-30": "6.55%", "2018-06-30": "6.81%", "2018-03-31": "8.44%", "2017-12-31": "8.68%", "2017-09-30": "10.45%", "2017-06-30": "10.76%", "2017-03-31": "10.82%", "2016-12-31": "10.70%", "2016-09-30": "8.71%", "2016-06-30": "8.75%", "2016-03-31": "8.77%", "2015-12-31": "8.78%", "2015-09-30": "9.21%", "2015-06-30": "8.80%", "2015-03-31": "8.55%", "2014-12-31": "8.57%", "2014-09-30": "8.54%", "2014-06-30": "7.92%", "2014-03-31": "7.83%", "2013-12-31": "7.84%", "2013-09-30": "7.84%", "2013-06-30": "7.55%", "2013-03-31": "7.30%", "2012-12-31": "6.94%", "2012-09-30": "7.22%", "2012-06-30": "6.64%", "2012-03-31": "6.09%", "2011-12-31": "5.83%", "2011-09-30": "5.05%", "2011-06-30": "4.83%", "2011-03-31": "3.45%", "2010-12-31": "1.89%", "2010-09-30": "-2.91%", "2010-06-30": "-7.26%", "2010-03-31": "-14.97%", "2009-12-31": "-20.53%", "2009-09-30": "-14.20%", "2009-06-30": "-26.34%", "2009-03-31": "-18.28%", "2008-12-31": "-12.98%", "2008-09-30": "-10.53%", "2008-06-30": "-0.70%", "2008-03-31": "1.14%", "2007-12-31": "1.89%", "2007-09-30": "2.19%", "2007-06-30": "4.33%", "2007-03-31": "5.23%", "2006-12-31": "6.00%", "2006-09-30": "7.28%", "2006-06-30": "7.76%", "2006-03-31": "8.31%", "2005-12-31": "8.35%"}, "ebitda margin": {"2020-09-30": "15.23%", "2020-06-30": "14.26%", "2020-03-31": "14.93%", "2019-12-31": "14.84%", "2019-09-30": "15.25%", "2019-06-30": "14.46%", "2019-03-31": "12.47%", "2018-12-31": "11.65%", "2018-09-30": "9.01%", "2018-06-30": "8.98%", "2018-03-31": "10.76%", "2017-12-31": "10.97%", "2017-09-30": "12.84%", "2017-06-30": "13.12%", "2017-03-31": "13.09%", "2016-12-31": "12.99%", "2016-09-30": "10.82%", "2016-06-30": "10.82%", "2016-03-31": "10.82%", "2015-12-31": "10.79%", "2015-09-30": "11.38%", "2015-06-30": "10.98%", "2015-03-31": "10.71%", "2014-12-31": "10.68%", "2014-09-30": "10.72%", "2014-06-30": "9.82%", "2014-03-31": "9.75%", "2013-12-31": "9.81%", "2013-09-30": "9.49%", "2013-06-30": "9.55%", "2013-03-31": "9.39%", "2012-12-31": "9.07%", "2012-09-30": "9.67%", "2012-06-30": "9.16%", "2012-03-31": "8.64%", "2011-12-31": "8.50%", "2011-09-30": "7.89%", "2011-06-30": "7.89%", "2011-03-31": "6.78%", "2010-12-31": "5.57%", "2010-09-30": "1.14%", "2010-06-30": "-2.77%", "2010-03-31": "-9.77%", "2009-12-31": "-14.88%", "2009-09-30": "-2.33%", "2009-06-30": "-4.35%", "2009-03-31": "-0.24%", "2008-12-31": "2.78%", "2008-09-30": "1.30%", "2008-06-30": "3.83%", "2008-03-31": "5.59%", "2007-12-31": "6.24%", "2007-09-30": "5.32%", "2007-06-30": "7.39%", "2007-03-31": "8.23%", "2006-12-31": "8.98%", "2006-09-30": "10.24%", "2006-06-30": "10.66%", "2006-03-31": "11.16%", "2005-12-31": "11.16%"}, "pre tax profit margin": {"2020-12-31": "10.88%", "2020-09-30": "10.13%", "2020-06-30": "1.30%", "2020-03-31": "2.61%", "2019-12-31": "2.70%", "2019-09-30": "2.38%", "2019-06-30": "9.18%", "2019-03-31": "7.73%", "2018-12-31": "7.55%", "2018-09-30": "2.92%", "2018-06-30": "3.57%", "2018-03-31": "5.47%", "2017-12-31": "5.60%", "2017-09-30": "8.54%", "2017-06-30": "8.83%", "2017-03-31": "8.80%", "2016-12-31": "8.67%", "2016-09-30": "8.19%", "2016-06-30": "8.25%", "2016-03-31": "8.31%", "2015-12-31": "8.33%", "2015-09-30": "8.35%", "2015-06-30": "7.90%", "2015-03-31": "7.58%", "2014-12-31": "7.50%", "2014-09-30": "7.87%", "2014-06-30": "7.14%", "2014-03-31": "5.92%", "2013-12-31": "5.81%", "2013-09-30": "5.37%", "2013-06-30": "4.63%", "2013-03-31": "5.07%", "2012-12-31": "4.57%", "2012-09-30": "4.78%", "2012-06-30": "4.03%", "2012-03-31": "3.51%", "2011-12-31": "3.02%", "2011-09-30": "2.24%", "2011-06-30": "2.08%", "2011-03-31": "0.46%", "2010-12-31": "-1.14%", "2010-09-30": "-6.54%", "2010-06-30": "-11.06%", "2010-03-31": "-18.99%", "2009-12-31": "-24.68%", "2009-09-30": "-17.48%", "2009-06-30": "-28.74%", "2009-03-31": "-19.75%", "2008-12-31": "-13.44%", "2008-09-30": "-10.53%", "2008-06-30": "-0.54%", "2008-03-31": "1.26%", "2007-12-31": "1.62%", "2007-09-30": "1.82%", "2007-06-30": "3.84%", "2007-03-31": "4.70%", "2006-12-31": "5.49%", "2006-09-30": "6.85%", "2006-06-30": "7.35%", "2006-03-31": "7.96%", "2005-12-31": "8.67%"}, "net profit margin": {"2020-12-31": "8.58%", "2020-09-30": "8.40%", "2020-06-30": "-0.83%", "2020-03-31": "-0.62%", "2019-12-31": "-3.16%", "2019-09-30": "-3.94%", "2019-06-30": "3.90%", "2019-03-31": "3.94%", "2018-12-31": "6.43%", "2018-09-30": "2.89%", "2018-06-30": "3.06%", "2018-03-31": "3.92%", "2017-12-31": "3.84%", "2017-09-30": "6.03%", "2017-06-30": "6.23%", "2017-03-31": "6.13%", "2016-12-31": "6.15%", "2016-09-30": "6.12%", "2016-06-30": "6.05%", "2016-03-31": "6.47%", "2015-12-31": "6.40%", "2015-09-30": "6.09%", "2015-06-30": "6.88%", "2015-03-31": "6.26%", "2014-12-31": "6.41%", "2014-09-30": "23.20%", "2014-06-30": "22.60%", "2014-03-31": "22.18%", "2013-12-31": "21.37%", "2013-09-30": "3.28%", "2013-06-30": "1.63%", "2013-03-31": "1.77%", "2012-12-31": "1.49%", "2012-09-30": "2.67%", "2012-06-30": "2.75%", "2012-03-31": "2.31%", "2011-12-31": "1.96%", "2011-09-30": "-0.06%", "2011-06-30": "-0.39%", "2011-03-31": "-1.98%", "2010-12-31": "-3.30%", "2010-09-30": "-3.90%", "2010-06-30": "-7.45%", "2010-03-31": "-14.38%", "2009-12-31": "-21.11%", "2009-09-30": "-17.86%", "2009-06-30": "-34.32%", "2009-03-31": "-24.04%", "2008-12-31": "-16.73%", "2008-09-30": "-13.47%", "2008-06-30": "0.29%", "2008-03-31": "1.40%", "2007-12-31": "1.97%", "2007-09-30": "0.93%", "2007-06-30": "1.55%", "2007-03-31": "2.00%", "2006-12-31": "2.37%", "2006-09-30": "4.90%", "2006-06-30": "5.79%", "2006-03-31": "6.35%", "2005-12-31": "6.87%"}, "pe ratio": {"current": "17.68", "2021-02-05": "25.76", "2020-12-31": "21.91", "2020-09-30": "13.65", "2020-06-30": "0.00", "2020-03-31": "0.00", "2019-12-31": "0.00", "2019-09-30": "0.00", "2019-06-30": "25.45", "2019-03-31": "27.62", "2018-12-31": "14.93", "2018-09-30": "53.83", "2018-06-30": "48.41", "2018-03-31": "33.47", "2017-12-31": "33.17", "2017-09-30": "17.18", "2017-06-30": "18.89", "2017-03-31": "19.29", "2016-12-31": "17.20", "2016-09-30": "16.98", "2016-06-30": "16.46", "2016-03-31": "16.84", "2015-12-31": "18.36", "2015-09-30": "17.02", "2015-06-30": "16.23", "2015-03-31": "18.41", "2014-12-31": "18.30", "2014-09-30": "4.41", "2014-06-30": "4.65", "2014-03-31": "5.03", "2013-12-31": "5.15", "2013-09-30": "31.30", "2013-06-30": "51.00", "2013-03-31": "51.04", "2012-12-31": "51.90", "2012-09-30": "20.14", "2012-06-30": "19.21", "2012-03-31": "25.98", "2011-12-31": "21.30", "2011-09-30": "0.00", "2011-06-30": "0.00", "2011-03-31": "0.00", "2010-12-31": "0.00", "2010-09-30": "0.00", "2010-06-30": "0.00", "2010-03-31": "0.00", "2009-12-31": "0.00", "2009-09-30": "0.00", "2009-06-30": "0.00", "2009-03-31": "0.00", "2008-12-31": "0.00", "2008-09-30": "0.00", "2008-06-30": "51.65", "2008-03-31": "15.92", "2007-12-31": "12.16", "2007-09-30": "33.52", "2007-06-30": "29.21", "2007-03-31": "22.76", "2006-12-31": "19.52"}, "price sales": {"2021-02-05": "1.64", "2020-12-31": "1.40", "2020-09-30": "1.16", "2020-06-30": "1.36", "2020-03-31": "0.74", "2019-12-31": "1.24", "2019-09-30": "1.14", "2019-06-30": "0.99", "2019-03-31": "1.09", "2018-12-31": "0.96", "2018-09-30": "1.57", "2018-06-30": "1.48", "2018-03-31": "1.30", "2017-12-31": "1.25", "2017-09-30": "1.04", "2017-06-30": "1.18", "2017-03-31": "1.18", "2016-12-31": "1.06", "2016-09-30": "1.04", "2016-06-30": "1.00", "2016-03-31": "1.09", "2015-12-31": "1.18", "2015-09-30": "1.04", "2015-06-30": "1.12", "2015-03-31": "1.15", "2014-12-31": "1.17", "2014-09-30": "1.03", "2014-06-30": "1.05", "2014-03-31": "1.11", "2013-12-31": "1.09", "2013-09-30": "0.98", "2013-06-30": "0.77", "2013-03-31": "0.84", "2012-12-31": "0.72", "2012-09-30": "0.53", "2012-06-30": "0.52", "2012-03-31": "0.59", "2011-12-31": "0.41", "2011-09-30": "0.32", "2011-06-30": "0.47", "2011-03-31": "0.60", "2010-12-31": "0.46", "2010-09-30": "0.37", "2010-06-30": "0.32", "2010-03-31": "0.44", "2009-12-31": "0.37", "2009-09-30": "0.32", "2009-06-30": "0.10", "2009-03-31": "0.07", "2008-12-31": "0.07", "2008-09-30": "0.19", "2008-06-30": "0.15", "2008-03-31": "0.22", "2007-12-31": "0.24", "2007-09-30": "0.32", "2007-06-30": "0.46", "2007-03-31": "0.45", "2006-12-31": "0.46"}, "price book": {"current": "4.65", "2021-02-05": "4.82", "2020-09-30": "3.16", "2020-06-30": "3.69", "2020-03-31": "2.12", "2019-12-31": "3.61", "2019-09-30": "2.97", "2019-06-30": "2.50", "2019-03-31": "2.79", "2018-12-31": "2.46", "2018-09-30": "3.60", "2018-06-30": "3.58", "2018-03-31": "3.35", "2017-12-31": "3.11", "2017-09-30": "2.97", "2017-06-30": "3.41", "2017-03-31": "3.51", "2016-12-31": "3.19", "2016-09-30": "2.87", "2016-06-30": "2.76", "2016-03-31": "3.11", "2015-12-31": "3.33", "2015-09-30": "3.14", "2015-06-30": "3.43", "2015-03-31": "3.68", "2014-12-31": "3.74", "2014-09-30": "2.81", "2014-06-30": "3.02", "2014-03-31": "3.51", "2013-12-31": "3.74", "2013-09-30": "11.40", "2013-06-30": "12.32", "2013-03-31": "21.56", "2012-12-31": "30.53", "2012-09-30": "9.90", "2012-06-30": "11.38", "2012-03-31": "25.33", "2011-12-31": "47.28", "2011-09-30": "5.98", "2011-06-30": "7.82", "2011-03-31": "16.60", "2010-12-31": "21.36", "2010-09-30": "5.61", "2010-06-30": "4.95", "2010-03-31": "6.65", "2009-12-31": "4.82", "2009-09-30": "2.83", "2009-06-30": "0.81", "2009-03-31": "0.50", "2008-12-31": "0.45", "2008-09-30": "0.83", "2008-06-30": "0.42", "2008-03-31": "0.64", "2007-12-31": "0.69", "2007-09-30": "0.90", "2007-06-30": "1.28", "2007-03-31": "1.29", "2006-12-31": "1.32", "2006-09-30": "1.17", "2006-06-30": "1.27", "2006-03-31": "1.53"}, "price fcf": {"2021-02-05": "", "2020-09-30": "$8.46", "2020-06-30": "$3.99", "2020-03-31": "$2.65", "2019-12-31": "$2.44", "2019-09-30": "$0.93", "2019-06-30": "$0.48", "2019-03-31": "$1.07", "2018-12-31": "$1.78", "2018-09-30": "$2.71", "2018-06-30": "$3.12", "2018-03-31": "$2.87", "2017-12-31": "$2.55", "2017-09-30": "$2.13", "2017-06-30": "$2.03", "2017-03-31": "$2.58", "2016-12-31": "$2.64", "2016-09-30": "$2.67", "2016-06-30": "$3.34", "2016-03-31": "$2.63", "2015-12-31": "$2.32", "2015-09-30": "$2.18", "2015-06-30": "$1.43", "2015-03-31": "$0.98", "2014-12-31": "$1.36", "2014-09-30": "$0.71", "2014-06-30": "$0.71", "2014-03-31": "$0.65", "2013-12-31": "$0.69", "2013-09-30": "$0.79", "2013-06-30": "$0.87", "2013-03-31": "$0.40", "2012-12-31": "$0.88", "2012-09-30": "$0.50", "2012-06-30": "$-0.06", "2012-03-31": "$0.44", "2011-12-31": "$0.35", "2011-09-30": "$0.40", "2011-06-30": "$1.17", "2011-03-31": "$0.63", "2010-12-31": "$1.79", "2010-09-30": "$1.70", "2010-06-30": "$1.84", "2010-03-31": "$0.92", "2009-12-31": "$1.19", "2009-09-30": "$1.03", "2009-06-30": "$-0.39", "2009-03-31": "$0.67", "2008-12-31": "$-0.97", "2008-09-30": "$-0.11", "2008-06-30": "$1.09", "2008-03-31": "$1.11", "2007-12-31": "$1.29", "2007-09-30": "$1.54", "2007-06-30": "$1.52", "2007-03-31": "$1.74", "2006-12-31": "$1.24"}, "net worth": {"value": "$7.02B"}, "current ratio": {"2020-12-31": "1.55", "2020-09-30": "1.77", "2020-06-30": "1.63", "2020-03-31": "1.45", "2019-12-31": "1.62", "2019-09-30": "1.87", "2019-06-30": "1.98", "2019-03-31": "1.61", "2018-12-31": "1.50", "2018-09-30": "1.26", "2018-06-30": "1.70", "2018-03-31": "1.73", "2017-12-31": "1.78", "2017-09-30": "1.81", "2017-06-30": "1.80", "2017-03-31": "1.75", "2016-12-31": "1.75", "2016-09-30": "1.85", "2016-06-30": "1.86", "2016-03-31": "1.80", "2015-12-31": "1.99", "2015-09-30": "2.10", "2015-06-30": "2.05", "2015-03-31": "1.97", "2014-12-31": "2.19", "2014-09-30": "2.20", "2014-06-30": "1.88", "2014-03-31": "1.80", "2013-12-31": "1.71", "2013-09-30": "1.63", "2013-06-30": "1.57", "2013-03-31": "1.57", "2012-12-31": "1.45", "2012-09-30": "1.61", "2012-06-30": "1.68", "2012-03-31": "1.62", "2011-12-31": "1.49", "2011-09-30": "1.59", "2011-06-30": "1.68", "2011-03-31": "1.64", "2010-12-31": "1.61", "2010-09-30": "1.77", "2010-06-30": "1.71", "2010-03-31": "1.68", "2009-12-31": "1.61", "2009-09-30": "1.77", "2009-06-30": "1.56", "2009-03-31": "1.68", "2008-12-31": "1.74", "2008-09-30": "1.65", "2008-06-30": "1.75", "2008-03-31": "1.67", "2007-12-31": "1.63", "2007-09-30": "1.65", "2007-06-30": "1.65", "2007-03-31": "1.64", "2006-12-31": "1.61", "2006-09-30": "1.62", "2006-06-30": "1.72", "2006-03-31": "1.71", "2005-12-31": "1.71", "2005-09-30": "1.83", "2005-06-30": "1.82", "2005-03-31": "1.83"}, "quick ratio": {"2020-12-31": "0.89", "2020-09-30": "1.15", "2020-06-30": "0.98", "2020-03-31": "0.80", "2019-12-31": "0.74", "2019-09-30": "0.98", "2019-06-30": "1.19", "2019-03-31": "0.93", "2018-12-31": "0.88", "2018-09-30": "0.77", "2018-06-30": "1.12", "2018-03-31": "0.89", "2017-12-31": "0.98", "2017-09-30": "0.95", "2017-06-30": "1.02", "2017-03-31": "0.97", "2016-12-31": "1.03", "2016-09-30": "1.03", "2016-06-30": "1.10", "2016-03-31": "0.97", "2015-12-31": "1.23", "2015-09-30": "1.28", "2015-06-30": "1.28", "2015-03-31": "1.17", "2014-12-31": "1.46", "2014-09-30": "1.42", "2014-06-30": "1.15", "2014-03-31": "1.04", "2013-12-31": "1.05", "2013-09-30": "0.98", "2013-06-30": "0.95", "2013-03-31": "0.90", "2012-12-31": "0.84", "2012-09-30": "1.02", "2012-06-30": "1.13", "2012-03-31": "1.03", "2011-12-31": "0.94", "2011-09-30": "1.00", "2011-06-30": "1.14", "2011-03-31": "1.06", "2010-12-31": "1.06", "2010-09-30": "1.19", "2010-06-30": "1.20", "2010-03-31": "1.13", "2009-12-31": "1.07", "2009-09-30": "1.19", "2009-06-30": "0.96", "2009-03-31": "0.90", "2008-12-31": "0.92", "2008-09-30": "0.86", "2008-06-30": "1.02", "2008-03-31": "0.92", "2007-12-31": "0.93", "2007-09-30": "0.88", "2007-06-30": "0.92", "2007-03-31": "0.88", "2006-12-31": "0.94", "2006-09-30": "1.02", "2006-06-30": "1.03", "2006-03-31": "0.98", "2005-12-31": "1.09", "2005-09-30": "1.14", "2005-06-30": "1.14", "2005-03-31": "1.09"}, "debt equity ratio": {"current": "0.60", "2020-12-31": "1.50", "2020-09-30": "1.53", "2020-06-30": "1.74", "2020-03-31": "2.00", "2019-12-31": "1.74", "2019-09-30": "1.58", "2019-06-30": "1.63", "2019-03-31": "1.84", "2018-12-31": "1.71", "2018-09-30": "1.71", "2018-06-30": "1.29", "2018-03-31": "1.30", "2017-12-31": "1.27", "2017-09-30": "1.17", "2017-06-30": "1.19", "2017-03-31": "1.22", "2016-12-31": "1.28", "2016-09-30": "1.26", "2016-06-30": "1.34", "2016-03-31": "1.39", "2015-12-31": "1.46", "2015-09-30": "1.43", "2015-06-30": "1.45", "2015-03-31": "1.53", "2014-12-31": "1.67", "2014-09-30": "1.40", "2014-06-30": "1.55", "2014-03-31": "1.69", "2013-12-31": "1.81", "2013-09-30": "7.35", "2013-06-30": "10.20", "2013-03-31": "17.71", "2012-12-31": "30.20", "2012-09-30": "12.50", "2012-06-30": "15.23", "2012-03-31": "29.73", "2011-12-31": "79.72", "2011-09-30": "12.61", "2011-06-30": "12.27", "2011-03-31": "21.07", "2010-12-31": "37.04", "2010-09-30": "11.58", "2010-06-30": "12.66", "2010-03-31": "13.39", "2009-12-31": "11.88", "2009-09-30": "7.58", "2009-06-30": "5.83", "2009-03-31": "4.37", "2008-12-31": "3.42", "2008-09-30": "1.94", "2008-06-30": "1.26", "2008-03-31": "1.30", "2007-12-31": "1.31", "2007-09-30": "1.35", "2007-06-30": "1.34", "2007-03-31": "1.33", "2006-12-31": "1.38", "2006-09-30": "1.37", "2006-06-30": "1.27", "2006-03-31": "1.28", "2005-12-31": "1.34", "2005-09-30": "1.32", "2005-06-30": "1.37", "2005-03-31": "1.42"}, "return on equity": {"2020-12-31": "26.47%", "2020-09-30": "25.43%", "2020-06-30": "-2.38%", "2020-03-31": "-1.80%", "2019-12-31": "-8.99%", "2019-09-30": "-10.16%", "2019-06-30": "9.99%", "2019-03-31": "10.12%", "2018-12-31": "17.31%", "2018-09-30": "6.97%", "2018-06-30": "7.56%", "2018-03-31": "10.13%", "2017-12-31": "9.61%", "2017-09-30": "18.63%", "2017-06-30": "19.47%", "2017-03-31": "19.24%", "2016-12-31": "19.83%", "2016-09-30": "18.41%", "2016-06-30": "18.24%", "2016-03-31": "19.46%", "2015-12-31": "19.24%", "2015-09-30": "20.07%", "2015-06-30": "22.39%", "2015-03-31": "20.35%", "2014-12-31": "20.80%", "2014-09-30": "72.31%", "2014-06-30": "87.05%", "2014-03-31": "117.84%", "2013-12-31": "183.97%", "2013-09-30": "63.48%", "2013-06-30": "37.44%", "2013-03-31": "44.12%", "2012-12-31": "40.48%", "2012-09-30": "84.03%", "2012-06-30": "86.09%", "2012-03-31": "65.63%", "2011-12-31": "52.08%", "2011-09-30": "-1.35%", "2011-06-30": "-9.03%", "2011-03-31": "-45.17%", "2010-12-31": "-64.71%", "2010-09-30": "-63.41%", "2010-06-30": "-100.96%", "2010-03-31": "-143.23%", "2009-12-31": "-154.82%", "2009-09-30": "-103.83%", "2009-06-30": "-158.92%", "2009-03-31": "-89.93%", "2008-12-31": "-54.81%", "2008-09-30": "-41.37%", "2008-06-30": "0.84%", "2008-03-31": "4.14%", "2007-12-31": "5.88%", "2007-09-30": "2.74%", "2007-06-30": "4.50%", "2007-03-31": "5.76%", "2006-12-31": "6.74%", "2006-09-30": "13.65%", "2006-06-30": "16.28%", "2006-03-31": "18.12%", "2005-12-31": "20.06%"}, "return on assets": {"2020-12-31": "9.88%", "2020-09-30": "9.26%", "2020-06-30": "-0.86%", "2020-03-31": "-0.66%", "2019-12-31": "-3.33%", "2019-09-30": "-3.77%", "2019-06-30": "3.67%", "2019-03-31": "3.83%", "2018-12-31": "6.90%", "2018-09-30": "2.91%", "2018-06-30": "3.35%", "2018-03-31": "4.55%", "2017-12-31": "4.35%", "2017-09-30": "8.42%", "2017-06-30": "8.71%", "2017-03-31": "8.46%", "2016-12-31": "8.56%", "2016-09-30": "7.81%", "2016-06-30": "7.59%", "2016-03-31": "8.00%", "2015-12-31": "7.80%", "2015-09-30": "7.98%", "2015-06-30": "8.92%", "2015-03-31": "8.03%", "2014-12-31": "8.08%", "2014-09-30": "27.80%", "2014-06-30": "27.76%", "2014-03-31": "29.09%", "2013-12-31": "30.25%", "2013-09-30": "4.67%", "2013-06-30": "2.33%", "2013-03-31": "2.45%", "2012-12-31": "2.03%", "2012-09-30": "3.80%", "2012-06-30": "3.89%", "2012-03-31": "3.23%", "2011-12-31": "2.72%", "2011-09-30": "-0.07%", "2011-06-30": "-0.51%", "2011-03-31": "-2.54%", "2010-12-31": "-4.03%", "2010-09-30": "-4.75%", "2010-06-30": "-8.55%", "2010-03-31": "-14.79%", "2009-12-31": "-20.56%", "2009-09-30": "-17.73%", "2009-06-30": "-36.57%", "2009-03-31": "-28.20%", "2008-12-31": "-20.41%", "2008-09-30": "-17.24%", "2008-06-30": "0.36%", "2008-03-31": "1.78%", "2007-12-31": "2.53%", "2007-09-30": "1.17%", "2007-06-30": "1.91%", "2007-03-31": "2.47%", "2006-12-31": "2.90%", "2006-09-30": "5.90%", "2006-06-30": "7.08%", "2006-03-31": "7.79%", "2005-12-31": "8.50%"}, "return on investments": {"2020-12-31": "22.30%", "2020-09-30": "19.80%", "2020-06-30": "16.71%", "2020-03-31": "18.36%", "2019-12-31": "18.08%", "2019-09-30": "16.87%", "2019-06-30": "16.13%", "2019-03-31": "14.69%", "2018-12-31": "15.69%", "2018-09-30": "11.60%", "2018-06-30": "13.09%", "2018-03-31": "16.98%", "2017-12-31": "16.88%", "2017-09-30": "25.05%", "2017-06-30": "25.93%", "2017-03-31": "25.97%", "2016-12-31": "26.14%", "2016-09-30": "19.68%", "2016-06-30": "19.69%", "2016-03-31": "19.59%", "2015-12-31": "19.48%", "2015-09-30": "22.29%", "2015-06-30": "21.01%", "2015-03-31": "20.28%", "2014-12-31": "20.16%", "2014-09-30": "19.12%", "2014-06-30": "20.28%", "2014-03-31": "24.53%", "2013-12-31": "31.20%", "2013-09-30": "39.07%", "2013-06-30": "37.82%", "2013-03-31": "34.30%", "2012-12-31": "31.43%", "2012-09-30": "33.59%", "2012-06-30": "29.78%", "2012-03-31": "26.28%", "2011-12-31": "24.17%", "2011-09-30": "19.68%", "2011-06-30": "17.75%", "2011-03-31": "12.31%", "2010-12-31": "6.30%", "2010-09-30": "-9.34%", "2010-06-30": "-21.26%", "2010-03-31": "-38.61%", "2009-12-31": "-48.36%", "2009-09-30": "-32.79%", "2009-06-30": "-60.62%", "2009-03-31": "-41.10%", "2008-12-31": "-28.22%", "2008-09-30": "-22.76%", "2008-06-30": "-1.48%", "2008-03-31": "2.43%", "2007-12-31": "4.07%", "2007-09-30": "4.69%", "2007-06-30": "9.14%", "2007-03-31": "10.97%", "2006-12-31": "12.54%", "2006-09-30": "14.94%", "2006-06-30": "16.02%", "2006-03-31": "17.33%", "2005-12-31": "17.69%"}, "return on tangible equity": {"2020-09-30": "93.18%", "2020-06-30": "-9.07%", "2020-03-31": "-6.42%", "2019-12-31": "-28.75%", "2019-09-30": "-28.96%", "2019-06-30": "26.96%", "2019-03-31": "19.61%", "2018-12-31": "30.11%", "2018-09-30": "11.03%", "2018-06-30": "10.86%", "2018-03-31": "16.39%", "2017-12-31": "15.56%", "2017-09-30": "30.29%", "2017-06-30": "31.97%", "2017-03-31": "31.70%", "2016-12-31": "32.74%", "2016-09-30": "29.00%", "2016-06-30": "27.30%", "2016-03-31": "27.94%", "2015-12-31": "26.54%", "2015-09-30": "27.84%", "2015-06-30": "31.06%", "2015-03-31": "28.43%", "2014-12-31": "29.19%", "2014-09-30": "102.18%", "2014-06-30": "137.60%", "2014-03-31": "234.09%", "2013-12-31": "849.72%", "2013-09-30": "-75.21%", "2013-06-30": "-32.20%", "2013-03-31": "-31.81%", "2012-12-31": "-24.85%", "2012-09-30": "-44.04%", "2012-06-30": "-45.00%", "2012-03-31": "-39.86%", "2011-12-31": "-35.29%", "2011-09-30": "1.01%", "2011-06-30": "7.26%", "2011-03-31": "35.16%", "2010-12-31": "60.11%", "2010-09-30": "84.83%", "2010-06-30": "184.44%", "2010-03-31": "525.32%", "2009-12-31": "-7561.29%", "2009-09-30": "-390.39%", "2009-06-30": "-333.72%", "2009-03-31": "-167.16%", "2008-12-31": "-99.21%", "2008-09-30": "-75.40%", "2008-06-30": "1.61%", "2008-03-31": "8.17%", "2007-12-31": "11.83%", "2007-09-30": "5.61%", "2007-06-30": "9.25%", "2007-03-31": "11.65%", "2006-12-31": "13.50%", "2006-09-30": "26.74%", "2006-06-30": "31.63%", "2006-03-31": "35.22%", "2005-12-31": "39.57%"}, "dividend yield history": {"last payout": "$1.08", "last yield": "1.20%"}}