{"ticker": "BG", "price": {"title": "Bunge Historical Annual Stock Price Data", "value": 73.09, "historical": {"2020": {"Average Stock Price": "47.7101", "Year Open": "57.5600", "Year High": "66.0400", "Year Low": "30.2500", "Year Close": "65.5800", "Annual % Change": "13.95%"}, "2019": {"Average Stock Price": "54.4052", "Year Open": "53.4300", "Year High": "58.4300", "Year Low": "48.6000", "Year Close": "57.5500", "Annual % Change": "7.69%"}, "2018": {"Average Stock Price": "68.6763", "Year Open": "67.9900", "Year High": "82.5500", "Year Low": "52.0600", "Year Close": "53.4400", "Annual % Change": "-20.33%"}, "2017": {"Average Stock Price": "73.6671", "Year Open": "73.2400", "Year High": "83.2200", "Year Low": "65.1500", "Year Close": "67.0800", "Annual % Change": "-7.14%"}, "2016": {"Average Stock Price": "61.7939", "Year Open": "66.8200", "Year High": "73.6100", "Year Low": "47.7900", "Year Close": "72.2400", "Annual % Change": "5.80%"}, "2015": {"Average Stock Price": "80.4438", "Year Open": "91.1600", "Year High": "92.8500", "Year Low": "61.8100", "Year Close": "68.2800", "Annual % Change": "-24.89%"}, "2014": {"Average Stock Price": "81.2325", "Year Open": "81.9200", "Year High": "92.9100", "Year Low": "73.5100", "Year Close": "90.9100", "Annual % Change": "10.72%"}, "2013": {"Average Stock Price": "75.5553", "Year Open": "73.9100", "Year High": "83.1100", "Year Low": "66.4000", "Year Close": "82.1100", "Annual % Change": "12.96%"}, "2012": {"Average Stock Price": "65.4447", "Year Open": "58.7400", "Year High": "73.8200", "Year Low": "57.2200", "Year Close": "72.6900", "Annual % Change": "27.08%"}, "2011": {"Average Stock Price": "66.3200", "Year Open": "65.3900", "Year High": "75.4400", "Year Low": "55.5100", "Year Close": "57.2000", "Annual % Change": "-12.70%"}, "2010": {"Average Stock Price": "57.9985", "Year Open": "64.6500", "Year High": "71.2900", "Year Low": "46.2900", "Year Close": "65.5200", "Annual % Change": "2.65%"}, "2009": {"Average Stock Price": "58.8554", "Year Open": "53.1700", "Year High": "72.4100", "Year Low": "41.6100", "Year Close": "63.8300", "Annual % Change": "23.30%"}, "2008": {"Average Stock Price": "88.6485", "Year Open": "122.1000", "Year High": "133.0000", "Year Low": "29.9900", "Year Close": "51.7700", "Annual % Change": "-55.53%"}, "2007": {"Average Stock Price": "89.5512", "Year Open": "71.6000", "Year High": "124.2300", "Year Low": "70.1300", "Year Close": "116.4100", "Annual % Change": "60.54%"}, "2006": {"Average Stock Price": "57.9773", "Year Open": "57.5000", "Year High": "73.1700", "Year Low": "48.2300", "Year Close": "72.5100", "Annual % Change": "28.09%"}, "2005": {"Average Stock Price": "56.0712", "Year Open": "56.9800", "Year High": "67.3100", "Year Low": "48.3000", "Year Close": "56.6100", "Annual % Change": "-0.70%"}, "2004": {"Average Stock Price": "40.6945", "Year Open": "32.9900", "Year High": "57.0800", "Year Low": "32.9900", "Year Close": "57.0100", "Annual % Change": "73.18%"}, "2003": {"Average Stock Price": "27.9256", "Year Open": "23.9000", "Year High": "33.0000", "Year Low": "23.9000", "Year Close": "32.9200", "Annual % Change": "36.82%"}, "2002": {"Average Stock Price": "21.7684", "Year Open": "23.0900", "Year High": "26.0000", "Year Low": "17.7900", "Year Close": "24.0600", "Annual % Change": "3.35%"}, "2001": {"Average Stock Price": "18.3149", "Year Open": "16.0000", "Year High": "24.1500", "Year Low": "15.8500", "Year Close": "23.2800", "Annual % Change": "0.00%"}}}, "market cap": {"value": "$10.21B"}, "income statement": {"Revenue": {"2019-12-31": "41140.00000", "2018-12-31": "45743.00000", "2017-12-31": "45794.00000", "2016-12-31": "42679.00000", "2015-12-31": "43455.00000", "2014-12-31": "57161.00000", "2013-12-31": "61347.00000", "2012-12-31": "60991.00000", "2011-12-31": "56097.00000", "2010-12-31": "43953.00000", "2009-12-31": "41926.00000", "2008-12-31": "52574.00000", "2007-12-31": "37842.00000", "2006-12-31": "26274.00000", "2005-12-31": "24377.00000"}, "Cost Of Goods Sold": {"2019-12-31": "40598.00000", "2018-12-31": "43477.00000", "2017-12-31": "44029.00000", "2016-12-31": "40269.00000", "2015-12-31": "40762.00000", "2014-12-31": "54540.00000", "2013-12-31": "58587.00000", "2012-12-31": "58418.00000", "2011-12-31": "53470.00000", "2010-12-31": "41640.00000", "2009-12-31": "40722.00000", "2008-12-31": "48538.00000", "2007-12-31": "35327.00000", "2006-12-31": "24703.00000", "2005-12-31": "22806.00000"}, "Gross Profit": {"2019-12-31": "542.00000", "2018-12-31": "2266.00000", "2017-12-31": "1765.00000", "2016-12-31": "2410.00000", "2015-12-31": "2693.00000", "2014-12-31": "2621.00000", "2013-12-31": "2760.00000", "2012-12-31": "2573.00000", "2011-12-31": "2627.00000", "2010-12-31": "2313.00000", "2009-12-31": "1204.00000", "2008-12-31": "4036.00000", "2007-12-31": "2515.00000", "2006-12-31": "1571.00000", "2005-12-31": "1571.00000"}, "Research And Development Expenses": {"2019-12-31": "", "2018-12-31": "", "2017-12-31": "", "2016-12-31": "", "2015-12-31": "", "2014-12-31": "", "2013-12-31": "", "2012-12-31": "", "2011-12-31": "", "2010-12-31": "", "2009-12-31": "", "2008-12-31": "", "2007-12-31": "", "2006-12-31": "", "2005-12-31": ""}, "SG&A Expenses": {"2019-12-31": "1351.00000", "2018-12-31": "1423.00000", "2017-12-31": "1437.00000", "2016-12-31": "1284.00000", "2015-12-31": "1435.00000", "2014-12-31": "1691.00000", "2013-12-31": "1559.00000", "2012-12-31": "1563.00000", "2011-12-31": "1436.00000", "2010-12-31": "1455.00000", "2009-12-31": "1342.00000", "2008-12-31": "1613.00000", "2007-12-31": "1359.00000", "2006-12-31": "978.00000", "2005-12-31": "956.00000"}, "Other Operating Income Or Expenses": {"2019-12-31": "", "2018-12-31": "", "2017-12-31": "", "2016-12-31": "-59.00000", "2015-12-31": "", "2014-12-31": "", "2013-12-31": "", "2012-12-31": "", "2011-12-31": "", "2010-12-31": "", "2009-12-31": "", "2008-12-31": "", "2007-12-31": "", "2006-12-31": "", "2005-12-31": ""}, "Operating Expenses": {"2019-12-31": "41949.00000", "2018-12-31": "44900.00000", "2017-12-31": "45466.00000", "2016-12-31": "41612.00000", "2015-12-31": "42197.00000", "2014-12-31": "56231.00000", "2013-12-31": "60146.00000", "2012-12-31": "59981.00000", "2011-12-31": "54906.00000", "2010-12-31": "43095.00000", "2009-12-31": "42064.00000", "2008-12-31": "50151.00000", "2007-12-31": "36686.00000", "2006-12-31": "25681.00000", "2005-12-31": "23762.00000"}, "Operating Income": {"2019-12-31": "-809.00000", "2018-12-31": "843.00000", "2017-12-31": "328.00000", "2016-12-31": "1067.00000", "2015-12-31": "1258.00000", "2014-12-31": "930.00000", "2013-12-31": "1201.00000", "2012-12-31": "1010.00000", "2011-12-31": "1191.00000", "2010-12-31": "858.00000", "2009-12-31": "-138.00000", "2008-12-31": "2423.00000", "2007-12-31": "1156.00000", "2006-12-31": "593.00000", "2005-12-31": "615.00000"}, "Total Non-Operating Income/Expense": {"2019-12-31": "-396.00000", "2018-12-31": "-387.00000", "2017-12-31": "-98.00000", "2016-12-31": "-71.00000", "2015-12-31": "-207.00000", "2014-12-31": "-196.00000", "2013-12-31": "-187.00000", "2012-12-31": "-638.00000", "2011-12-31": "-171.00000", "2010-12-31": "2191.00000", "2009-12-31": "283.00000", "2008-12-31": "-886.00000", "2007-12-31": "45.00000", "2006-12-31": "-71.00000", "2005-12-31": "-127.00000"}, "Pre-Tax Income": {"2019-12-31": "-1205.00000", "2018-12-31": "456.00000", "2017-12-31": "230.00000", "2016-12-31": "996.00000", "2015-12-31": "1051.00000", "2014-12-31": "734.00000", "2013-12-31": "1014.00000", "2012-12-31": "372.00000", "2011-12-31": "1020.00000", "2010-12-31": "3049.00000", "2009-12-31": "145.00000", "2008-12-31": "1537.00000", "2007-12-31": "1201.00000", "2006-12-31": "522.00000", "2005-12-31": "488.00000"}, "Income Taxes": {"2019-12-31": "86.00000", "2018-12-31": "179.00000", "2017-12-31": "56.00000", "2016-12-31": "220.00000", "2015-12-31": "296.00000", "2014-12-31": "249.00000", "2013-12-31": "904.00000", "2012-12-31": "-6.00000", "2011-12-31": "55.00000", "2010-12-31": "699.00000", "2009-12-31": "-110.00000", "2008-12-31": "245.00000", "2007-12-31": "310.00000", "2006-12-31": "-36.00000", "2005-12-31": "-82.00000"}, "Income After Taxes": {"2019-12-31": "-1291.00000", "2018-12-31": "277.00000", "2017-12-31": "174.00000", "2016-12-31": "776.00000", "2015-12-31": "755.00000", "2014-12-31": "485.00000", "2013-12-31": "110.00000", "2012-12-31": "378.00000", "2011-12-31": "965.00000", "2010-12-31": "2350.00000", "2009-12-31": "255.00000", "2008-12-31": "1292.00000", "2007-12-31": "891.00000", "2006-12-31": "558.00000", "2005-12-31": "570.00000"}, "Other Income": {"2019-12-31": "", "2018-12-31": "", "2017-12-31": "", "2016-12-31": "", "2015-12-31": "", "2014-12-31": "", "2013-12-31": "", "2012-12-31": "", "2011-12-31": "", "2010-12-31": "", "2009-12-31": "", "2008-12-31": "", "2007-12-31": "", "2006-12-31": "", "2005-12-31": ""}, "Income From Continuous Operations": {"2019-12-31": "-1291.00000", "2018-12-31": "277.00000", "2017-12-31": "174.00000", "2016-12-31": "776.00000", "2015-12-31": "755.00000", "2014-12-31": "485.00000", "2013-12-31": "110.00000", "2012-12-31": "378.00000", "2011-12-31": "965.00000", "2010-12-31": "2350.00000", "2009-12-31": "335.00000", "2008-12-31": "1326.00000", "2007-12-31": "924.00000", "2006-12-31": "521.00000", "2005-12-31": "530.00000"}, "Income From Discontinued Operations": {"2019-12-31": "", "2018-12-31": "10.00000", "2017-12-31": "", "2016-12-31": "-9.00000", "2015-12-31": "35.00000", "2014-12-31": "32.00000", "2013-12-31": "97.00000", "2012-12-31": "-342.00000", "2011-12-31": "-25.00000", "2010-12-31": "38.00000", "2009-12-31": "", "2008-12-31": "", "2007-12-31": "", "2006-12-31": "", "2005-12-31": ""}, "Net Income": {"2019-12-31": "-1322.00000", "2018-12-31": "233.00000", "2017-12-31": "126.00000", "2016-12-31": "709.00000", "2015-12-31": "738.00000", "2014-12-31": "467.00000", "2013-12-31": "230.00000", "2012-12-31": "28.00000", "2011-12-31": "908.00000", "2010-12-31": "2287.00000", "2009-12-31": "283.00000", "2008-12-31": "986.00000", "2007-12-31": "738.00000", "2006-12-31": "517.00000", "2005-12-31": "530.00000"}, "EBITDA": {"2019-12-31": "-261.00000", "2018-12-31": "1465.00000", "2017-12-31": "937.00000", "2016-12-31": "1614.00000", "2015-12-31": "1803.00000", "2014-12-31": "1537.00000", "2013-12-31": "1769.00000", "2012-12-31": "1580.00000", "2011-12-31": "1717.00000", "2010-12-31": "1301.00000", "2009-12-31": "305.00000", "2008-12-31": "2862.00000", "2007-12-31": "1541.00000", "2006-12-31": "917.00000", "2005-12-31": "893.00000"}, "EBIT": {"2019-12-31": "-809.00000", "2018-12-31": "843.00000", "2017-12-31": "328.00000", "2016-12-31": "1067.00000", "2015-12-31": "1258.00000", "2014-12-31": "930.00000", "2013-12-31": "1201.00000", "2012-12-31": "1010.00000", "2011-12-31": "1191.00000", "2010-12-31": "858.00000", "2009-12-31": "-138.00000", "2008-12-31": "2423.00000", "2007-12-31": "1156.00000", "2006-12-31": "593.00000", "2005-12-31": "615.00000"}, "Basic Shares Outstanding": {"2019-12-31": "141.49200", "2018-12-31": "140.96900", "2017-12-31": "140.36600", "2016-12-31": "139.84510", "2015-12-31": "143.67200", "2014-12-31": "146.21000", "2013-12-31": "147.20400", "2012-12-31": "146.00100", "2011-12-31": "146.58300", "2010-12-31": "141.19100", "2009-12-31": "126.44800", "2008-12-31": "121.52800", "2007-12-31": "120.71800", "2006-12-31": "119.56600", "2005-12-31": "112.13200"}, "Shares Outstanding": {"2019-12-31": "141.49200", "2018-12-31": "141.70400", "2017-12-31": "141.26500", "2016-12-31": "148.22650", "2015-12-31": "152.23900", "2014-12-31": "147.23100", "2013-12-31": "148.25700", "2012-12-31": "147.13500", "2011-12-31": "155.20900", "2010-12-31": "156.27500", "2009-12-31": "127.67000", "2008-12-31": "137.59100", "2007-12-31": "130.75400", "2006-12-31": "120.84900", "2005-12-31": "120.85400"}, "Basic EPS": {"2019-12-31": "-9.34000", "2018-12-31": "1.65000", "2017-12-31": "0.90000", "2016-12-31": "5.07000", "2015-12-31": "5.14000", "2014-12-31": "3.20000", "2013-12-31": "1.57000", "2012-12-31": "0.19000", "2011-12-31": "6.20000", "2010-12-31": "16.20000", "2009-12-31": "2.24000", "2008-12-31": "8.11000", "2007-12-31": "6.11000", "2006-12-31": "4.32000", "2005-12-31": "4.73000"}, "EPS - Earnings Per Share": {"2019-12-31": "-9.34000", "2018-12-31": "1.64000", "2017-12-31": "0.89000", "2016-12-31": "5.01000", "2015-12-31": "5.07000", "2014-12-31": "3.17000", "2013-12-31": "1.55000", "2012-12-31": "0.19000", "2011-12-31": "6.07000", "2010-12-31": "15.06000", "2009-12-31": "2.22000", "2008-12-31": "7.73000", "2007-12-31": "5.95000", "2006-12-31": "4.28000", "2005-12-31": "4.43000"}}, "income statement, quarterly": {"Revenue": {"2020-09-30": "10159.00000", "2020-06-30": "9462.00000", "2020-03-31": "9173.00000", "2019-12-31": "10783.00000", "2019-09-30": "10323.00000", "2019-06-30": "10096.00000", "2019-03-31": "9938.00000", "2018-12-31": "11543.00000", "2018-09-30": "11412.00000", "2018-06-30": "12147.00000", "2018-03-31": "10641.00000", "2017-12-31": "11605.00000", "2017-09-30": "11423.00000", "2017-06-30": "11645.00000", "2017-03-31": "11121.00000", "2016-12-31": "11799.00000", "2016-09-30": "11423.00000", "2016-06-30": "10541.00000", "2016-03-31": "8916.00000", "2015-12-31": "11105.00000", "2015-09-30": "10762.00000", "2015-06-30": "10782.00000", "2015-03-31": "10806.00000", "2014-12-31": "13231.00000", "2014-09-30": "13676.00000", "2014-06-30": "16793.00000", "2014-03-31": "13461.00000", "2013-12-31": "16370.00000", "2013-09-30": "14701.00000", "2013-06-30": "15491.00000", "2013-03-31": "14785.00000", "2012-12-31": "17040.00000", "2012-09-30": "16543.00000", "2012-06-30": "14499.00000", "2012-03-31": "12909.00000", "2011-12-31": "13799.00000", "2011-09-30": "15616.00000", "2011-06-30": "14488.00000", "2011-03-31": "12194.00000", "2010-12-31": "10972.00000", "2010-09-30": "11662.00000", "2010-06-30": "10974.00000", "2010-03-31": "10345.00000", "2009-12-31": "10436.00000", "2009-09-30": "11298.00000", "2009-06-30": "10994.00000", "2009-03-31": "9198.00000", "2008-12-31": "10943.00000", "2008-09-30": "14797.00000", "2008-06-30": "14365.00000", "2008-03-31": "12469.00000", "2007-12-31": "12472.00000", "2007-09-30": "9729.00000", "2007-06-30": "8298.00000", "2007-03-31": "7343.00000", "2006-12-31": "7683.00000", "2006-09-30": "6965.00000", "2006-06-30": "6001.00000", "2006-03-31": "5625.00000", "2005-12-31": "6806.00000", "2005-09-30": "6248.00000", "2005-06-30": "5872.00000", "2005-03-31": "5451.00000"}, "Cost Of Goods Sold": {"2020-09-30": "9557.00000", "2020-06-30": "8357.00000", "2020-03-31": "8999.00000", "2019-12-31": "10212.00000", "2019-09-30": "11301.00000", "2019-06-30": "9584.00000", "2019-03-31": "9501.00000", "2018-12-31": "11121.00000", "2018-09-30": "10494.00000", "2018-06-30": "11605.00000", "2018-03-31": "10257.00000", "2017-12-31": "11144.00000", "2017-09-30": "10934.00000", "2017-06-30": "11290.00000", "2017-03-31": "10661.00000", "2016-12-31": "11095.00000", "2016-09-30": "10867.00000", "2016-06-30": "10011.00000", "2016-03-31": "8296.00000", "2015-12-31": "10402.00000", "2015-09-30": "10017.00000", "2015-06-30": "10247.00000", "2015-03-31": "10096.00000", "2014-12-31": "12536.00000", "2014-09-30": "12957.00000", "2014-06-30": "16000.00000", "2014-03-31": "13047.00000", "2013-12-31": "15561.00000", "2013-09-30": "14013.00000", "2013-06-30": "14875.00000", "2013-03-31": "14138.00000", "2012-12-31": "16490.00000", "2012-09-30": "15700.00000", "2012-06-30": "13856.00000", "2012-03-31": "12372.00000", "2011-12-31": "13164.00000", "2011-09-30": "14910.00000", "2011-06-30": "13841.00000", "2011-03-31": "11555.00000", "2010-12-31": "10341.00000", "2010-09-30": "10950.00000", "2010-06-30": "10549.00000", "2010-03-31": "9800.00000", "2009-12-31": "10122.00000", "2009-09-30": "10955.00000", "2009-06-30": "10582.00000", "2009-03-31": "9063.00000", "2008-12-31": "10434.00000", "2008-09-30": "13588.00000", "2008-06-30": "12914.00000", "2008-03-31": "11602.00000", "2007-12-31": "11696.00000", "2007-09-30": "8822.00000", "2007-06-30": "7766.00000", "2007-03-31": "7043.00000", "2006-12-31": "7169.00000", "2006-09-30": "6480.00000", "2006-06-30": "5713.00000", "2006-03-31": "5341.00000", "2005-12-31": "6454.00000", "2005-09-30": "5841.00000", "2005-06-30": "5445.00000", "2005-03-31": "5066.00000"}, "Gross Profit": {"2020-09-30": "602.00000", "2020-06-30": "1105.00000", "2020-03-31": "174.00000", "2019-12-31": "571.00000", "2019-09-30": "-978.00000", "2019-06-30": "512.00000", "2019-03-31": "437.00000", "2018-12-31": "422.00000", "2018-09-30": "918.00000", "2018-06-30": "542.00000", "2018-03-31": "384.00000", "2017-12-31": "461.00000", "2017-09-30": "489.00000", "2017-06-30": "355.00000", "2017-03-31": "460.00000", "2016-12-31": "704.00000", "2016-09-30": "556.00000", "2016-06-30": "530.00000", "2016-03-31": "620.00000", "2015-12-31": "703.00000", "2015-09-30": "745.00000", "2015-06-30": "535.00000", "2015-03-31": "710.00000", "2014-12-31": "695.00000", "2014-09-30": "719.00000", "2014-06-30": "793.00000", "2014-03-31": "414.00000", "2013-12-31": "809.00000", "2013-09-30": "688.00000", "2013-06-30": "616.00000", "2013-03-31": "647.00000", "2012-12-31": "550.00000", "2012-09-30": "843.00000", "2012-06-30": "643.00000", "2012-03-31": "537.00000", "2011-12-31": "635.00000", "2011-09-30": "706.00000", "2011-06-30": "647.00000", "2011-03-31": "639.00000", "2010-12-31": "631.00000", "2010-09-30": "712.00000", "2010-06-30": "425.00000", "2010-03-31": "545.00000", "2009-12-31": "314.00000", "2009-09-30": "343.00000", "2009-06-30": "412.00000", "2009-03-31": "135.00000", "2008-12-31": "509.00000", "2008-09-30": "1209.00000", "2008-06-30": "1451.00000", "2008-03-31": "867.00000", "2007-12-31": "776.00000", "2007-09-30": "907.00000", "2007-06-30": "532.00000", "2007-03-31": "300.00000", "2006-12-31": "514.00000", "2006-09-30": "485.00000", "2006-06-30": "288.00000", "2006-03-31": "284.00000", "2005-12-31": "352.00000", "2005-09-30": "407.00000", "2005-06-30": "427.00000", "2005-03-31": "385.00000"}, "Research And Development Expenses": {"2020-09-30": "", "2020-06-30": "", "2020-03-31": "", "2019-12-31": "", "2019-09-30": "", "2019-06-30": "", "2019-03-31": "", "2018-12-31": "", "2018-09-30": "", "2018-06-30": "", "2018-03-31": "", "2017-12-31": "", "2017-09-30": "", "2017-06-30": "", "2017-03-31": "", "2016-12-31": "", "2016-09-30": "", "2016-06-30": "", "2016-03-31": "", "2015-12-31": "", "2015-09-30": "", "2015-06-30": "", "2015-03-31": "", "2014-12-31": "", "2014-09-30": "", "2014-06-30": "", "2014-03-31": "", "2013-12-31": "", "2013-09-30": "", "2013-06-30": "", "2013-03-31": "", "2012-12-31": "", "2012-09-30": "", "2012-06-30": "", "2012-03-31": "", "2011-12-31": "", "2011-09-30": "", "2011-06-30": "", "2011-03-31": "", "2010-12-31": "", "2010-09-30": "", "2010-06-30": "", "2010-03-31": "", "2009-12-31": "", "2009-09-30": "", "2009-06-30": "", "2009-03-31": "", "2008-12-31": "", "2008-09-30": "", "2008-06-30": "", "2008-03-31": "", "2007-12-31": "", "2007-09-30": "", "2007-06-30": "", "2007-03-31": "", "2006-12-31": "", "2006-09-30": "", "2006-06-30": "", "2006-03-31": "", "2005-12-31": "", "2005-09-30": "", "2005-06-30": "", "2005-03-31": ""}, "SG&A Expenses": {"2020-09-30": "352.00000", "2020-06-30": "346.00000", "2020-03-31": "295.00000", "2019-12-31": "382.00000", "2019-09-30": "329.00000", "2019-06-30": "335.00000", "2019-03-31": "305.00000", "2018-12-31": "369.00000", "2018-09-30": "333.00000", "2018-06-30": "377.00000", "2018-03-31": "344.00000", "2017-12-31": "394.00000", "2017-09-30": "339.00000", "2017-06-30": "326.00000", "2017-03-31": "378.00000", "2016-12-31": "343.00000", "2016-09-30": "324.00000", "2016-06-30": "303.00000", "2016-03-31": "314.00000", "2015-12-31": "385.00000", "2015-09-30": "358.00000", "2015-06-30": "361.00000", "2015-03-31": "331.00000", "2014-12-31": "530.00000", "2014-09-30": "403.00000", "2014-06-30": "392.00000", "2014-03-31": "366.00000", "2013-12-31": "449.00000", "2013-09-30": "382.00000", "2013-06-30": "379.00000", "2013-03-31": "349.00000", "2012-12-31": "400.00000", "2012-09-30": "396.00000", "2012-06-30": "374.00000", "2012-03-31": "393.00000", "2011-12-31": "315.00000", "2011-09-30": "394.00000", "2011-06-30": "383.00000", "2011-03-31": "344.00000", "2010-12-31": "336.00000", "2010-09-30": "357.00000", "2010-06-30": "415.00000", "2010-03-31": "347.00000", "2009-12-31": "390.00000", "2009-09-30": "349.00000", "2009-06-30": "309.00000", "2009-03-31": "294.00000", "2008-12-31": "369.00000", "2008-09-30": "382.00000", "2008-06-30": "460.00000", "2008-03-31": "402.00000", "2007-12-31": "434.00000", "2007-09-30": "353.00000", "2007-06-30": "307.00000", "2007-03-31": "265.00000", "2006-12-31": "278.00000", "2006-09-30": "255.00000", "2006-06-30": "218.00000", "2006-03-31": "227.00000", "2005-12-31": "287.00000", "2005-09-30": "230.00000", "2005-06-30": "243.00000", "2005-03-31": "196.00000"}, "Other Operating Income Or Expenses": {"2020-09-30": "", "2020-06-30": "", "2020-03-31": "", "2019-12-31": "", "2019-09-30": "", "2019-06-30": "", "2019-03-31": "", "2018-12-31": "", "2018-09-30": "", "2018-06-30": "", "2018-03-31": "", "2017-12-31": "", "2017-09-30": "", "2017-06-30": "", "2017-03-31": "", "2016-12-31": "", "2016-09-30": "", "2016-06-30": "", "2016-03-31": "", "2015-12-31": "", "2015-09-30": "", "2015-06-30": "", "2015-03-31": "", "2014-12-31": "", "2014-09-30": "", "2014-06-30": "", "2014-03-31": "", "2013-12-31": "", "2013-09-30": "", "2013-06-30": "", "2013-03-31": "", "2012-12-31": "", "2012-09-30": "", "2012-06-30": "", "2012-03-31": "", "2011-12-31": "", "2011-09-30": "", "2011-06-30": "", "2011-03-31": "", "2010-12-31": "", "2010-09-30": "", "2010-06-30": "", "2010-03-31": "", "2009-12-31": "", "2009-09-30": "", "2009-06-30": "", "2009-03-31": "", "2008-12-31": "", "2008-09-30": "", "2008-06-30": "", "2008-03-31": "", "2007-12-31": "", "2007-09-30": "", "2007-06-30": "", "2007-03-31": "", "2006-12-31": "", "2006-09-30": "", "2006-06-30": "", "2006-03-31": "", "2005-12-31": "", "2005-09-30": "", "2005-06-30": "", "2005-03-31": ""}, "Operating Expenses": {"2020-09-30": "9909.00000", "2020-06-30": "8703.00000", "2020-03-31": "9294.00000", "2019-12-31": "10594.00000", "2019-09-30": "11630.00000", "2019-06-30": "9919.00000", "2019-03-31": "9806.00000", "2018-12-31": "11490.00000", "2018-09-30": "10827.00000", "2018-06-30": "11982.00000", "2018-03-31": "10601.00000", "2017-12-31": "11538.00000", "2017-09-30": "11273.00000", "2017-06-30": "11616.00000", "2017-03-31": "11039.00000", "2016-12-31": "11497.00000", "2016-09-30": "11191.00000", "2016-06-30": "10314.00000", "2016-03-31": "8610.00000", "2015-12-31": "10787.00000", "2015-09-30": "10375.00000", "2015-06-30": "10608.00000", "2015-03-31": "10427.00000", "2014-12-31": "13066.00000", "2014-09-30": "13360.00000", "2014-06-30": "16392.00000", "2014-03-31": "13413.00000", "2013-12-31": "16010.00000", "2013-09-30": "14395.00000", "2013-06-30": "15254.00000", "2013-03-31": "14487.00000", "2012-12-31": "16890.00000", "2012-09-30": "16096.00000", "2012-06-30": "14230.00000", "2012-03-31": "12765.00000", "2011-12-31": "13479.00000", "2011-09-30": "15304.00000", "2011-06-30": "14224.00000", "2011-03-31": "11899.00000", "2010-12-31": "10677.00000", "2010-09-30": "11307.00000", "2010-06-30": "10964.00000", "2010-03-31": "10147.00000", "2009-12-31": "10512.00000", "2009-09-30": "11304.00000", "2009-06-30": "10891.00000", "2009-03-31": "9357.00000", "2008-12-31": "10803.00000", "2008-09-30": "13970.00000", "2008-06-30": "13374.00000", "2008-03-31": "12004.00000", "2007-12-31": "12130.00000", "2007-09-30": "9175.00000", "2007-06-30": "8073.00000", "2007-03-31": "7308.00000", "2006-12-31": "7447.00000", "2006-09-30": "6735.00000", "2006-06-30": "5931.00000", "2006-03-31": "5568.00000", "2005-12-31": "6741.00000", "2005-09-30": "6071.00000", "2005-06-30": "5688.00000", "2005-03-31": "5262.00000"}, "Operating Income": {"2020-09-30": "250.00000", "2020-06-30": "759.00000", "2020-03-31": "-121.00000", "2019-12-31": "189.00000", "2019-09-30": "-1307.00000", "2019-06-30": "177.00000", "2019-03-31": "132.00000", "2018-12-31": "53.00000", "2018-09-30": "585.00000", "2018-06-30": "165.00000", "2018-03-31": "40.00000", "2017-12-31": "67.00000", "2017-09-30": "150.00000", "2017-06-30": "29.00000", "2017-03-31": "82.00000", "2016-12-31": "302.00000", "2016-09-30": "232.00000", "2016-06-30": "227.00000", "2016-03-31": "306.00000", "2015-12-31": "318.00000", "2015-09-30": "387.00000", "2015-06-30": "174.00000", "2015-03-31": "379.00000", "2014-12-31": "165.00000", "2014-09-30": "316.00000", "2014-06-30": "401.00000", "2014-03-31": "48.00000", "2013-12-31": "360.00000", "2013-09-30": "306.00000", "2013-06-30": "237.00000", "2013-03-31": "298.00000", "2012-12-31": "150.00000", "2012-09-30": "447.00000", "2012-06-30": "269.00000", "2012-03-31": "144.00000", "2011-12-31": "320.00000", "2011-09-30": "312.00000", "2011-06-30": "264.00000", "2011-03-31": "295.00000", "2010-12-31": "295.00000", "2010-09-30": "355.00000", "2010-06-30": "10.00000", "2010-03-31": "198.00000", "2009-12-31": "-76.00000", "2009-09-30": "-6.00000", "2009-06-30": "103.00000", "2009-03-31": "-159.00000", "2008-12-31": "140.00000", "2008-09-30": "827.00000", "2008-06-30": "991.00000", "2008-03-31": "465.00000", "2007-12-31": "342.00000", "2007-09-30": "554.00000", "2007-06-30": "225.00000", "2007-03-31": "35.00000", "2006-12-31": "236.00000", "2006-09-30": "230.00000", "2006-06-30": "70.00000", "2006-03-31": "57.00000", "2005-12-31": "65.00000", "2005-09-30": "177.00000", "2005-06-30": "184.00000", "2005-03-31": "189.00000"}, "Total Non-Operating Income/Expense": {"2020-09-30": "55.00000", "2020-06-30": "-69.00000", "2020-03-31": "-127.00000", "2019-12-31": "-244.00000", "2019-09-30": "-203.00000", "2019-06-30": "95.00000", "2019-03-31": "-44.00000", "2018-12-31": "-36.00000", "2018-09-30": "-133.00000", "2018-06-30": "-180.00000", "2018-03-31": "-38.00000", "2017-12-31": "-66.00000", "2017-09-30": "-29.00000", "2017-06-30": "-3.00000", "2017-03-31": "", "2016-12-31": "86.00000", "2016-09-30": "-62.00000", "2016-06-30": "-64.00000", "2016-03-31": "-31.00000", "2015-12-31": "-88.00000", "2015-09-30": "-34.00000", "2015-06-30": "-37.00000", "2015-03-31": "-48.00000", "2014-12-31": "-106.00000", "2014-09-30": "-30.00000", "2014-06-30": "-28.00000", "2014-03-31": "-32.00000", "2013-12-31": "-30.00000", "2013-09-30": "-11.00000", "2013-06-30": "-78.00000", "2013-03-31": "-68.00000", "2012-12-31": "-657.00000", "2012-09-30": "-66.00000", "2012-06-30": "65.00000", "2012-03-31": "20.00000", "2011-12-31": "-42.00000", "2011-09-30": "-180.00000", "2011-06-30": "68.00000", "2011-03-31": "-17.00000", "2010-12-31": "50.00000", "2010-09-30": "-60.00000", "2010-06-30": "2310.00000", "2010-03-31": "-109.00000", "2009-12-31": "-59.00000", "2009-09-30": "106.00000", "2009-06-30": "293.00000", "2009-03-31": "-57.00000", "2008-12-31": "-541.00000", "2008-09-30": "-512.00000", "2008-06-30": "213.00000", "2008-03-31": "-46.00000", "2007-12-31": "8.00000", "2007-09-30": "-7.00000", "2007-06-30": "52.00000", "2007-03-31": "-8.00000", "2006-12-31": "-6.00000", "2006-09-30": "-27.00000", "2006-06-30": "-49.00000", "2006-03-31": "11.00000", "2005-12-31": "-68.00000", "2005-09-30": "-13.00000", "2005-06-30": "-4.00000", "2005-03-31": "-42.00000"}, "Pre-Tax Income": {"2020-09-30": "305.00000", "2020-06-30": "690.00000", "2020-03-31": "-248.00000", "2019-12-31": "-55.00000", "2019-09-30": "-1510.00000", "2019-06-30": "272.00000", "2019-03-31": "88.00000", "2018-12-31": "17.00000", "2018-09-30": "452.00000", "2018-06-30": "-15.00000", "2018-03-31": "2.00000", "2017-12-31": "1.00000", "2017-09-30": "121.00000", "2017-06-30": "26.00000", "2017-03-31": "82.00000", "2016-12-31": "388.00000", "2016-09-30": "170.00000", "2016-06-30": "163.00000", "2016-03-31": "275.00000", "2015-12-31": "230.00000", "2015-09-30": "353.00000", "2015-06-30": "137.00000", "2015-03-31": "331.00000", "2014-12-31": "59.00000", "2014-09-30": "286.00000", "2014-06-30": "373.00000", "2014-03-31": "16.00000", "2013-12-31": "330.00000", "2013-09-30": "295.00000", "2013-06-30": "159.00000", "2013-03-31": "230.00000", "2012-12-31": "-507.00000", "2012-09-30": "381.00000", "2012-06-30": "334.00000", "2012-03-31": "164.00000", "2011-12-31": "278.00000", "2011-09-30": "132.00000", "2011-06-30": "332.00000", "2011-03-31": "278.00000", "2010-12-31": "345.00000", "2010-09-30": "295.00000", "2010-06-30": "2320.00000", "2010-03-31": "89.00000", "2009-12-31": "-135.00000", "2009-09-30": "100.00000", "2009-06-30": "396.00000", "2009-03-31": "-216.00000", "2008-12-31": "-401.00000", "2008-09-30": "315.00000", "2008-06-30": "1204.00000", "2008-03-31": "419.00000", "2007-12-31": "350.00000", "2007-09-30": "547.00000", "2007-06-30": "277.00000", "2007-03-31": "27.00000", "2006-12-31": "230.00000", "2006-09-30": "203.00000", "2006-06-30": "21.00000", "2006-03-31": "68.00000", "2005-12-31": "-3.00000", "2005-09-30": "164.00000", "2005-06-30": "180.00000", "2005-03-31": "147.00000"}, "Income Taxes": {"2020-09-30": "38.00000", "2020-06-30": "168.00000", "2020-03-31": "-55.00000", "2019-12-31": "16.00000", "2019-09-30": "-28.00000", "2019-06-30": "60.00000", "2019-03-31": "38.00000", "2018-12-31": "73.00000", "2018-09-30": "85.00000", "2018-06-30": "2.00000", "2018-03-31": "19.00000", "2017-12-31": "54.00000", "2017-09-30": "29.00000", "2017-06-30": "-55.00000", "2017-03-31": "28.00000", "2016-12-31": "102.00000", "2016-09-30": "45.00000", "2016-06-30": "39.00000", "2016-03-31": "34.00000", "2015-12-31": "26.00000", "2015-09-30": "140.00000", "2015-06-30": "45.00000", "2015-03-31": "85.00000", "2014-12-31": "99.00000", "2014-09-30": "9.00000", "2014-06-30": "111.00000", "2014-03-31": "30.00000", "2013-12-31": "202.00000", "2013-09-30": "591.00000", "2013-06-30": "38.00000", "2013-03-31": "73.00000", "2012-12-31": "-203.00000", "2012-09-30": "82.00000", "2012-06-30": "75.00000", "2012-03-31": "40.00000", "2011-12-31": "-7.00000", "2011-09-30": "-1.00000", "2011-06-30": "20.00000", "2011-03-31": "43.00000", "2010-12-31": "51.00000", "2010-09-30": "97.00000", "2010-06-30": "542.00000", "2010-03-31": "9.00000", "2009-12-31": "-58.00000", "2009-09-30": "-97.00000", "2009-06-30": "79.00000", "2009-03-31": "-34.00000", "2008-12-31": "-214.00000", "2008-09-30": "5.00000", "2008-06-30": "337.00000", "2008-03-31": "117.00000", "2007-12-31": "89.00000", "2007-09-30": "145.00000", "2007-06-30": "70.00000", "2007-03-31": "6.00000", "2006-12-31": "-69.00000", "2006-09-30": "25.00000", "2006-06-30": "-3.00000", "2006-03-31": "11.00000", "2005-12-31": "-160.00000", "2005-09-30": "-18.00000", "2005-06-30": "52.00000", "2005-03-31": "44.00000"}, "Income After Taxes": {"2020-09-30": "267.00000", "2020-06-30": "522.00000", "2020-03-31": "-193.00000", "2019-12-31": "-71.00000", "2019-09-30": "-1482.00000", "2019-06-30": "212.00000", "2019-03-31": "50.00000", "2018-12-31": "-56.00000", "2018-09-30": "367.00000", "2018-06-30": "-17.00000", "2018-03-31": "-17.00000", "2017-12-31": "-53.00000", "2017-09-30": "92.00000", "2017-06-30": "81.00000", "2017-03-31": "54.00000", "2016-12-31": "286.00000", "2016-09-30": "125.00000", "2016-06-30": "124.00000", "2016-03-31": "241.00000", "2015-12-31": "204.00000", "2015-09-30": "213.00000", "2015-06-30": "92.00000", "2015-03-31": "246.00000", "2014-12-31": "-40.00000", "2014-09-30": "277.00000", "2014-06-30": "262.00000", "2014-03-31": "-14.00000", "2013-12-31": "128.00000", "2013-09-30": "-296.00000", "2013-06-30": "121.00000", "2013-03-31": "157.00000", "2012-12-31": "-304.00000", "2012-09-30": "299.00000", "2012-06-30": "259.00000", "2012-03-31": "124.00000", "2011-12-31": "285.00000", "2011-09-30": "133.00000", "2011-06-30": "312.00000", "2011-03-31": "235.00000", "2010-12-31": "294.00000", "2010-09-30": "198.00000", "2010-06-30": "1778.00000", "2010-03-31": "80.00000", "2009-12-31": "-77.00000", "2009-09-30": "197.00000", "2009-06-30": "317.00000", "2009-03-31": "-182.00000", "2008-12-31": "-187.00000", "2008-09-30": "310.00000", "2008-06-30": "867.00000", "2008-03-31": "302.00000", "2007-12-31": "261.00000", "2007-09-30": "402.00000", "2007-06-30": "207.00000", "2007-03-31": "21.00000", "2006-12-31": "299.00000", "2006-09-30": "178.00000", "2006-06-30": "24.00000", "2006-03-31": "57.00000", "2005-12-31": "157.00000", "2005-09-30": "182.00000", "2005-06-30": "128.00000", "2005-03-31": "103.00000"}, "Other Income": {"2020-09-30": "", "2020-06-30": "", "2020-03-31": "", "2019-12-31": "", "2019-09-30": "", "2019-06-30": "", "2019-03-31": "", "2018-12-31": "", "2018-09-30": "", "2018-06-30": "", "2018-03-31": "", "2017-12-31": "", "2017-09-30": "", "2017-06-30": "", "2017-03-31": "", "2016-12-31": "", "2016-09-30": "", "2016-06-30": "", "2016-03-31": "", "2015-12-31": "", "2015-09-30": "", "2015-06-30": "", "2015-03-31": "", "2014-12-31": "", "2014-09-30": "", "2014-06-30": "", "2014-03-31": "", "2013-12-31": "", "2013-09-30": "", "2013-06-30": "", "2013-03-31": "", "2012-12-31": "", "2012-09-30": "", "2012-06-30": "", "2012-03-31": "", "2011-12-31": "", "2011-09-30": "", "2011-06-30": "", "2011-03-31": "", "2010-12-31": "", "2010-09-30": "", "2010-06-30": "", "2010-03-31": "", "2009-12-31": "", "2009-09-30": "", "2009-06-30": "", "2009-03-31": "", "2008-12-31": "", "2008-09-30": "", "2008-06-30": "", "2008-03-31": "", "2007-12-31": "", "2007-09-30": "", "2007-06-30": "", "2007-03-31": "", "2006-12-31": "", "2006-09-30": "", "2006-06-30": "", "2006-03-31": "", "2005-12-31": "", "2005-09-30": "", "2005-06-30": "", "2005-03-31": ""}, "Income From Continuous Operations": {"2020-09-30": "267.00000", "2020-06-30": "522.00000", "2020-03-31": "-193.00000", "2019-12-31": "-71.00000", "2019-09-30": "-1482.00000", "2019-06-30": "212.00000", "2019-03-31": "50.00000", "2018-12-31": "-56.00000", "2018-09-30": "367.00000", "2018-06-30": "-17.00000", "2018-03-31": "-17.00000", "2017-12-31": "-53.00000", "2017-09-30": "92.00000", "2017-06-30": "81.00000", "2017-03-31": "54.00000", "2016-12-31": "286.00000", "2016-09-30": "125.00000", "2016-06-30": "124.00000", "2016-03-31": "241.00000", "2015-12-31": "204.00000", "2015-09-30": "213.00000", "2015-06-30": "92.00000", "2015-03-31": "246.00000", "2014-12-31": "-40.00000", "2014-09-30": "277.00000", "2014-06-30": "262.00000", "2014-03-31": "-14.00000", "2013-12-31": "128.00000", "2013-09-30": "-296.00000", "2013-06-30": "121.00000", "2013-03-31": "157.00000", "2012-12-31": "-304.00000", "2012-09-30": "299.00000", "2012-06-30": "259.00000", "2012-03-31": "124.00000", "2011-12-31": "285.00000", "2011-09-30": "133.00000", "2011-06-30": "312.00000", "2011-03-31": "235.00000", "2010-12-31": "277.00000", "2010-09-30": "206.00000", "2010-06-30": "1787.00000", "2010-03-31": "80.00000", "2009-12-31": "-8.00000", "2009-09-30": "197.00000", "2009-06-30": "322.00000", "2009-03-31": "-176.00000", "2008-12-31": "-180.00000", "2008-09-30": "324.00000", "2008-06-30": "860.00000", "2008-03-31": "322.00000", "2007-12-31": "391.00000", "2007-09-30": "351.00000", "2007-06-30": "168.00000", "2007-03-31": "14.00000", "2006-12-31": "264.00000", "2006-09-30": "169.00000", "2006-06-30": "30.00000", "2006-03-31": "58.00000", "2005-12-31": "149.00000", "2005-09-30": "170.00000", "2005-06-30": "113.00000", "2005-03-31": "98.00000"}, "Income From Discontinued Operations": {"2020-09-30": "", "2020-06-30": "", "2020-03-31": "", "2019-12-31": "", "2019-09-30": "", "2019-06-30": "", "2019-03-31": "", "2018-12-31": "-2.00000", "2018-09-30": "7.00000", "2018-06-30": "7.00000", "2018-03-31": "-2.00000", "2017-12-31": "", "2017-09-30": "", "2017-06-30": "6.00000", "2017-03-31": "-6.00000", "2016-12-31": "-1.00000", "2016-09-30": "5.00000", "2016-06-30": "-4.00000", "2016-03-31": "-9.00000", "2015-12-31": "-1.00000", "2015-09-30": "21.00000", "2015-06-30": "1.00000", "2015-03-31": "14.00000", "2014-12-31": "-5.00000", "2014-09-30": "27.00000", "2014-06-30": "15.00000", "2014-03-31": "-5.00000", "2013-12-31": "2.00000", "2013-09-30": "103.00000", "2013-06-30": "1.00000", "2013-03-31": "-9.00000", "2012-12-31": "-316.00000", "2012-09-30": "2.00000", "2012-06-30": "7.00000", "2012-03-31": "-35.00000", "2011-12-31": "", "2011-09-30": "", "2011-06-30": "", "2011-03-31": "", "2010-12-31": "", "2010-09-30": "", "2010-06-30": "", "2010-03-31": "", "2009-12-31": "", "2009-09-30": "", "2009-06-30": "", "2009-03-31": "", "2008-12-31": "", "2008-09-30": "", "2008-06-30": "", "2008-03-31": "", "2007-12-31": "", "2007-09-30": "", "2007-06-30": "", "2007-03-31": "", "2006-12-31": "", "2006-09-30": "", "2006-06-30": "", "2006-03-31": "", "2005-12-31": "", "2005-09-30": "", "2005-06-30": "", "2005-03-31": ""}, "Net Income": {"2020-09-30": "266.00000", "2020-06-30": "512.00000", "2020-03-31": "-207.00000", "2019-12-31": "-68.00000", "2019-09-30": "-1496.00000", "2019-06-30": "205.00000", "2019-03-31": "37.00000", "2018-12-31": "-74.00000", "2018-09-30": "357.00000", "2018-06-30": "-21.00000", "2018-03-31": "-29.00000", "2017-12-31": "-69.00000", "2017-09-30": "84.00000", "2017-06-30": "72.00000", "2017-03-31": "39.00000", "2016-12-31": "262.00000", "2016-09-30": "116.00000", "2016-06-30": "109.00000", "2016-03-31": "222.00000", "2015-12-31": "188.00000", "2015-09-30": "229.00000", "2015-06-30": "72.00000", "2015-03-31": "249.00000", "2014-12-31": "-62.00000", "2014-09-30": "284.00000", "2014-06-30": "272.00000", "2014-03-31": "-27.00000", "2013-12-31": "115.00000", "2013-09-30": "-165.00000", "2013-06-30": "110.00000", "2013-03-31": "170.00000", "2012-12-31": "-610.00000", "2012-09-30": "289.00000", "2012-06-30": "265.00000", "2012-03-31": "84.00000", "2011-12-31": "245.00000", "2011-09-30": "132.00000", "2011-06-30": "307.00000", "2011-03-31": "224.00000", "2010-12-31": "292.00000", "2010-09-30": "193.00000", "2010-06-30": "1758.00000", "2010-03-31": "44.00000", "2009-12-31": "-28.00000", "2009-09-30": "232.00000", "2009-06-30": "293.00000", "2009-03-31": "-214.00000", "2008-12-31": "-230.00000", "2008-09-30": "215.00000", "2008-06-30": "731.00000", "2008-03-31": "270.00000", "2007-12-31": "230.00000", "2007-09-30": "343.00000", "2007-06-30": "159.00000", "2007-03-31": "6.00000", "2006-12-31": "260.00000", "2006-09-30": "169.00000", "2006-06-30": "30.00000", "2006-03-31": "58.00000", "2005-12-31": "149.00000", "2005-09-30": "170.00000", "2005-06-30": "113.00000", "2005-03-31": "98.00000"}, "EBITDA": {"2020-09-30": "356.00000", "2020-06-30": "863.00000", "2020-03-31": "-8.00000", "2019-12-31": "309.00000", "2019-09-30": "-1173.00000", "2019-06-30": "332.00000", "2019-03-31": "271.00000", "2018-12-31": "212.00000", "2018-09-30": "744.00000", "2018-06-30": "327.00000", "2018-03-31": "182.00000", "2017-12-31": "228.00000", "2017-09-30": "316.00000", "2017-06-30": "181.00000", "2017-03-31": "212.00000", "2016-12-31": "447.00000", "2016-09-30": "380.00000", "2016-06-30": "368.00000", "2016-03-31": "419.00000", "2015-12-31": "460.00000", "2015-09-30": "523.00000", "2015-06-30": "321.00000", "2015-03-31": "499.00000", "2014-12-31": "324.00000", "2014-09-30": "478.00000", "2014-06-30": "563.00000", "2014-03-31": "172.00000", "2013-12-31": "505.00000", "2013-09-30": "459.00000", "2013-06-30": "386.00000", "2013-03-31": "419.00000", "2012-12-31": "306.00000", "2012-09-30": "597.00000", "2012-06-30": "413.00000", "2012-03-31": "264.00000", "2011-12-31": "448.00000", "2011-09-30": "463.00000", "2011-06-30": "407.00000", "2011-03-31": "399.00000", "2010-12-31": "412.00000", "2010-09-30": "466.00000", "2010-06-30": "123.00000", "2010-03-31": "300.00000", "2009-12-31": "48.00000", "2009-09-30": "113.00000", "2009-06-30": "208.00000", "2009-03-31": "-64.00000", "2008-12-31": "235.00000", "2008-09-30": "944.00000", "2008-06-30": "1110.00000", "2008-03-31": "573.00000", "2007-12-31": "456.00000", "2007-09-30": "649.00000", "2007-06-30": "315.00000", "2007-03-31": "121.00000", "2006-12-31": "321.00000", "2006-09-30": "312.00000", "2006-06-30": "149.00000", "2006-03-31": "135.00000", "2005-12-31": "142.00000", "2005-09-30": "247.00000", "2005-06-30": "252.00000", "2005-03-31": "252.00000"}, "EBIT": {"2020-09-30": "250.00000", "2020-06-30": "759.00000", "2020-03-31": "-121.00000", "2019-12-31": "189.00000", "2019-09-30": "-1307.00000", "2019-06-30": "177.00000", "2019-03-31": "132.00000", "2018-12-31": "53.00000", "2018-09-30": "585.00000", "2018-06-30": "165.00000", "2018-03-31": "40.00000", "2017-12-31": "67.00000", "2017-09-30": "150.00000", "2017-06-30": "29.00000", "2017-03-31": "82.00000", "2016-12-31": "302.00000", "2016-09-30": "232.00000", "2016-06-30": "227.00000", "2016-03-31": "306.00000", "2015-12-31": "318.00000", "2015-09-30": "387.00000", "2015-06-30": "174.00000", "2015-03-31": "379.00000", "2014-12-31": "165.00000", "2014-09-30": "316.00000", "2014-06-30": "401.00000", "2014-03-31": "48.00000", "2013-12-31": "360.00000", "2013-09-30": "306.00000", "2013-06-30": "237.00000", "2013-03-31": "298.00000", "2012-12-31": "150.00000", "2012-09-30": "447.00000", "2012-06-30": "269.00000", "2012-03-31": "144.00000", "2011-12-31": "320.00000", "2011-09-30": "312.00000", "2011-06-30": "264.00000", "2011-03-31": "295.00000", "2010-12-31": "295.00000", "2010-09-30": "355.00000", "2010-06-30": "10.00000", "2010-03-31": "198.00000", "2009-12-31": "-76.00000", "2009-09-30": "-6.00000", "2009-06-30": "103.00000", "2009-03-31": "-159.00000", "2008-12-31": "140.00000", "2008-09-30": "827.00000", "2008-06-30": "991.00000", "2008-03-31": "465.00000", "2007-12-31": "342.00000", "2007-09-30": "554.00000", "2007-06-30": "225.00000", "2007-03-31": "35.00000", "2006-12-31": "236.00000", "2006-09-30": "230.00000", "2006-06-30": "70.00000", "2006-03-31": "57.00000", "2005-12-31": "65.00000", "2005-09-30": "177.00000", "2005-06-30": "184.00000", "2005-03-31": "189.00000"}, "Basic Shares Outstanding": {"2020-09-30": "139.64300", "2020-06-30": "141.56500", "2020-03-31": "141.89900", "2019-12-31": "141.49200", "2019-09-30": "141.56200", "2019-06-30": "141.49700", "2019-03-31": "141.20500", "2018-12-31": "140.96900", "2018-09-30": "141.07500", "2018-06-30": "140.95940", "2018-03-31": "140.73700", "2017-12-31": "140.36600", "2017-09-30": "140.60160", "2017-06-30": "140.46600", "2017-03-31": "139.75200", "2016-12-31": "139.84510", "2016-09-30": "139.44000", "2016-06-30": "139.40700", "2016-03-31": "141.06240", "2015-12-31": "143.67200", "2015-09-30": "143.36100", "2015-06-30": "143.72700", "2015-03-31": "145.16500", "2014-12-31": "146.21000", "2014-09-30": "145.52800", "2014-06-30": "146.47700", "2014-03-31": "147.49800", "2013-12-31": "147.20400", "2013-09-30": "147.34900", "2013-06-30": "147.12900", "2013-03-31": "146.64900", "2012-12-31": "146.00100", "2012-09-30": "146.07500", "2012-06-30": "145.97500", "2012-03-31": "145.71880", "2011-12-31": "146.58300", "2011-09-30": "146.68500", "2011-06-30": "147.28200", "2011-03-31": "146.84300", "2010-12-31": "141.19100", "2010-09-30": "139.60100", "2010-06-30": "144.03400", "2010-03-31": "140.11200", "2009-12-31": "126.44800", "2009-09-30": "127.80100", "2009-06-30": "122.02600", "2009-03-31": "121.73000", "2008-12-31": "121.52800", "2008-09-30": "121.61700", "2008-06-30": "121.56400", "2008-03-31": "137.60500", "2007-12-31": "120.71800", "2007-09-30": "120.85400", "2007-06-30": "120.74600", "2007-03-31": "120.21400", "2006-12-31": "119.56600", "2006-09-30": "119.67800", "2006-06-30": "119.53200", "2006-03-31": "119.23100", "2005-12-31": "112.13200", "2005-09-30": "111.36100", "2005-06-30": "110.98600", "2005-03-31": "110.75200"}, "Shares Outstanding": {"2020-09-30": "148.55000", "2020-06-30": "150.20300", "2020-03-31": "141.89900", "2019-12-31": "141.49200", "2019-09-30": "141.56200", "2019-06-30": "150.13660", "2019-03-31": "141.55900", "2018-12-31": "141.70400", "2018-09-30": "149.90520", "2018-06-30": "140.95940", "2018-03-31": "140.73700", "2017-12-31": "141.26500", "2017-09-30": "141.55630", "2017-06-30": "141.39900", "2017-03-31": "140.89700", "2016-12-31": "148.22650", "2016-09-30": "139.92800", "2016-06-30": "139.76500", "2016-03-31": "149.21310", "2015-12-31": "152.23900", "2015-09-30": "151.79400", "2015-06-30": "144.62700", "2015-03-31": "153.81800", "2014-12-31": "147.23100", "2014-09-30": "154.19000", "2014-06-30": "155.03900", "2014-03-31": "147.49800", "2013-12-31": "148.25700", "2013-09-30": "147.34900", "2013-06-30": "147.87400", "2013-03-31": "147.86800", "2012-12-31": "147.13500", "2012-09-30": "154.64500", "2012-06-30": "154.47600", "2012-03-31": "146.58300", "2011-12-31": "155.20900", "2011-09-30": "147.63200", "2011-06-30": "156.17700", "2011-03-31": "155.64700", "2010-12-31": "156.27500", "2010-09-30": "147.99300", "2010-06-30": "159.44900", "2010-03-31": "141.28700", "2009-12-31": "127.67000", "2009-09-30": "143.54000", "2009-06-30": "137.57600", "2009-03-31": "121.73000", "2008-12-31": "137.59100", "2008-09-30": "137.83900", "2008-06-30": "137.78800", "2008-03-31": "137.60500", "2007-12-31": "130.75400", "2007-09-30": "129.79500", "2007-06-30": "129.48800", "2007-03-31": "121.63100", "2006-12-31": "120.84900", "2006-09-30": "120.80500", "2006-06-30": "120.73200", "2006-03-31": "120.59700", "2005-12-31": "120.85400", "2005-09-30": "120.98200", "2005-06-30": "120.89300", "2005-03-31": "120.63800"}, "Basic EPS": {"2020-09-30": "1.90000", "2020-06-30": "3.62000", "2020-03-31": "-1.46000", "2019-12-31": "-0.49000", "2019-09-30": "-10.57000", "2019-06-30": "1.46000", "2019-03-31": "0.26000", "2018-12-31": "-0.52000", "2018-09-30": "2.53000", "2018-06-30": "-0.15000", "2018-03-31": "-0.21000", "2017-12-31": "-0.48000", "2017-09-30": "0.59000", "2017-06-30": "0.52000", "2017-03-31": "0.27000", "2016-12-31": "1.89000", "2016-09-30": "0.83000", "2016-06-30": "0.78000", "2016-03-31": "1.57000", "2015-12-31": "1.33000", "2015-09-30": "1.59000", "2015-06-30": "0.51000", "2015-03-31": "1.71000", "2014-12-31": "-0.43000", "2014-09-30": "1.96000", "2014-06-30": "1.85000", "2014-03-31": "-0.18000", "2013-12-31": "0.78000", "2013-09-30": "-1.13000", "2013-06-30": "0.76000", "2013-03-31": "1.16000", "2012-12-31": "-4.17000", "2012-09-30": "1.97000", "2012-06-30": "1.82000", "2012-03-31": "0.57000", "2011-12-31": "1.69000", "2011-09-30": "0.90000", "2011-06-30": "2.08000", "2011-03-31": "1.53000", "2010-12-31": "2.30000", "2010-09-30": "1.38000", "2010-06-30": "12.21000", "2010-03-31": "0.31000", "2009-12-31": "-0.22000", "2009-09-30": "1.82000", "2009-06-30": "2.40000", "2009-03-31": "-1.76000", "2008-12-31": "-1.90000", "2008-09-30": "1.77000", "2008-06-30": "6.01000", "2008-03-31": "2.23000", "2007-12-31": "1.90000", "2007-09-30": "2.84000", "2007-06-30": "1.32000", "2007-03-31": "0.05000", "2006-12-31": "2.17000", "2006-09-30": "1.41000", "2006-06-30": "0.25000", "2006-03-31": "0.49000", "2005-12-31": "1.30000", "2005-09-30": "1.53000", "2005-06-30": "1.02000", "2005-03-31": "0.88000"}, "EPS - Earnings Per Share": {"2020-09-30": "1.84000", "2020-06-30": "3.47000", "2020-03-31": "-1.46000", "2019-12-31": "-0.46000", "2019-09-30": "-10.57000", "2019-06-30": "1.43000", "2019-03-31": "0.26000", "2018-12-31": "-0.44000", "2018-09-30": "2.44000", "2018-06-30": "-0.15000", "2018-03-31": "-0.21000", "2017-12-31": "-0.48000", "2017-09-30": "0.59000", "2017-06-30": "0.51000", "2017-03-31": "0.27000", "2016-12-31": "1.86000", "2016-09-30": "0.83000", "2016-06-30": "0.78000", "2016-03-31": "1.54000", "2015-12-31": "1.34000", "2015-09-30": "1.56000", "2015-06-30": "0.50000", "2015-03-31": "1.67000", "2014-12-31": "-0.36000", "2014-09-30": "1.90000", "2014-06-30": "1.81000", "2014-03-31": "-0.18000", "2013-12-31": "0.78000", "2013-09-30": "-1.13000", "2013-06-30": "0.75000", "2013-03-31": "1.15000", "2012-12-31": "-4.08000", "2012-09-30": "1.92000", "2012-06-30": "1.78000", "2012-03-31": "0.57000", "2011-12-31": "1.67000", "2011-09-30": "0.89000", "2011-06-30": "2.02000", "2011-03-31": "1.49000", "2010-12-31": "2.24000", "2010-09-30": "1.36000", "2010-06-30": "11.15000", "2010-03-31": "0.31000", "2009-12-31": "0.08000", "2009-09-30": "1.62000", "2009-06-30": "2.28000", "2009-03-31": "-1.76000", "2008-12-31": "-1.52000", "2008-09-30": "1.70000", "2008-06-30": "5.45000", "2008-03-31": "2.10000", "2007-12-31": "1.90000", "2007-09-30": "2.70000", "2007-06-30": "1.30000", "2007-03-31": "0.05000", "2006-12-31": "2.15000", "2006-09-30": "1.40000", "2006-06-30": "0.25000", "2006-03-31": "0.48000", "2005-12-31": "1.26000", "2005-09-30": "1.41000", "2005-06-30": "0.94000", "2005-03-31": "0.82000"}}, "balance sheet": {"Cash On Hand": {"2019-12-31": "320.00000", "2018-12-31": "389.00000", "2017-12-31": "601.00000", "2016-12-31": "934.00000", "2015-12-31": "411.00000", "2014-12-31": "362.00000", "2013-12-31": "742.00000", "2012-12-31": "569.00000", "2011-12-31": "835.00000", "2010-12-31": "578.00000", "2009-12-31": "553.00000", "2008-12-31": "1004.00000", "2007-12-31": "981.00000", "2006-12-31": "365.00000", "2005-12-31": "354.00000"}, "Receivables": {"2019-12-31": "1705.00000", "2018-12-31": "1637.00000", "2017-12-31": "1501.00000", "2016-12-31": "1676.00000", "2015-12-31": "1607.00000", "2014-12-31": "1840.00000", "2013-12-31": "2144.00000", "2012-12-31": "2471.00000", "2011-12-31": "2459.00000", "2010-12-31": "2901.00000", "2009-12-31": "2363.00000", "2008-12-31": "2350.00000", "2007-12-31": "2541.00000", "2006-12-31": "1879.00000", "2005-12-31": "1702.00000"}, "Inventory": {"2019-12-31": "5038.00000", "2018-12-31": "5871.00000", "2017-12-31": "5074.00000", "2016-12-31": "4773.00000", "2015-12-31": "4466.00000", "2014-12-31": "5554.00000", "2013-12-31": "5796.00000", "2012-12-31": "6590.00000", "2011-12-31": "5733.00000", "2010-12-31": "6635.00000", "2009-12-31": "4862.00000", "2008-12-31": "5653.00000", "2007-12-31": "5924.00000", "2006-12-31": "3684.00000", "2005-12-31": "2769.00000"}, "Pre-Paid Expenses": {"2019-12-31": "", "2018-12-31": "", "2017-12-31": "", "2016-12-31": "", "2015-12-31": "", "2014-12-31": "", "2013-12-31": "", "2012-12-31": "", "2011-12-31": "", "2010-12-31": "", "2009-12-31": "", "2008-12-31": "", "2007-12-31": "", "2006-12-31": "", "2005-12-31": ""}, "Other Current Assets": {"2019-12-31": "3185.00000", "2018-12-31": "3171.00000", "2017-12-31": "3227.00000", "2016-12-31": "3709.00000", "2015-12-31": "4224.00000", "2014-12-31": "5148.00000", "2013-12-31": "8907.00000", "2012-12-31": "7526.00000", "2011-12-31": "5742.00000", "2010-12-31": "5468.00000", "2009-12-31": "3499.00000", "2008-12-31": "3901.00000", "2007-12-31": "4853.00000", "2006-12-31": "2316.00000", "2005-12-31": "1637.00000"}, "Total Current Assets": {"2019-12-31": "10248.00000", "2018-12-31": "11068.00000", "2017-12-31": "10403.00000", "2016-12-31": "11092.00000", "2015-12-31": "10916.00000", "2014-12-31": "13081.00000", "2013-12-31": "17772.00000", "2012-12-31": "17264.00000", "2011-12-31": "15074.00000", "2010-12-31": "15815.00000", "2009-12-31": "11783.00000", "2008-12-31": "13176.00000", "2007-12-31": "14518.00000", "2006-12-31": "8393.00000", "2005-12-31": "6564.00000"}, "Property, Plant, And Equipment": {"2019-12-31": "4132.00000", "2018-12-31": "5201.00000", "2017-12-31": "5310.00000", "2016-12-31": "5099.00000", "2015-12-31": "4736.00000", "2014-12-31": "5626.00000", "2013-12-31": "6075.00000", "2012-12-31": "5888.00000", "2011-12-31": "5517.00000", "2010-12-31": "5312.00000", "2009-12-31": "5347.00000", "2008-12-31": "3969.00000", "2007-12-31": "4216.00000", "2006-12-31": "3446.00000", "2005-12-31": "2900.00000"}, "Long-Term Investments": {"2019-12-31": "827.00000", "2018-12-31": "451.00000", "2017-12-31": "461.00000", "2016-12-31": "373.00000", "2015-12-31": "329.00000", "2014-12-31": "294.00000", "2013-12-31": "241.00000", "2012-12-31": "273.00000", "2011-12-31": "600.00000", "2010-12-31": "609.00000", "2009-12-31": "622.00000", "2008-12-31": "761.00000", "2007-12-31": "706.00000", "2006-12-31": "649.00000", "2005-12-31": "585.00000"}, "Goodwill And Intangible Assets": {"2019-12-31": "1194.00000", "2018-12-31": "1424.00000", "2017-12-31": "838.00000", "2016-12-31": "709.00000", "2015-12-31": "744.00000", "2014-12-31": "605.00000", "2013-12-31": "718.00000", "2012-12-31": "646.00000", "2011-12-31": "1113.00000", "2010-12-31": "1120.00000", "2009-12-31": "597.00000", "2008-12-31": "432.00000", "2007-12-31": "493.00000", "2006-12-31": "335.00000", "2005-12-31": "308.00000"}, "Other Long-Term Assets": {"2019-12-31": "678.00000", "2018-12-31": "823.00000", "2017-12-31": "1343.00000", "2016-12-31": "1391.00000", "2015-12-31": "772.00000", "2014-12-31": "1261.00000", "2013-12-31": "1411.00000", "2012-12-31": "1996.00000", "2011-12-31": "1706.00000", "2010-12-31": "1945.00000", "2009-12-31": "1958.00000", "2008-12-31": "1028.00000", "2007-12-31": "1155.00000", "2006-12-31": "810.00000", "2005-12-31": "627.00000"}, "Total Long-Term Assets": {"2019-12-31": "8069.00000", "2018-12-31": "8357.00000", "2017-12-31": "8468.00000", "2016-12-31": "8096.00000", "2015-12-31": "6998.00000", "2014-12-31": "8351.00000", "2013-12-31": "9009.00000", "2012-12-31": "10016.00000", "2011-12-31": "10147.00000", "2010-12-31": "10186.00000", "2009-12-31": "9503.00000", "2008-12-31": "7054.00000", "2007-12-31": "7473.00000", "2006-12-31": "5954.00000", "2005-12-31": "4882.00000"}, "Total Assets": {"2019-12-31": "18317.00000", "2018-12-31": "19425.00000", "2017-12-31": "18871.00000", "2016-12-31": "19188.00000", "2015-12-31": "17914.00000", "2014-12-31": "21432.00000", "2013-12-31": "26781.00000", "2012-12-31": "27280.00000", "2011-12-31": "25221.00000", "2010-12-31": "26001.00000", "2009-12-31": "21286.00000", "2008-12-31": "20230.00000", "2007-12-31": "21991.00000", "2006-12-31": "14347.00000", "2005-12-31": "11446.00000"}, "Total Current Liabilities": {"2019-12-31": "6595.00000", "2018-12-31": "7172.00000", "2017-12-31": "6215.00000", "2016-12-31": "7684.00000", "2015-12-31": "7340.00000", "2014-12-31": "8704.00000", "2013-12-31": "12535.00000", "2012-12-31": "11561.00000", "2011-12-31": "8893.00000", "2010-12-31": "10004.00000", "2009-12-31": "6207.00000", "2008-12-31": "8074.00000", "2007-12-31": "8834.00000", "2006-12-31": "4515.00000", "2005-12-31": "3617.00000"}, "Long Term Debt": {"2019-12-31": "3716.00000", "2018-12-31": "4203.00000", "2017-12-31": "4160.00000", "2016-12-31": "3069.00000", "2015-12-31": "2926.00000", "2014-12-31": "2855.00000", "2013-12-31": "3179.00000", "2012-12-31": "3532.00000", "2011-12-31": "3348.00000", "2010-12-31": "2551.00000", "2009-12-31": "3618.00000", "2008-12-31": "3032.00000", "2007-12-31": "3435.00000", "2006-12-31": "2874.00000", "2005-12-31": "2557.00000"}, "Other Non-Current Liabilities": {"2019-12-31": "711.00000", "2018-12-31": "892.00000", "2017-12-31": "916.00000", "2016-12-31": "853.00000", "2015-12-31": "750.00000", "2014-12-31": "969.00000", "2013-12-31": "757.00000", "2012-12-31": "810.00000", "2011-12-31": "771.00000", "2010-12-31": "808.00000", "2009-12-31": "913.00000", "2008-12-31": "864.00000", "2007-12-31": "876.00000", "2006-12-31": "700.00000", "2005-12-31": "576.00000"}, "Total Long Term Liabilities": {"2019-12-31": "5692.00000", "2018-12-31": "5875.00000", "2017-12-31": "5299.00000", "2016-12-31": "4161.00000", "2015-12-31": "3922.00000", "2014-12-31": "4038.00000", "2013-12-31": "4158.00000", "2012-12-31": "4464.00000", "2011-12-31": "4253.00000", "2010-12-31": "3443.00000", "2009-12-31": "4714.00000", "2008-12-31": "4028.00000", "2007-12-31": "5212.00000", "2006-12-31": "4164.00000", "2005-12-31": "3603.00000"}, "Total Liabilities": {"2019-12-31": "12287.00000", "2018-12-31": "13047.00000", "2017-12-31": "11514.00000", "2016-12-31": "11845.00000", "2015-12-31": "11262.00000", "2014-12-31": "12742.00000", "2013-12-31": "16693.00000", "2012-12-31": "16025.00000", "2011-12-31": "13146.00000", "2010-12-31": "13447.00000", "2009-12-31": "10921.00000", "2008-12-31": "12102.00000", "2007-12-31": "14046.00000", "2006-12-31": "8679.00000", "2005-12-31": "7220.00000"}, "Common Stock Net": {"2019-12-31": "1.00000", "2018-12-31": "1.00000", "2017-12-31": "1.00000", "2016-12-31": "1.00000", "2015-12-31": "1.00000", "2014-12-31": "1.00000", "2013-12-31": "1.00000", "2012-12-31": "1.00000", "2011-12-31": "1.00000", "2010-12-31": "1.00000", "2009-12-31": "1.00000", "2008-12-31": "1.00000", "2007-12-31": "1.00000", "2006-12-31": "1.00000", "2005-12-31": "1.00000"}, "Retained Earnings (Accumulated Deficit)": {"2019-12-31": "6437.00000", "2018-12-31": "8059.00000", "2017-12-31": "8081.00000", "2016-12-31": "8208.00000", "2015-12-31": "7725.00000", "2014-12-31": "7180.00000", "2013-12-31": "6891.00000", "2012-12-31": "6792.00000", "2011-12-31": "6917.00000", "2010-12-31": "6153.00000", "2009-12-31": "3996.00000", "2008-12-31": "3844.00000", "2007-12-31": "2962.00000", "2006-12-31": "2350.00000", "2005-12-31": "1907.00000"}, "Comprehensive Income": {"2019-12-31": "-5624.00000", "2018-12-31": "-6935.00000", "2017-12-31": "-5930.00000", "2016-12-31": "-5978.00000", "2015-12-31": "-6360.00000", "2014-12-31": "-4058.00000", "2013-12-31": "-2572.00000", "2012-12-31": "-1410.00000", "2011-12-31": "-610.00000", "2010-12-31": "583.00000", "2009-12-31": "319.00000", "2008-12-31": "-811.00000", "2007-12-31": "669.00000", "2006-12-31": "-63.00000", "2005-12-31": "-312.00000"}, "Other Share Holders Equity": {"2019-12-31": "", "2018-12-31": "", "2017-12-31": "", "2016-12-31": "", "2015-12-31": "", "2014-12-31": "", "2013-12-31": "", "2012-12-31": "", "2011-12-31": "", "2010-12-31": "", "2009-12-31": "", "2008-12-31": "", "2007-12-31": "", "2006-12-31": "", "2005-12-31": ""}, "Share Holder Equity": {"2019-12-31": "6030.00000", "2018-12-31": "6378.00000", "2017-12-31": "7357.00000", "2016-12-31": "7343.00000", "2015-12-31": "6652.00000", "2014-12-31": "8690.00000", "2013-12-31": "10088.00000", "2012-12-31": "11255.00000", "2011-12-31": "12075.00000", "2010-12-31": "12554.00000", "2009-12-31": "10365.00000", "2008-12-31": "8128.00000", "2007-12-31": "7945.00000", "2006-12-31": "5668.00000", "2005-12-31": "4226.00000"}, "Total Liabilities And Share Holders Equity": {"2019-12-31": "18317.00000", "2018-12-31": "19425.00000", "2017-12-31": "18871.00000", "2016-12-31": "19188.00000", "2015-12-31": "17914.00000", "2014-12-31": "21432.00000", "2013-12-31": "26781.00000", "2012-12-31": "27280.00000", "2011-12-31": "25221.00000", "2010-12-31": "26001.00000", "2009-12-31": "21286.00000", "2008-12-31": "20230.00000", "2007-12-31": "21991.00000", "2006-12-31": "14347.00000", "2005-12-31": "11446.00000"}}, "balance sheet, quarterly": {"Cash On Hand": {"2020-09-30": "291.00000", "2020-06-30": "277.00000", "2020-03-31": "193.00000", "2019-12-31": "320.00000", "2019-09-30": "291.00000", "2019-06-30": "238.00000", "2019-03-31": "464.00000", "2018-12-31": "389.00000", "2018-09-30": "267.00000", "2018-06-30": "221.00000", "2018-03-31": "287.00000", "2017-12-31": "601.00000", "2017-09-30": "389.00000", "2017-06-30": "575.00000", "2017-03-31": "676.00000", "2016-12-31": "934.00000", "2016-09-30": "297.00000", "2016-06-30": "548.00000", "2016-03-31": "523.00000", "2015-12-31": "411.00000", "2015-09-30": "303.00000", "2015-06-30": "426.00000", "2015-03-31": "380.00000", "2014-12-31": "362.00000", "2014-09-30": "357.00000", "2014-06-30": "523.00000", "2014-03-31": "632.00000", "2013-12-31": "742.00000", "2013-09-30": "1482.00000", "2013-06-30": "726.00000", "2013-03-31": "801.00000", "2012-12-31": "569.00000", "2012-09-30": "690.00000", "2012-06-30": "467.00000", "2012-03-31": "1250.00000", "2011-12-31": "835.00000", "2011-09-30": "1055.00000", "2011-06-30": "470.00000", "2011-03-31": "812.00000", "2010-12-31": "578.00000", "2010-09-30": "350.00000", "2010-06-30": "2771.00000", "2010-03-31": "473.00000", "2009-12-31": "553.00000", "2009-09-30": "1101.00000", "2009-06-30": "489.00000", "2009-03-31": "498.00000", "2008-12-31": "1004.00000", "2008-09-30": "1494.00000", "2008-06-30": "1100.00000", "2008-03-31": "723.00000", "2007-12-31": "981.00000", "2007-09-30": "845.00000", "2007-06-30": "466.00000", "2007-03-31": "485.00000", "2006-12-31": "365.00000", "2006-09-30": "287.00000", "2006-06-30": "279.00000", "2006-03-31": "280.00000", "2005-12-31": "354.00000", "2005-09-30": "326.00000", "2005-06-30": "414.00000", "2005-03-31": "339.00000"}, "Receivables": {"2020-09-30": "1623.00000", "2020-06-30": "1526.00000", "2020-03-31": "1616.00000", "2019-12-31": "1705.00000", "2019-09-30": "1834.00000", "2019-06-30": "1711.00000", "2019-03-31": "1717.00000", "2018-12-31": "1637.00000", "2018-09-30": "1713.00000", "2018-06-30": "1814.00000", "2018-03-31": "1686.00000", "2017-12-31": "1501.00000", "2017-09-30": "1867.00000", "2017-06-30": "1747.00000", "2017-03-31": "1671.00000", "2016-12-31": "1676.00000", "2016-09-30": "1680.00000", "2016-06-30": "1683.00000", "2016-03-31": "1958.00000", "2015-12-31": "1607.00000", "2015-09-30": "1908.00000", "2015-06-30": "1933.00000", "2015-03-31": "1502.00000", "2014-12-31": "1840.00000", "2014-09-30": "2442.00000", "2014-06-30": "2981.00000", "2014-03-31": "2617.00000", "2013-12-31": "2144.00000", "2013-09-30": "2337.00000", "2013-06-30": "3010.00000", "2013-03-31": "2957.00000", "2012-12-31": "2471.00000", "2012-09-30": "3772.00000", "2012-06-30": "2805.00000", "2012-03-31": "2908.00000", "2011-12-31": "2459.00000", "2011-09-30": "2515.00000", "2011-06-30": "3037.00000", "2011-03-31": "3138.00000", "2010-12-31": "2901.00000", "2010-09-30": "3003.00000", "2010-06-30": "2489.00000", "2010-03-31": "2368.00000", "2009-12-31": "2363.00000", "2009-09-30": "2381.00000", "2009-06-30": "2098.00000", "2009-03-31": "1939.00000", "2008-12-31": "2350.00000", "2008-09-30": "3536.00000", "2008-06-30": "3501.00000", "2008-03-31": "3037.00000", "2007-12-31": "2541.00000", "2007-09-30": "2697.00000", "2007-06-30": "2490.00000", "2007-03-31": "2173.00000", "2006-12-31": "1879.00000", "2006-09-30": "2008.00000", "2006-06-30": "1690.00000", "2006-03-31": "1611.00000", "2005-12-31": "1702.00000", "2005-09-30": "2081.00000", "2005-06-30": "1802.00000", "2005-03-31": "1799.00000"}, "Inventory": {"2020-09-30": "6463.00000", "2020-06-30": "6007.00000", "2020-03-31": "5451.00000", "2019-12-31": "5038.00000", "2019-09-30": "5466.00000", "2019-06-30": "5875.00000", "2019-03-31": "5938.00000", "2018-12-31": "5871.00000", "2018-09-30": "7183.00000", "2018-06-30": "7062.00000", "2018-03-31": "6952.00000", "2017-12-31": "5074.00000", "2017-09-30": "5848.00000", "2017-06-30": "5454.00000", "2017-03-31": "5188.00000", "2016-12-31": "4773.00000", "2016-09-30": "5173.00000", "2016-06-30": "5966.00000", "2016-03-31": "4807.00000", "2015-12-31": "4466.00000", "2015-09-30": "5013.00000", "2015-06-30": "5443.00000", "2015-03-31": "4778.00000", "2014-12-31": "5554.00000", "2014-09-30": "4987.00000", "2014-06-30": "6145.00000", "2014-03-31": "6452.00000", "2013-12-31": "5796.00000", "2013-09-30": "5886.00000", "2013-06-30": "6391.00000", "2013-03-31": "6074.00000", "2012-12-31": "6590.00000", "2012-09-30": "8115.00000", "2012-06-30": "7930.00000", "2012-03-31": "6368.00000", "2011-12-31": "5733.00000", "2011-09-30": "6247.00000", "2011-06-30": "6974.00000", "2011-03-31": "6719.00000", "2010-12-31": "6635.00000", "2010-09-30": "5568.00000", "2010-06-30": "4571.00000", "2010-03-31": "3890.00000", "2009-12-31": "4862.00000", "2009-09-30": "4835.00000", "2009-06-30": "6690.00000", "2009-03-31": "4961.00000", "2008-12-31": "5653.00000", "2008-09-30": "6995.00000", "2008-06-30": "8792.00000", "2008-03-31": "6512.00000", "2007-12-31": "5924.00000", "2007-09-30": "5622.00000", "2007-06-30": "4839.00000", "2007-03-31": "3910.00000", "2006-12-31": "3684.00000", "2006-09-30": "3430.00000", "2006-06-30": "3300.00000", "2006-03-31": "2698.00000", "2005-12-31": "2769.00000", "2005-09-30": "3049.00000", "2005-06-30": "3592.00000", "2005-03-31": "2866.00000"}, "Pre-Paid Expenses": {"2020-09-30": "", "2020-06-30": "", "2020-03-31": "", "2019-12-31": "", "2019-09-30": "", "2019-06-30": "", "2019-03-31": "", "2018-12-31": "", "2018-09-30": "", "2018-06-30": "", "2018-03-31": "", "2017-12-31": "", "2017-09-30": "", "2017-06-30": "", "2017-03-31": "", "2016-12-31": "", "2016-09-30": "", "2016-06-30": "", "2016-03-31": "", "2015-12-31": "", "2015-09-30": "", "2015-06-30": "", "2015-03-31": "", "2014-12-31": "", "2014-09-30": "", "2014-06-30": "", "2014-03-31": "", "2013-12-31": "", "2013-09-30": "", "2013-06-30": "", "2013-03-31": "", "2012-12-31": "", "2012-09-30": "", "2012-06-30": "", "2012-03-31": "", "2011-12-31": "", "2011-09-30": "", "2011-06-30": "", "2011-03-31": "", "2010-12-31": "", "2010-09-30": "", "2010-06-30": "", "2010-03-31": "", "2009-12-31": "", "2009-09-30": "", "2009-06-30": "", "2009-03-31": "", "2008-12-31": "", "2008-09-30": "", "2008-06-30": "", "2008-03-31": "", "2007-12-31": "", "2007-09-30": "", "2007-06-30": "", "2007-03-31": "", "2006-12-31": "", "2006-09-30": "", "2006-06-30": "", "2006-03-31": "", "2005-12-31": "", "2005-09-30": "", "2005-06-30": "", "2005-03-31": ""}, "Other Current Assets": {"2020-09-30": "5124.00000", "2020-06-30": "3658.00000", "2020-03-31": "3840.00000", "2019-12-31": "3185.00000", "2019-09-30": "3235.00000", "2019-06-30": "3283.00000", "2019-03-31": "3120.00000", "2018-12-31": "3171.00000", "2018-09-30": "3948.00000", "2018-06-30": "4421.00000", "2018-03-31": "4451.00000", "2017-12-31": "3227.00000", "2017-09-30": "3881.00000", "2017-06-30": "4138.00000", "2017-03-31": "4473.00000", "2016-12-31": "3709.00000", "2016-09-30": "4773.00000", "2016-06-30": "5671.00000", "2016-03-31": "4023.00000", "2015-12-31": "4224.00000", "2015-09-30": "4162.00000", "2015-06-30": "3945.00000", "2015-03-31": "4183.00000", "2014-12-31": "5148.00000", "2014-09-30": "7458.00000", "2014-06-30": "6817.00000", "2014-03-31": "8350.00000", "2013-12-31": "8907.00000", "2013-09-30": "9620.00000", "2013-06-30": "10468.00000", "2013-03-31": "9742.00000", "2012-12-31": "7526.00000", "2012-09-30": "5194.00000", "2012-06-30": "4764.00000", "2012-03-31": "3910.00000", "2011-12-31": "5742.00000", "2011-09-30": "5113.00000", "2011-06-30": "4986.00000", "2011-03-31": "5037.00000", "2010-12-31": "5468.00000", "2010-09-30": "4262.00000", "2010-06-30": "2980.00000", "2010-03-31": "4382.00000", "2009-12-31": "3499.00000", "2009-09-30": "3893.00000", "2009-06-30": "3728.00000", "2009-03-31": "3320.00000", "2008-12-31": "3901.00000", "2008-09-30": "4827.00000", "2008-06-30": "5881.00000", "2008-03-31": "5322.00000", "2007-12-31": "4853.00000", "2007-09-30": "4454.00000", "2007-06-30": "3529.00000", "2007-03-31": "2415.00000", "2006-12-31": "2316.00000", "2006-09-30": "1979.00000", "2006-06-30": "1790.00000", "2006-03-31": "1672.00000", "2005-12-31": "1637.00000", "2005-09-30": "1715.00000", "2005-06-30": "1549.00000", "2005-03-31": "1660.00000"}, "Total Current Assets": {"2020-09-30": "13501.00000", "2020-06-30": "11468.00000", "2020-03-31": "11100.00000", "2019-12-31": "10248.00000", "2019-09-30": "10826.00000", "2019-06-30": "11107.00000", "2019-03-31": "11239.00000", "2018-12-31": "11068.00000", "2018-09-30": "13111.00000", "2018-06-30": "13518.00000", "2018-03-31": "13376.00000", "2017-12-31": "10403.00000", "2017-09-30": "11985.00000", "2017-06-30": "11914.00000", "2017-03-31": "12008.00000", "2016-12-31": "11092.00000", "2016-09-30": "11923.00000", "2016-06-30": "13868.00000", "2016-03-31": "11423.00000", "2015-12-31": "10916.00000", "2015-09-30": "11506.00000", "2015-06-30": "11818.00000", "2015-03-31": "11090.00000", "2014-12-31": "13081.00000", "2014-09-30": "15617.00000", "2014-06-30": "16672.00000", "2014-03-31": "18201.00000", "2013-12-31": "17772.00000", "2013-09-30": "19443.00000", "2013-06-30": "20683.00000", "2013-03-31": "19793.00000", "2012-12-31": "17264.00000", "2012-09-30": "18046.00000", "2012-06-30": "16360.00000", "2012-03-31": "14751.00000", "2011-12-31": "15074.00000", "2011-09-30": "15173.00000", "2011-06-30": "15636.00000", "2011-03-31": "15903.00000", "2010-12-31": "15815.00000", "2010-09-30": "13326.00000", "2010-06-30": "12956.00000", "2010-03-31": "11357.00000", "2009-12-31": "11783.00000", "2009-09-30": "12506.00000", "2009-06-30": "13326.00000", "2009-03-31": "11066.00000", "2008-12-31": "13176.00000", "2008-09-30": "17282.00000", "2008-06-30": "19508.00000", "2008-03-31": "15873.00000", "2007-12-31": "14518.00000", "2007-09-30": "13760.00000", "2007-06-30": "11460.00000", "2007-03-31": "9119.00000", "2006-12-31": "8393.00000", "2006-09-30": "7804.00000", "2006-06-30": "7167.00000", "2006-03-31": "6371.00000", "2005-12-31": "6564.00000", "2005-09-30": "7319.00000", "2005-06-30": "7506.00000", "2005-03-31": "6770.00000"}, "Property, Plant, And Equipment": {"2020-09-30": "3720.00000", "2020-06-30": "3714.00000", "2020-03-31": "3830.00000", "2019-12-31": "4132.00000", "2019-09-30": "4126.00000", "2019-06-30": "5238.00000", "2019-03-31": "5197.00000", "2018-12-31": "5201.00000", "2018-09-30": "5164.00000", "2018-06-30": "5274.00000", "2018-03-31": "5735.00000", "2017-12-31": "5310.00000", "2017-09-30": "5420.00000", "2017-06-30": "5331.00000", "2017-03-31": "5351.00000", "2016-12-31": "5099.00000", "2016-09-30": "5169.00000", "2016-06-30": "5083.00000", "2016-03-31": "4884.00000", "2015-12-31": "4736.00000", "2015-09-30": "4616.00000", "2015-06-30": "5134.00000", "2015-03-31": "5079.00000", "2014-12-31": "5626.00000", "2014-09-30": "5919.00000", "2014-06-30": "6290.00000", "2014-03-31": "6166.00000", "2013-12-31": "6075.00000", "2013-09-30": "5859.00000", "2013-06-30": "5762.00000", "2013-03-31": "6017.00000", "2012-12-31": "5888.00000", "2012-09-30": "5841.00000", "2012-06-30": "5596.00000", "2012-03-31": "5791.00000", "2011-12-31": "5517.00000", "2011-09-30": "5269.00000", "2011-06-30": "5840.00000", "2011-03-31": "5564.00000", "2010-12-31": "5312.00000", "2010-09-30": "4992.00000", "2010-06-30": "4651.00000", "2010-03-31": "4653.00000", "2009-12-31": "5347.00000", "2009-09-30": "5051.00000", "2009-06-30": "4584.00000", "2009-03-31": "3918.00000", "2008-12-31": "3969.00000", "2008-09-30": "4298.00000", "2008-06-30": "4712.00000", "2008-03-31": "4339.00000", "2007-12-31": "4216.00000", "2007-09-30": "3967.00000", "2007-06-30": "3739.00000", "2007-03-31": "3544.00000", "2006-12-31": "3446.00000", "2006-09-30": "3165.00000", "2006-06-30": "3103.00000", "2006-03-31": "3024.00000", "2005-12-31": "2900.00000", "2005-09-30": "2952.00000", "2005-06-30": "2789.00000", "2005-03-31": "2550.00000"}, "Long-Term Investments": {"2020-09-30": "583.00000", "2020-06-30": "565.00000", "2020-03-31": "686.00000", "2019-12-31": "827.00000", "2019-09-30": "472.00000", "2019-06-30": "474.00000", "2019-03-31": "463.00000", "2018-12-31": "451.00000", "2018-09-30": "454.00000", "2018-06-30": "448.00000", "2018-03-31": "462.00000", "2017-12-31": "461.00000", "2017-09-30": "418.00000", "2017-06-30": "426.00000", "2017-03-31": "419.00000", "2016-12-31": "373.00000", "2016-09-30": "343.00000", "2016-06-30": "337.00000", "2016-03-31": "330.00000", "2015-12-31": "329.00000", "2015-09-30": "411.00000", "2015-06-30": "284.00000", "2015-03-31": "286.00000", "2014-12-31": "294.00000", "2014-09-30": "287.00000", "2014-06-30": "274.00000", "2014-03-31": "252.00000", "2013-12-31": "241.00000", "2013-09-30": "276.00000", "2013-06-30": "273.00000", "2013-03-31": "277.00000", "2012-12-31": "273.00000", "2012-09-30": "282.00000", "2012-06-30": "278.00000", "2012-03-31": "627.00000", "2011-12-31": "600.00000", "2011-09-30": "612.00000", "2011-06-30": "602.00000", "2011-03-31": "605.00000", "2010-12-31": "609.00000", "2010-09-30": "599.00000", "2010-06-30": "584.00000", "2010-03-31": "586.00000", "2009-12-31": "622.00000", "2009-09-30": "801.00000", "2009-06-30": "781.00000", "2009-03-31": "757.00000", "2008-12-31": "761.00000", "2008-09-30": "779.00000", "2008-06-30": "801.00000", "2008-03-31": "800.00000", "2007-12-31": "706.00000", "2007-09-30": "684.00000", "2007-06-30": "665.00000", "2007-03-31": "635.00000", "2006-12-31": "649.00000", "2006-09-30": "637.00000", "2006-06-30": "623.00000", "2006-03-31": "613.00000", "2005-12-31": "585.00000", "2005-09-30": "583.00000", "2005-06-30": "570.00000", "2005-03-31": "577.00000"}, "Goodwill And Intangible Assets": {"2020-09-30": "1083.00000", "2020-06-30": "1074.00000", "2020-03-31": "1086.00000", "2019-12-31": "1194.00000", "2019-09-30": "1307.00000", "2019-06-30": "1372.00000", "2019-03-31": "1380.00000", "2018-12-31": "1424.00000", "2018-09-30": "1434.00000", "2018-06-30": "1466.00000", "2018-03-31": "1601.00000", "2017-12-31": "838.00000", "2017-09-30": "853.00000", "2017-06-30": "866.00000", "2017-03-31": "862.00000", "2016-12-31": "709.00000", "2016-09-30": "689.00000", "2016-06-30": "769.00000", "2016-03-31": "768.00000", "2015-12-31": "744.00000", "2015-09-30": "524.00000", "2015-06-30": "577.00000", "2015-03-31": "584.00000", "2014-12-31": "605.00000", "2014-09-30": "656.00000", "2014-06-30": "704.00000", "2014-03-31": "709.00000", "2013-12-31": "718.00000", "2013-09-30": "627.00000", "2013-06-30": "642.00000", "2013-03-31": "638.00000", "2012-12-31": "646.00000", "2012-09-30": "1181.00000", "2012-06-30": "1186.00000", "2012-03-31": "1185.00000", "2011-12-31": "1113.00000", "2011-09-30": "1057.00000", "2011-06-30": "1238.00000", "2011-03-31": "1182.00000", "2010-12-31": "1120.00000", "2010-09-30": "1146.00000", "2010-06-30": "1151.00000", "2010-03-31": "1196.00000", "2009-12-31": "597.00000", "2009-09-30": "529.00000", "2009-06-30": "490.00000", "2009-03-31": "429.00000", "2008-12-31": "432.00000", "2008-09-30": "481.00000", "2008-06-30": "571.00000", "2008-03-31": "524.00000", "2007-12-31": "493.00000", "2007-09-30": "363.00000", "2007-06-30": "354.00000", "2007-03-31": "339.00000", "2006-12-31": "335.00000", "2006-09-30": "312.00000", "2006-06-30": "314.00000", "2006-03-31": "317.00000", "2005-12-31": "308.00000", "2005-09-30": "378.00000", "2005-06-30": "367.00000", "2005-03-31": "336.00000"}, "Other Long-Term Assets": {"2020-09-30": "692.00000", "2020-06-30": "667.00000", "2020-03-31": "722.00000", "2019-12-31": "678.00000", "2019-09-30": "712.00000", "2019-06-30": "750.00000", "2019-03-31": "821.00000", "2018-12-31": "823.00000", "2018-09-30": "849.00000", "2018-06-30": "908.00000", "2018-03-31": "1397.00000", "2017-12-31": "1343.00000", "2017-09-30": "1328.00000", "2017-06-30": "1353.00000", "2017-03-31": "1465.00000", "2016-12-31": "1391.00000", "2016-09-30": "1363.00000", "2016-06-30": "1452.00000", "2016-03-31": "977.00000", "2015-12-31": "772.00000", "2015-09-30": "928.00000", "2015-06-30": "1071.00000", "2015-03-31": "1061.00000", "2014-12-31": "1261.00000", "2014-09-30": "1316.00000", "2014-06-30": "1491.00000", "2014-03-31": "1503.00000", "2013-12-31": "1411.00000", "2013-09-30": "1606.00000", "2013-06-30": "1826.00000", "2013-03-31": "2011.00000", "2012-12-31": "1996.00000", "2012-09-30": "1959.00000", "2012-06-30": "2017.00000", "2012-03-31": "2112.00000", "2011-12-31": "1706.00000", "2011-09-30": "1608.00000", "2011-06-30": "1895.00000", "2011-03-31": "1922.00000", "2010-12-31": "1945.00000", "2010-09-30": "1978.00000", "2010-06-30": "1786.00000", "2010-03-31": "3810.00000", "2009-12-31": "1958.00000", "2009-09-30": "1823.00000", "2009-06-30": "1649.00000", "2009-03-31": "1177.00000", "2008-12-31": "1028.00000", "2008-09-30": "1029.00000", "2008-06-30": "1131.00000", "2008-03-31": "1120.00000", "2007-12-31": "1155.00000", "2007-09-30": "1113.00000", "2007-06-30": "902.00000", "2007-03-31": "931.00000", "2006-12-31": "810.00000", "2006-09-30": "734.00000", "2006-06-30": "653.00000", "2006-03-31": "704.00000", "2005-12-31": "627.00000", "2005-09-30": "612.00000", "2005-06-30": "518.00000", "2005-03-31": "557.00000"}, "Total Long-Term Assets": {"2020-09-30": "7260.00000", "2020-06-30": "7091.00000", "2020-03-31": "7496.00000", "2019-12-31": "8069.00000", "2019-09-30": "7808.00000", "2019-06-30": "9317.00000", "2019-03-31": "9296.00000", "2018-12-31": "8357.00000", "2018-09-30": "8335.00000", "2018-06-30": "8606.00000", "2018-03-31": "9708.00000", "2017-12-31": "8468.00000", "2017-09-30": "8567.00000", "2017-06-30": "8519.00000", "2017-03-31": "8612.00000", "2016-12-31": "8096.00000", "2016-09-30": "8122.00000", "2016-06-30": "8227.00000", "2016-03-31": "7516.00000", "2015-12-31": "6998.00000", "2015-09-30": "6933.00000", "2015-06-30": "7611.00000", "2015-03-31": "7391.00000", "2014-12-31": "8351.00000", "2014-09-30": "8528.00000", "2014-06-30": "9339.00000", "2014-03-31": "9233.00000", "2013-12-31": "9009.00000", "2013-09-30": "9057.00000", "2013-06-30": "9660.00000", "2013-03-31": "10106.00000", "2012-12-31": "10016.00000", "2012-09-30": "10589.00000", "2012-06-30": "10353.00000", "2012-03-31": "11045.00000", "2011-12-31": "10147.00000", "2011-09-30": "9728.00000", "2011-06-30": "10872.00000", "2011-03-31": "10570.00000", "2010-12-31": "10186.00000", "2010-09-30": "9775.00000", "2010-06-30": "9138.00000", "2010-03-31": "11193.00000", "2009-12-31": "9503.00000", "2009-09-30": "9354.00000", "2009-06-30": "8482.00000", "2009-03-31": "7123.00000", "2008-12-31": "7054.00000", "2008-09-30": "7358.00000", "2008-06-30": "8154.00000", "2008-03-31": "7774.00000", "2007-12-31": "7473.00000", "2007-09-30": "7066.00000", "2007-06-30": "6569.00000", "2007-03-31": "6267.00000", "2006-12-31": "5954.00000", "2006-09-30": "5417.00000", "2006-06-30": "5257.00000", "2006-03-31": "5208.00000", "2005-12-31": "4882.00000", "2005-09-30": "4884.00000", "2005-06-30": "4517.00000", "2005-03-31": "4280.00000"}, "Total Assets": {"2020-09-30": "20761.00000", "2020-06-30": "18559.00000", "2020-03-31": "18596.00000", "2019-12-31": "18317.00000", "2019-09-30": "18634.00000", "2019-06-30": "20424.00000", "2019-03-31": "20535.00000", "2018-12-31": "19425.00000", "2018-09-30": "21446.00000", "2018-06-30": "22124.00000", "2018-03-31": "23084.00000", "2017-12-31": "18871.00000", "2017-09-30": "20552.00000", "2017-06-30": "20433.00000", "2017-03-31": "20620.00000", "2016-12-31": "19188.00000", "2016-09-30": "20045.00000", "2016-06-30": "22095.00000", "2016-03-31": "18939.00000", "2015-12-31": "17914.00000", "2015-09-30": "18439.00000", "2015-06-30": "19429.00000", "2015-03-31": "18481.00000", "2014-12-31": "21432.00000", "2014-09-30": "24145.00000", "2014-06-30": "26011.00000", "2014-03-31": "27434.00000", "2013-12-31": "26781.00000", "2013-09-30": "28500.00000", "2013-06-30": "30343.00000", "2013-03-31": "29899.00000", "2012-12-31": "27280.00000", "2012-09-30": "28635.00000", "2012-06-30": "26713.00000", "2012-03-31": "25796.00000", "2011-12-31": "25221.00000", "2011-09-30": "24901.00000", "2011-06-30": "26508.00000", "2011-03-31": "26473.00000", "2010-12-31": "26001.00000", "2010-09-30": "23101.00000", "2010-06-30": "22094.00000", "2010-03-31": "22550.00000", "2009-12-31": "21286.00000", "2009-09-30": "21860.00000", "2009-06-30": "21808.00000", "2009-03-31": "18189.00000", "2008-12-31": "20230.00000", "2008-09-30": "24640.00000", "2008-06-30": "27662.00000", "2008-03-31": "23647.00000", "2007-12-31": "21991.00000", "2007-09-30": "20826.00000", "2007-06-30": "18029.00000", "2007-03-31": "15386.00000", "2006-12-31": "14347.00000", "2006-09-30": "13221.00000", "2006-06-30": "12424.00000", "2006-03-31": "11579.00000", "2005-12-31": "11446.00000", "2005-09-30": "12203.00000", "2005-06-30": "12023.00000", "2005-03-31": "11050.00000"}, "Total Current Liabilities": {"2020-09-30": "8932.00000", "2020-06-30": "7496.00000", "2020-03-31": "8022.00000", "2019-12-31": "6595.00000", "2019-09-30": "7369.00000", "2019-06-30": "7457.00000", "2019-03-31": "8053.00000", "2018-12-31": "7172.00000", "2018-09-30": "8301.00000", "2018-06-30": "9043.00000", "2018-03-31": "8550.00000", "2017-12-31": "6215.00000", "2017-09-30": "7468.00000", "2017-06-30": "7933.00000", "2017-03-31": "8616.00000", "2016-12-31": "7684.00000", "2016-09-30": "8281.00000", "2016-06-30": "10315.00000", "2016-03-31": "7092.00000", "2015-12-31": "7340.00000", "2015-09-30": "8170.00000", "2015-06-30": "8221.00000", "2015-03-31": "7657.00000", "2014-12-31": "8704.00000", "2014-09-30": "10929.00000", "2014-06-30": "10377.00000", "2014-03-31": "12495.00000", "2013-12-31": "12535.00000", "2013-09-30": "14116.00000", "2013-06-30": "15159.00000", "2013-03-31": "13566.00000", "2012-12-31": "11561.00000", "2012-09-30": "11587.00000", "2012-06-30": "9674.00000", "2012-03-31": "7583.00000", "2011-12-31": "8893.00000", "2011-09-30": "8617.00000", "2011-06-30": "8349.00000", "2011-03-31": "9356.00000", "2010-12-31": "10004.00000", "2010-09-30": "7665.00000", "2010-06-30": "6707.00000", "2010-03-31": "6929.00000", "2009-12-31": "6207.00000", "2009-09-30": "6686.00000", "2009-06-30": "7890.00000", "2009-03-31": "6438.00000", "2008-12-31": "8074.00000", "2008-09-30": "11064.00000", "2008-06-30": "12289.00000", "2008-03-31": "10229.00000", "2007-12-31": "8834.00000", "2007-09-30": "8956.00000", "2007-06-30": "6601.00000", "2007-03-31": "4819.00000", "2006-12-31": "4515.00000", "2006-09-30": "4289.00000", "2006-06-30": "3885.00000", "2006-03-31": "3483.00000", "2005-12-31": "3617.00000", "2005-09-30": "4152.00000", "2005-06-30": "4072.00000", "2005-03-31": "3852.00000"}, "Long Term Debt": {"2020-09-30": "4419.00000", "2020-06-30": "3980.00000", "2020-03-31": "3753.00000", "2019-12-31": "3716.00000", "2019-09-30": "4581.00000", "2019-06-30": "4039.00000", "2019-03-31": "3821.00000", "2018-12-31": "4203.00000", "2018-09-30": "4912.00000", "2018-06-30": "4992.00000", "2018-03-31": "5446.00000", "2017-12-31": "4160.00000", "2017-09-30": "4246.00000", "2017-06-30": "3918.00000", "2017-03-31": "3266.00000", "2016-12-31": "3069.00000", "2016-09-30": "3447.00000", "2016-06-30": "3388.00000", "2016-03-31": "3845.00000", "2015-12-31": "2926.00000", "2015-09-30": "2583.00000", "2015-06-30": "2496.00000", "2015-03-31": "2337.00000", "2014-12-31": "2855.00000", "2014-09-30": "2720.00000", "2014-06-30": "4231.00000", "2014-03-31": "3875.00000", "2013-12-31": "3179.00000", "2013-09-30": "3169.00000", "2013-06-30": "3513.00000", "2013-03-31": "3897.00000", "2012-12-31": "3532.00000", "2012-09-30": "4142.00000", "2012-06-30": "4247.00000", "2012-03-31": "4471.00000", "2011-12-31": "3348.00000", "2011-09-30": "3468.00000", "2011-06-30": "3504.00000", "2011-03-31": "3041.00000", "2010-12-31": "2551.00000", "2010-09-30": "2378.00000", "2010-06-30": "2828.00000", "2010-03-31": "3544.00000", "2009-12-31": "3618.00000", "2009-09-30": "3625.00000", "2009-06-30": "3921.00000", "2009-03-31": "2998.00000", "2008-12-31": "3032.00000", "2008-09-30": "2961.00000", "2008-06-30": "3727.00000", "2008-03-31": "3322.00000", "2007-12-31": "3435.00000", "2007-09-30": "3480.00000", "2007-06-30": "3670.00000", "2007-03-31": "3373.00000", "2006-12-31": "2874.00000", "2006-09-30": "3114.00000", "2006-06-30": "2872.00000", "2006-03-31": "2485.00000", "2005-12-31": "2557.00000", "2005-09-30": "2875.00000", "2005-06-30": "3137.00000", "2005-03-31": "2728.00000"}, "Other Non-Current Liabilities": {"2020-09-30": "637.00000", "2020-06-30": "665.00000", "2020-03-31": "667.00000", "2019-12-31": "711.00000", "2019-09-30": "769.00000", "2019-06-30": "879.00000", "2019-03-31": "874.00000", "2018-12-31": "892.00000", "2018-09-30": "947.00000", "2018-06-30": "950.00000", "2018-03-31": "980.00000", "2017-12-31": "916.00000", "2017-09-30": "842.00000", "2017-06-30": "879.00000", "2017-03-31": "889.00000", "2016-12-31": "853.00000", "2016-09-30": "826.00000", "2016-06-30": "845.00000", "2016-03-31": "786.00000", "2015-12-31": "750.00000", "2015-09-30": "851.00000", "2015-06-30": "891.00000", "2015-03-31": "856.00000", "2014-12-31": "969.00000", "2014-09-30": "686.00000", "2014-06-30": "735.00000", "2014-03-31": "731.00000", "2013-12-31": "757.00000", "2013-09-30": "813.00000", "2013-06-30": "870.00000", "2013-03-31": "888.00000", "2012-12-31": "810.00000", "2012-09-30": "745.00000", "2012-06-30": "765.00000", "2012-03-31": "811.00000", "2011-12-31": "771.00000", "2011-09-30": "702.00000", "2011-06-30": "825.00000", "2011-03-31": "826.00000", "2010-12-31": "808.00000", "2010-09-30": "803.00000", "2010-06-30": "757.00000", "2010-03-31": "1092.00000", "2009-12-31": "913.00000", "2009-09-30": "992.00000", "2009-06-30": "942.00000", "2009-03-31": "853.00000", "2008-12-31": "864.00000", "2008-09-30": "981.00000", "2008-06-30": "1146.00000", "2008-03-31": "949.00000", "2007-12-31": "876.00000", "2007-09-30": "904.00000", "2007-06-30": "911.00000", "2007-03-31": "794.00000", "2006-12-31": "700.00000", "2006-09-30": "577.00000", "2006-06-30": "618.00000", "2006-03-31": "607.00000", "2005-12-31": "576.00000", "2005-09-30": "594.00000", "2005-06-30": "564.00000", "2005-03-31": "541.00000"}, "Total Long Term Liabilities": {"2020-09-30": "6378.00000", "2020-06-30": "5854.00000", "2020-03-31": "5602.00000", "2019-12-31": "5692.00000", "2019-09-30": "6616.00000", "2019-06-30": "6442.00000", "2019-03-31": "5757.00000", "2018-12-31": "5875.00000", "2018-09-30": "6658.00000", "2018-06-30": "6297.00000", "2018-03-31": "7257.00000", "2017-12-31": "5299.00000", "2017-09-30": "5334.00000", "2017-06-30": "5065.00000", "2017-03-31": "4371.00000", "2016-12-31": "4161.00000", "2016-09-30": "4487.00000", "2016-06-30": "4480.00000", "2016-03-31": "4884.00000", "2015-12-31": "3922.00000", "2015-09-30": "3608.00000", "2015-06-30": "3578.00000", "2015-03-31": "3395.00000", "2014-12-31": "4038.00000", "2014-09-30": "3654.00000", "2014-06-30": "5243.00000", "2014-03-31": "4878.00000", "2013-12-31": "4158.00000", "2013-09-30": "4086.00000", "2013-06-30": "4477.00000", "2013-03-31": "4879.00000", "2012-12-31": "4464.00000", "2012-09-30": "5039.00000", "2012-06-30": "5167.00000", "2012-03-31": "5443.00000", "2011-12-31": "4253.00000", "2011-09-30": "4255.00000", "2011-06-30": "4408.00000", "2011-03-31": "4012.00000", "2010-12-31": "3443.00000", "2010-09-30": "3301.00000", "2010-06-30": "3700.00000", "2010-03-31": "4748.00000", "2009-12-31": "4714.00000", "2009-09-30": "4781.00000", "2009-06-30": "5008.00000", "2009-03-31": "3975.00000", "2008-12-31": "4028.00000", "2008-09-30": "4866.00000", "2008-06-30": "5898.00000", "2008-03-31": "5135.00000", "2007-12-31": "5212.00000", "2007-09-30": "5164.00000", "2007-06-30": "5280.00000", "2007-03-31": "4792.00000", "2006-12-31": "4164.00000", "2006-09-30": "4218.00000", "2006-06-30": "3999.00000", "2006-03-31": "3594.00000", "2005-12-31": "3603.00000", "2005-09-30": "4033.00000", "2005-06-30": "4233.00000", "2005-03-31": "3779.00000"}, "Total Liabilities": {"2020-09-30": "15310.00000", "2020-06-30": "13350.00000", "2020-03-31": "13624.00000", "2019-12-31": "12287.00000", "2019-09-30": "13985.00000", "2019-06-30": "13899.00000", "2019-03-31": "13810.00000", "2018-12-31": "13047.00000", "2018-09-30": "14959.00000", "2018-06-30": "15340.00000", "2018-03-31": "15807.00000", "2017-12-31": "11514.00000", "2017-09-30": "12802.00000", "2017-06-30": "12998.00000", "2017-03-31": "12987.00000", "2016-12-31": "11845.00000", "2016-09-30": "12768.00000", "2016-06-30": "14795.00000", "2016-03-31": "11976.00000", "2015-12-31": "11262.00000", "2015-09-30": "11778.00000", "2015-06-30": "11799.00000", "2015-03-31": "11052.00000", "2014-12-31": "12742.00000", "2014-09-30": "14583.00000", "2014-06-30": "15620.00000", "2014-03-31": "17373.00000", "2013-12-31": "16693.00000", "2013-09-30": "18202.00000", "2013-06-30": "19636.00000", "2013-03-31": "18445.00000", "2012-12-31": "16025.00000", "2012-09-30": "16626.00000", "2012-06-30": "14841.00000", "2012-03-31": "13026.00000", "2011-12-31": "13146.00000", "2011-09-30": "12872.00000", "2011-06-30": "12757.00000", "2011-03-31": "13368.00000", "2010-12-31": "13447.00000", "2010-09-30": "10966.00000", "2010-06-30": "10407.00000", "2010-03-31": "11677.00000", "2009-12-31": "10921.00000", "2009-09-30": "11467.00000", "2009-06-30": "12898.00000", "2009-03-31": "10413.00000", "2008-12-31": "12102.00000", "2008-09-30": "15930.00000", "2008-06-30": "18187.00000", "2008-03-31": "15364.00000", "2007-12-31": "14046.00000", "2007-09-30": "14120.00000", "2007-06-30": "11881.00000", "2007-03-31": "9611.00000", "2006-12-31": "8679.00000", "2006-09-30": "8507.00000", "2006-06-30": "7884.00000", "2006-03-31": "7077.00000", "2005-12-31": "7220.00000", "2005-09-30": "8185.00000", "2005-06-30": "8305.00000", "2005-03-31": "7631.00000"}, "Common Stock Net": {"2020-09-30": "1.00000", "2020-06-30": "1.00000", "2020-03-31": "1.00000", "2019-12-31": "1.00000", "2019-09-30": "1.00000", "2019-06-30": "1.00000", "2019-03-31": "1.00000", "2018-12-31": "1.00000", "2018-09-30": "1.00000", "2018-06-30": "1.00000", "2018-03-31": "1.00000", "2017-12-31": "1.00000", "2017-09-30": "1.00000", "2017-06-30": "1.00000", "2017-03-31": "1.00000", "2016-12-31": "1.00000", "2016-09-30": "1.00000", "2016-06-30": "1.00000", "2016-03-31": "1.00000", "2015-12-31": "1.00000", "2015-09-30": "1.00000", "2015-06-30": "1.00000", "2015-03-31": "1.00000", "2014-12-31": "1.00000", "2014-09-30": "1.00000", "2014-06-30": "1.00000", "2014-03-31": "1.00000", "2013-12-31": "1.00000", "2013-09-30": "1.00000", "2013-06-30": "1.00000", "2013-03-31": "1.00000", "2012-12-31": "1.00000", "2012-09-30": "1.00000", "2012-06-30": "1.00000", "2012-03-31": "1.00000", "2011-12-31": "1.00000", "2011-09-30": "1.00000", "2011-06-30": "1.00000", "2011-03-31": "1.00000", "2010-12-31": "1.00000", "2010-09-30": "1.00000", "2010-06-30": "1.00000", "2010-03-31": "1.00000", "2009-12-31": "1.00000", "2009-09-30": "1.00000", "2009-06-30": "1.00000", "2009-03-31": "1.00000", "2008-12-31": "1.00000", "2008-09-30": "1.00000", "2008-06-30": "1.00000", "2008-03-31": "1.00000", "2007-12-31": "1.00000", "2007-09-30": "1.00000", "2007-06-30": "1.00000", "2007-03-31": "1.00000", "2006-12-31": "1.00000", "2006-09-30": "1.00000", "2006-06-30": "1.00000", "2006-03-31": "1.00000", "2005-12-31": "1.00000", "2005-09-30": "1.00000", "2005-06-30": "1.00000", "2005-03-31": "1.00000"}, "Retained Earnings (Accumulated Deficit)": {"2020-09-30": "6784.00000", "2020-06-30": "6581.00000", "2020-03-31": "6158.00000", "2019-12-31": "6437.00000", "2019-09-30": "6611.00000", "2019-06-30": "8179.00000", "2019-03-31": "8045.00000", "2018-12-31": "8059.00000", "2018-09-30": "8203.00000", "2018-06-30": "7917.00000", "2018-03-31": "8008.00000", "2017-12-31": "8081.00000", "2017-09-30": "8214.00000", "2017-06-30": "8195.00000", "2017-03-31": "8188.00000", "2016-12-31": "8208.00000", "2016-09-30": "8004.00000", "2016-06-30": "7953.00000", "2016-03-31": "7900.00000", "2015-12-31": "7725.00000", "2015-09-30": "7585.00000", "2015-06-30": "7408.00000", "2015-03-31": "7386.00000", "2014-12-31": "7180.00000", "2014-09-30": "7292.00000", "2014-06-30": "7056.00000", "2014-03-31": "6826.00000", "2013-12-31": "6891.00000", "2013-09-30": "6807.00000", "2013-06-30": "7007.00000", "2013-03-31": "6924.00000", "2012-12-31": "6792.00000", "2012-09-30": "7440.00000", "2012-06-30": "7190.00000", "2012-03-31": "6964.00000", "2011-12-31": "6917.00000", "2011-09-30": "6709.00000", "2011-06-30": "6613.00000", "2011-03-31": "6343.00000", "2010-12-31": "6153.00000", "2010-09-30": "5895.00000", "2010-06-30": "5734.00000", "2010-03-31": "4008.00000", "2009-12-31": "3996.00000", "2009-09-30": "4081.00000", "2009-06-30": "3852.00000", "2009-03-31": "3584.00000", "2008-12-31": "3844.00000", "2008-09-30": "4097.00000", "2008-06-30": "3905.00000", "2008-03-31": "3195.00000", "2007-12-31": "2962.00000", "2007-09-30": "2753.00000", "2007-06-30": "2430.00000", "2007-03-31": "2292.00000", "2006-12-31": "2350.00000", "2006-09-30": "2110.00000", "2006-06-30": "1960.00000", "2006-03-31": "1947.00000", "2005-12-31": "1907.00000", "2005-09-30": "1776.00000", "2005-06-30": "1623.00000", "2005-03-31": "1524.00000"}, "Comprehensive Income": {"2020-09-30": "-6504.00000", "2020-06-30": "-6515.00000", "2020-03-31": "-6411.00000", "2019-12-31": "-5624.00000", "2019-09-30": "-7234.00000", "2019-06-30": "-6919.00000", "2019-03-31": "-7000.00000", "2018-12-31": "-6935.00000", "2018-09-30": "-6958.00000", "2018-06-30": "-6795.00000", "2018-03-31": "-5947.00000", "2017-12-31": "-5930.00000", "2017-09-30": "-5662.00000", "2017-06-30": "-5951.00000", "2017-03-31": "-5726.00000", "2016-12-31": "-5978.00000", "2016-09-30": "-5825.00000", "2016-06-30": "-5718.00000", "2016-03-31": "-6026.00000", "2015-12-31": "-6360.00000", "2015-09-30": "-6212.00000", "2015-06-30": "-5167.00000", "2015-03-31": "-5332.00000", "2014-12-31": "-4058.00000", "2014-09-30": "-3244.00000", "2014-06-30": "-2254.00000", "2014-03-31": "-2461.00000", "2013-12-31": "-2572.00000", "2013-09-30": "-2290.00000", "2013-06-30": "-2139.00000", "2013-03-31": "-1326.00000", "2012-12-31": "-1410.00000", "2012-09-30": "-1306.00000", "2012-06-30": "-1365.00000", "2012-03-31": "-265.00000", "2011-12-31": "-610.00000", "2011-09-30": "-419.00000", "2011-06-30": "1224.00000", "2011-03-31": "874.00000", "2010-12-31": "583.00000", "2010-09-30": "465.00000", "2010-06-30": "-25.00000", "2010-03-31": "229.00000", "2009-12-31": "319.00000", "2009-09-30": "269.00000", "2009-06-30": "-152.00000", "2009-03-31": "-878.00000", "2008-12-31": "-811.00000", "2008-09-30": "214.00000", "2008-06-30": "1200.00000", "2008-03-31": "745.00000", "2007-12-31": "669.00000", "2007-09-30": "511.00000", "2007-06-30": "290.00000", "2007-03-31": "66.00000", "2006-12-31": "-63.00000", "2006-09-30": "-85.00000", "2006-06-30": "-78.00000", "2006-03-31": "-98.00000", "2005-12-31": "-312.00000", "2005-09-30": "-147.00000", "2005-06-30": "-281.00000", "2005-03-31": "-470.00000"}, "Other Share Holders Equity": {"2020-09-30": "", "2020-06-30": "", "2020-03-31": "", "2019-12-31": "", "2019-09-30": "", "2019-06-30": "", "2019-03-31": "421.00000", "2018-12-31": "", "2018-09-30": "", "2018-06-30": "441.00000", "2018-03-31": "", "2017-12-31": "", "2017-09-30": "", "2017-06-30": "", "2017-03-31": "", "2016-12-31": "", "2016-09-30": "", "2016-06-30": "", "2016-03-31": "", "2015-12-31": "", "2015-09-30": "", "2015-06-30": "", "2015-03-31": "", "2014-12-31": "", "2014-09-30": "", "2014-06-30": "", "2014-03-31": "", "2013-12-31": "", "2013-09-30": "", "2013-06-30": "", "2013-03-31": "", "2012-12-31": "", "2012-09-30": "", "2012-06-30": "", "2012-03-31": "", "2011-12-31": "", "2011-09-30": "", "2011-06-30": "", "2011-03-31": "", "2010-12-31": "", "2010-09-30": "", "2010-06-30": "", "2010-03-31": "", "2009-12-31": "", "2009-09-30": "", "2009-06-30": "", "2009-03-31": "", "2008-12-31": "", "2008-09-30": "", "2008-06-30": "", "2008-03-31": "", "2007-12-31": "", "2007-09-30": "", "2007-06-30": "", "2007-03-31": "", "2006-12-31": "", "2006-09-30": "", "2006-06-30": "", "2006-03-31": "", "2005-12-31": "", "2005-09-30": "", "2005-06-30": "", "2005-03-31": ""}, "Share Holder Equity": {"2020-09-30": "5451.00000", "2020-06-30": "5209.00000", "2020-03-31": "4972.00000", "2019-12-31": "6030.00000", "2019-09-30": "4649.00000", "2019-06-30": "6525.00000", "2019-03-31": "6725.00000", "2018-12-31": "6378.00000", "2018-09-30": "6487.00000", "2018-06-30": "6784.00000", "2018-03-31": "7277.00000", "2017-12-31": "7357.00000", "2017-09-30": "7750.00000", "2017-06-30": "7435.00000", "2017-03-31": "7633.00000", "2016-12-31": "7343.00000", "2016-09-30": "7277.00000", "2016-06-30": "7300.00000", "2016-03-31": "6963.00000", "2015-12-31": "6652.00000", "2015-09-30": "6661.00000", "2015-06-30": "7630.00000", "2015-03-31": "7429.00000", "2014-12-31": "8690.00000", "2014-09-30": "9562.00000", "2014-06-30": "10391.00000", "2014-03-31": "10061.00000", "2013-12-31": "10088.00000", "2013-09-30": "10298.00000", "2013-06-30": "10707.00000", "2013-03-31": "11454.00000", "2012-12-31": "11255.00000", "2012-09-30": "12009.00000", "2012-06-30": "11872.00000", "2012-03-31": "12770.00000", "2011-12-31": "12075.00000", "2011-09-30": "12029.00000", "2011-06-30": "13751.00000", "2011-03-31": "13105.00000", "2010-12-31": "12554.00000", "2010-09-30": "12135.00000", "2010-06-30": "11687.00000", "2010-03-31": "10873.00000", "2009-12-31": "10365.00000", "2009-09-30": "10393.00000", "2009-06-30": "8910.00000", "2009-03-31": "7776.00000", "2008-12-31": "8128.00000", "2008-09-30": "8710.00000", "2008-06-30": "9475.00000", "2008-03-31": "8283.00000", "2007-12-31": "7945.00000", "2007-09-30": "6706.00000", "2007-06-30": "6148.00000", "2007-03-31": "5775.00000", "2006-12-31": "5668.00000", "2006-09-30": "4714.00000", "2006-06-30": "4540.00000", "2006-03-31": "4502.00000", "2005-12-31": "4226.00000", "2005-09-30": "4018.00000", "2005-06-30": "3718.00000", "2005-03-31": "3419.00000"}, "Total Liabilities And Share Holders Equity": {"2020-09-30": "20761.00000", "2020-06-30": "18559.00000", "2020-03-31": "18596.00000", "2019-12-31": "18317.00000", "2019-09-30": "18634.00000", "2019-06-30": "20424.00000", "2019-03-31": "20535.00000", "2018-12-31": "19425.00000", "2018-09-30": "21446.00000", "2018-06-30": "22124.00000", "2018-03-31": "23084.00000", "2017-12-31": "18871.00000", "2017-09-30": "20552.00000", "2017-06-30": "20433.00000", "2017-03-31": "20620.00000", "2016-12-31": "19188.00000", "2016-09-30": "20045.00000", "2016-06-30": "22095.00000", "2016-03-31": "18939.00000", "2015-12-31": "17914.00000", "2015-09-30": "18439.00000", "2015-06-30": "19429.00000", "2015-03-31": "18481.00000", "2014-12-31": "21432.00000", "2014-09-30": "24145.00000", "2014-06-30": "26011.00000", "2014-03-31": "27434.00000", "2013-12-31": "26781.00000", "2013-09-30": "28500.00000", "2013-06-30": "30343.00000", "2013-03-31": "29899.00000", "2012-12-31": "27280.00000", "2012-09-30": "28635.00000", "2012-06-30": "26713.00000", "2012-03-31": "25796.00000", "2011-12-31": "25221.00000", "2011-09-30": "24901.00000", "2011-06-30": "26508.00000", "2011-03-31": "26473.00000", "2010-12-31": "26001.00000", "2010-09-30": "23101.00000", "2010-06-30": "22094.00000", "2010-03-31": "22550.00000", "2009-12-31": "21286.00000", "2009-09-30": "21860.00000", "2009-06-30": "21808.00000", "2009-03-31": "18189.00000", "2008-12-31": "20230.00000", "2008-09-30": "24640.00000", "2008-06-30": "27662.00000", "2008-03-31": "23647.00000", "2007-12-31": "21991.00000", "2007-09-30": "20826.00000", "2007-06-30": "18029.00000", "2007-03-31": "15386.00000", "2006-12-31": "14347.00000", "2006-09-30": "13221.00000", "2006-06-30": "12424.00000", "2006-03-31": "11579.00000", "2005-12-31": "11446.00000", "2005-09-30": "12203.00000", "2005-06-30": "12023.00000", "2005-03-31": "11050.00000"}}, "cash flow statement": {"Net Income/Loss": {"2019-12-31": "-1291.00000", "2018-12-31": "287.00000", "2017-12-31": "174.00000", "2016-12-31": "767.00000", "2015-12-31": "790.00000", "2014-12-31": "517.00000", "2013-12-31": "207.00000", "2012-12-31": "36.00000", "2011-12-31": "940.00000", "2010-12-31": "2388.00000", "2009-12-31": "335.00000", "2008-12-31": "1326.00000", "2007-12-31": "924.00000", "2006-12-31": "521.00000", "2005-12-31": "530.00000"}, "Total Depreciation And Amortization - Cash Flow": {"2019-12-31": "548.00000", "2018-12-31": "622.00000", "2017-12-31": "609.00000", "2016-12-31": "547.00000", "2015-12-31": "545.00000", "2014-12-31": "607.00000", "2013-12-31": "568.00000", "2012-12-31": "570.00000", "2011-12-31": "526.00000", "2010-12-31": "443.00000", "2009-12-31": "443.00000", "2008-12-31": "439.00000", "2007-12-31": "385.00000", "2006-12-31": "324.00000", "2005-12-31": "278.00000"}, "Other Non-Cash Items": {"2019-12-31": "649.00000", "2018-12-31": "-1590.00000", "2017-12-31": "-2879.00000", "2016-12-31": "-1223.00000", "2015-12-31": "-132.00000", "2014-12-31": "-172.00000", "2013-12-31": "378.00000", "2012-12-31": "505.00000", "2011-12-31": "-73.00000", "2010-12-31": "-2054.00000", "2009-12-31": "-791.00000", "2008-12-31": "326.00000", "2007-12-31": "-238.00000", "2006-12-31": "-285.00000", "2005-12-31": "-231.00000"}, "Total Non-Cash Items": {"2019-12-31": "1197.00000", "2018-12-31": "-968.00000", "2017-12-31": "-2270.00000", "2016-12-31": "-676.00000", "2015-12-31": "413.00000", "2014-12-31": "435.00000", "2013-12-31": "946.00000", "2012-12-31": "1075.00000", "2011-12-31": "453.00000", "2010-12-31": "-1611.00000", "2009-12-31": "-348.00000", "2008-12-31": "765.00000", "2007-12-31": "147.00000", "2006-12-31": "39.00000", "2005-12-31": "47.00000"}, "Change In Accounts Receivable": {"2019-12-31": "-257.00000", "2018-12-31": "-110.00000", "2017-12-31": "95.00000", "2016-12-31": "-131.00000", "2015-12-31": "-97.00000", "2014-12-31": "108.00000", "2013-12-31": "148.00000", "2012-12-31": "-373.00000", "2011-12-31": "267.00000", "2010-12-31": "-1560.00000", "2009-12-31": "242.00000", "2008-12-31": "-338.00000", "2007-12-31": "-319.00000", "2006-12-31": "-69.00000", "2005-12-31": "270.00000"}, "Change In Inventories": {"2019-12-31": "504.00000", "2018-12-31": "-1107.00000", "2017-12-31": "-130.00000", "2016-12-31": "-269.00000", "2015-12-31": "314.00000", "2014-12-31": "-161.00000", "2013-12-31": "238.00000", "2012-12-31": "-1567.00000", "2011-12-31": "530.00000", "2010-12-31": "-1894.00000", "2009-12-31": "1636.00000", "2008-12-31": "-905.00000", "2007-12-31": "-1743.00000", "2006-12-31": "-729.00000", "2005-12-31": "-11.00000"}, "Change In Accounts Payable": {"2019-12-31": "-498.00000", "2018-12-31": "335.00000", "2017-12-31": "25.00000", "2016-12-31": "708.00000", "2015-12-31": "-88.00000", "2014-12-31": "-100.00000", "2013-12-31": "436.00000", "2012-12-31": "554.00000", "2011-12-31": "-295.00000", "2010-12-31": "1305.00000", "2009-12-31": "-1427.00000", "2008-12-31": "1161.00000", "2007-12-31": "1231.00000", "2006-12-31": "365.00000", "2005-12-31": "-337.00000"}, "Change In Assets/Liabilities": {"2019-12-31": "-615.00000", "2018-12-31": "214.00000", "2017-12-31": "184.00000", "2016-12-31": "373.00000", "2015-12-31": "-679.00000", "2014-12-31": "292.00000", "2013-12-31": "128.00000", "2012-12-31": "-352.00000", "2011-12-31": "1054.00000", "2010-12-31": "-1232.00000", "2009-12-31": "-255.00000", "2008-12-31": "764.00000", "2007-12-31": "-973.00000", "2006-12-31": "-485.00000", "2005-12-31": "-90.00000"}, "Total Change In Assets/Liabilities": {"2019-12-31": "-714.00000", "2018-12-31": "-583.00000", "2017-12-31": "121.00000", "2016-12-31": "355.00000", "2015-12-31": "-593.00000", "2014-12-31": "447.00000", "2013-12-31": "1072.00000", "2012-12-31": "-1568.00000", "2011-12-31": "1221.00000", "2010-12-31": "-3212.00000", "2009-12-31": "-355.00000", "2008-12-31": "452.00000", "2007-12-31": "-1482.00000", "2006-12-31": "-849.00000", "2005-12-31": "-195.00000"}, "Cash Flow From Operating Activities": {"2019-12-31": "-808.00000", "2018-12-31": "-1264.00000", "2017-12-31": "-1975.00000", "2016-12-31": "446.00000", "2015-12-31": "610.00000", "2014-12-31": "1399.00000", "2013-12-31": "2225.00000", "2012-12-31": "-457.00000", "2011-12-31": "2614.00000", "2010-12-31": "-2435.00000", "2009-12-31": "-368.00000", "2008-12-31": "2543.00000", "2007-12-31": "-411.00000", "2006-12-31": "-289.00000", "2005-12-31": "382.00000"}, "Net Change In Property, Plant, And Equipment": {"2019-12-31": "-524.00000", "2018-12-31": "-493.00000", "2017-12-31": "-662.00000", "2016-12-31": "-757.00000", "2015-12-31": "-636.00000", "2014-12-31": "-817.00000", "2013-12-31": "-984.00000", "2012-12-31": "-1067.00000", "2011-12-31": "-984.00000", "2010-12-31": "2752.00000", "2009-12-31": "-882.00000", "2008-12-31": "-857.00000", "2007-12-31": "-603.00000", "2006-12-31": "-454.00000", "2005-12-31": "-463.00000"}, "Net Change In Intangible Assets": {"2019-12-31": "", "2018-12-31": "", "2017-12-31": "", "2016-12-31": "", "2015-12-31": "", "2014-12-31": "", "2013-12-31": "", "2012-12-31": "", "2011-12-31": "", "2010-12-31": "", "2009-12-31": "", "2008-12-31": "", "2007-12-31": "", "2006-12-31": "", "2005-12-31": ""}, "Net Acquisitions/Divestitures": {"2019-12-31": "729.00000", "2018-12-31": "-980.00000", "2017-12-31": "-353.00000", "2016-12-31": "-34.00000", "2015-12-31": "-347.00000", "2014-12-31": "-39.00000", "2013-12-31": "395.00000", "2012-12-31": "-298.00000", "2011-12-31": "-192.00000", "2010-12-31": "-252.00000", "2009-12-31": "-136.00000", "2008-12-31": "-131.00000", "2007-12-31": "-153.00000", "2006-12-31": "-74.00000", "2005-12-31": "-50.00000"}, "Net Change In Short-term Investments": {"2019-12-31": "", "2018-12-31": "", "2017-12-31": "", "2016-12-31": "", "2015-12-31": "", "2014-12-31": "", "2013-12-31": "", "2012-12-31": "", "2011-12-31": "", "2010-12-31": "", "2009-12-31": "", "2008-12-31": "", "2007-12-31": "", "2006-12-31": "", "2005-12-31": ""}, "Net Change In Long-Term Investments": {"2019-12-31": "36.00000", "2018-12-31": "-90.00000", "2017-12-31": "-109.00000", "2016-12-31": "209.00000", "2015-12-31": "-19.00000", "2014-12-31": "29.00000", "2013-12-31": "26.00000", "2012-12-31": "383.00000", "2011-12-31": "-4.00000", "2010-12-31": "48.00000", "2009-12-31": "88.00000", "2008-12-31": "-165.00000", "2007-12-31": "-16.00000", "2006-12-31": "-62.00000", "2005-12-31": "20.00000"}, "Net Change In Investments - Total": {"2019-12-31": "36.00000", "2018-12-31": "-90.00000", "2017-12-31": "-109.00000", "2016-12-31": "209.00000", "2015-12-31": "-19.00000", "2014-12-31": "29.00000", "2013-12-31": "26.00000", "2012-12-31": "383.00000", "2011-12-31": "-4.00000", "2010-12-31": "48.00000", "2009-12-31": "88.00000", "2008-12-31": "-165.00000", "2007-12-31": "-16.00000", "2006-12-31": "-62.00000", "2005-12-31": "20.00000"}, "Investing Activities - Other": {"2019-12-31": "1262.00000", "2018-12-31": "1973.00000", "2017-12-31": "2943.00000", "2016-12-31": "1116.00000", "2015-12-31": "200.00000", "2014-12-31": "142.00000", "2013-12-31": "134.00000", "2012-12-31": "15.00000", "2011-12-31": "-40.00000", "2010-12-31": "-39.00000", "2009-12-31": "-22.00000", "2008-12-31": "47.00000", "2007-12-31": "-22.00000", "2006-12-31": "-21.00000", "2005-12-31": "13.00000"}, "Cash Flow From Investing Activities": {"2019-12-31": "1503.00000", "2018-12-31": "410.00000", "2017-12-31": "1819.00000", "2016-12-31": "534.00000", "2015-12-31": "-802.00000", "2014-12-31": "-685.00000", "2013-12-31": "-429.00000", "2012-12-31": "-967.00000", "2011-12-31": "-1220.00000", "2010-12-31": "2509.00000", "2009-12-31": "-952.00000", "2008-12-31": "-1106.00000", "2007-12-31": "-794.00000", "2006-12-31": "-611.00000", "2005-12-31": "-480.00000"}, "Net Long-Term Debt": {"2019-12-31": "-454.00000", "2018-12-31": "470.00000", "2017-12-31": "44.00000", "2016-12-31": "316.00000", "2015-12-31": "695.00000", "2014-12-31": "-653.00000", "2013-12-31": "-362.00000", "2012-12-31": "549.00000", "2011-12-31": "195.00000", "2010-12-31": "-692.00000", "2009-12-31": "532.00000", "2008-12-31": "-852.00000", "2007-12-31": "827.00000", "2006-12-31": "288.00000", "2005-12-31": "258.00000"}, "Net Current Debt": {"2019-12-31": "16.00000", "2018-12-31": "486.00000", "2017-12-31": "42.00000", "2016-12-31": "-255.00000", "2015-12-31": "187.00000", "2014-12-31": "62.00000", "2013-12-31": "-956.00000", "2012-12-31": "819.00000", "2011-12-31": "-1019.00000", "2010-12-31": "1172.00000", "2009-12-31": "-366.00000", "2008-12-31": "-6.00000", "2007-12-31": "95.00000", "2006-12-31": "11.00000", "2005-12-31": "-130.00000"}, "Debt Issuance/Retirement Net - Total": {"2019-12-31": "-438.00000", "2018-12-31": "956.00000", "2017-12-31": "86.00000", "2016-12-31": "61.00000", "2015-12-31": "882.00000", "2014-12-31": "-591.00000", "2013-12-31": "-1318.00000", "2012-12-31": "1368.00000", "2011-12-31": "-824.00000", "2010-12-31": "480.00000", "2009-12-31": "166.00000", "2008-12-31": "-858.00000", "2007-12-31": "922.00000", "2006-12-31": "299.00000", "2005-12-31": "128.00000"}, "Net Common Equity Issued/Repurchased": {"2019-12-31": "17.00000", "2018-12-31": "11.00000", "2017-12-31": "59.00000", "2016-12-31": "-200.00000", "2015-12-31": "-275.00000", "2014-12-31": "-226.00000", "2013-12-31": "43.00000", "2012-12-31": "23.00000", "2011-12-31": "-97.00000", "2010-12-31": "-348.00000", "2009-12-31": "763.00000", "2008-12-31": "7.00000", "2007-12-31": "32.00000", "2006-12-31": "16.00000", "2005-12-31": "13.00000"}, "Net Total Equity Issued/Repurchased": {"2019-12-31": "17.00000", "2018-12-31": "11.00000", "2017-12-31": "59.00000", "2016-12-31": "-200.00000", "2015-12-31": "-275.00000", "2014-12-31": "-226.00000", "2013-12-31": "43.00000", "2012-12-31": "23.00000", "2011-12-31": "-97.00000", "2010-12-31": "-348.00000", "2009-12-31": "763.00000", "2008-12-31": "7.00000", "2007-12-31": "877.00000", "2006-12-31": "693.00000", "2005-12-31": "13.00000"}, "Total Common And Preferred Stock Dividends Paid": {"2019-12-31": "-340.00000", "2018-12-31": "-313.00000", "2017-12-31": "-297.00000", "2016-12-31": "-282.00000", "2015-12-31": "-249.00000", "2014-12-31": "-230.00000", "2013-12-31": "-204.00000", "2012-12-31": "-192.00000", "2011-12-31": "-186.00000", "2010-12-31": "-211.00000", "2009-12-31": "-198.00000", "2008-12-31": "-322.00000", "2007-12-31": "-132.00000", "2006-12-31": "-101.00000", "2005-12-31": "-120.00000"}, "Financial Activities - Other": {"2019-12-31": "-10.00000", "2018-12-31": "-23.00000", "2017-12-31": "-28.00000", "2016-12-31": "-67.00000", "2015-12-31": "2.00000", "2014-12-31": "-11.00000", "2013-12-31": "-86.00000", "2012-12-31": "7.00000", "2011-12-31": "47.00000", "2010-12-31": "49.00000", "2009-12-31": "43.00000", "2008-12-31": "27.00000", "2007-12-31": "95.00000", "2006-12-31": "", "2005-12-31": ""}, "Cash Flow From Financial Activities": {"2019-12-31": "-771.00000", "2018-12-31": "631.00000", "2017-12-31": "-180.00000", "2016-12-31": "-488.00000", "2015-12-31": "360.00000", "2014-12-31": "-1058.00000", "2013-12-31": "-1565.00000", "2012-12-31": "1206.00000", "2011-12-31": "-1060.00000", "2010-12-31": "-30.00000", "2009-12-31": "774.00000", "2008-12-31": "-1146.00000", "2007-12-31": "1762.00000", "2006-12-31": "891.00000", "2005-12-31": "21.00000"}, "Net Cash Flow": {"2019-12-31": "-71.00000", "2018-12-31": "-212.00000", "2017-12-31": "-333.00000", "2016-12-31": "525.00000", "2015-12-31": "49.00000", "2014-12-31": "-380.00000", "2013-12-31": "173.00000", "2012-12-31": "-266.00000", "2011-12-31": "257.00000", "2010-12-31": "25.00000", "2009-12-31": "-451.00000", "2008-12-31": "23.00000", "2007-12-31": "616.00000", "2006-12-31": "11.00000", "2005-12-31": "-78.00000"}, "Stock-Based Compensation": {"2019-12-31": "39.00000", "2018-12-31": "46.00000", "2017-12-31": "29.00000", "2016-12-31": "44.00000", "2015-12-31": "46.00000", "2014-12-31": "49.00000", "2013-12-31": "53.00000", "2012-12-31": "44.00000", "2011-12-31": "49.00000", "2010-12-31": "60.00000", "2009-12-31": "17.00000", "2008-12-31": "66.00000", "2007-12-31": "48.00000", "2006-12-31": "19.00000", "2005-12-31": "17.00000"}, "Common Stock Dividends Paid": {"2019-12-31": "-306.00000", "2018-12-31": "-279.00000", "2017-12-31": "-263.00000", "2016-12-31": "-248.00000", "2015-12-31": "-215.00000", "2014-12-31": "-196.00000", "2013-12-31": "-170.00000", "2012-12-31": "-158.00000", "2011-12-31": "-152.00000", "2010-12-31": "-133.00000", "2009-12-31": "-120.00000", "2008-12-31": "-241.00000", "2007-12-31": "-98.00000", "2006-12-31": "-101.00000", "2005-12-31": "-120.00000"}}, "cash flow statement, quarterly": {"Net Income/Loss": {"2020-09-30": 267, "2020-06-30": 522, "2020-03-31": "-193.00000", "2019-12-31": -71, "2019-09-30": -1482, "2019-06-30": 212, "2019-03-31": "50.00000", "2018-12-31": -58, "2018-09-30": 374, "2018-06-30": -10, "2018-03-31": "-19.00000", "2017-12-31": -53, "2017-09-30": 92, "2017-06-30": 87, "2017-03-31": "48.00000", "2016-12-31": 285, "2016-09-30": 130, "2016-06-30": 120, "2016-03-31": "232.00000", "2015-12-31": 203, "2015-09-30": 234, "2015-06-30": 93, "2015-03-31": "260.00000", "2014-12-31": -45, "2014-09-30": 304, "2014-06-30": 277, "2014-03-31": "-19.00000", "2013-12-31": 130, "2013-09-30": -193, "2013-06-30": 122, "2013-03-31": "148.00000", "2012-12-31": -620, "2012-09-30": 301, "2012-06-30": 266, "2012-03-31": "89.00000", "2011-12-31": 260, "2011-09-30": 133, "2011-06-30": 312, "2011-03-31": "235.00000", "2010-12-31": 315, "2010-09-30": 206, "2010-06-30": 1787, "2010-03-31": "80.00000", "2009-12-31": -8, "2009-09-30": 197, "2009-06-30": 322, "2009-03-31": "-176.00000", "2008-12-31": -180, "2008-09-30": 324, "2008-06-30": 860, "2008-03-31": "322.00000", "2007-12-31": 391, "2007-09-30": 351, "2007-06-30": 168, "2007-03-31": "14.00000", "2006-12-31": 264, "2006-09-30": 169, "2006-06-30": 30, "2006-03-31": "58.00000", "2005-12-31": 149, "2005-09-30": 170, "2005-06-30": 113, "2005-03-31": "98.00000"}, "Total Depreciation And Amortization - Cash Flow": {"2020-09-30": 106, "2020-06-30": 104, "2020-03-31": "113.00000", "2019-12-31": 120, "2019-09-30": 134, "2019-06-30": 155, "2019-03-31": "139.00000", "2018-12-31": 159, "2018-09-30": 159, "2018-06-30": 162, "2018-03-31": "142.00000", "2017-12-31": 161, "2017-09-30": 166, "2017-06-30": 152, "2017-03-31": "130.00000", "2016-12-31": 145, "2016-09-30": 148, "2016-06-30": 141, "2016-03-31": "113.00000", "2015-12-31": 142, "2015-09-30": 136, "2015-06-30": 147, "2015-03-31": "120.00000", "2014-12-31": 159, "2014-09-30": 162, "2014-06-30": 162, "2014-03-31": "124.00000", "2013-12-31": 145, "2013-09-30": 153, "2013-06-30": 149, "2013-03-31": "121.00000", "2012-12-31": 156, "2012-09-30": 150, "2012-06-30": 144, "2012-03-31": "120.00000", "2011-12-31": 128, "2011-09-30": 151, "2011-06-30": 143, "2011-03-31": "104.00000", "2010-12-31": 117, "2010-09-30": 111, "2010-06-30": 113, "2010-03-31": "102.00000", "2009-12-31": 124, "2009-09-30": 119, "2009-06-30": 105, "2009-03-31": "95.00000", "2008-12-31": 95, "2008-09-30": 117, "2008-06-30": 119, "2008-03-31": "108.00000", "2007-12-31": 114, "2007-09-30": 95, "2007-06-30": 90, "2007-03-31": "86.00000", "2006-12-31": 85, "2006-09-30": 82, "2006-06-30": 79, "2006-03-31": "78.00000", "2005-12-31": 77, "2005-09-30": 70, "2005-06-30": 68, "2005-03-31": "63.00000"}, "Other Non-Cash Items": {"2020-09-30": -448, "2020-06-30": -109, "2020-03-31": "-511.00000", "2019-12-31": -382, "2019-09-30": 1481, "2019-06-30": -272, "2019-03-31": "-178.00000", "2018-12-31": -411, "2018-09-30": -279, "2018-06-30": -276, "2018-03-31": "-624.00000", "2017-12-31": -1206, "2017-09-30": -840, "2017-06-30": -307, "2017-03-31": "-526.00000", "2016-12-31": -1508, "2016-09-30": 25, "2016-06-30": 114, "2016-03-31": "146.00000", "2015-12-31": 113, "2015-09-30": -162, "2015-06-30": 124, "2015-03-31": "-207.00000", "2014-12-31": -70, "2014-09-30": -150, "2014-06-30": 2, "2014-03-31": "46.00000", "2013-12-31": -125, "2013-09-30": 379, "2013-06-30": 348, "2013-03-31": "-224.00000", "2012-12-31": 625, "2012-09-30": 98, "2012-06-30": -197, "2012-03-31": "-21.00000", "2011-12-31": 265, "2011-09-30": -115, "2011-06-30": -180, "2011-03-31": "-43.00000", "2010-12-31": 12, "2010-09-30": -106, "2010-06-30": -2043, "2010-03-31": "83.00000", "2009-12-31": -80, "2009-09-30": -276, "2009-06-30": -434, "2009-03-31": "-1.00000", "2008-12-31": 155, "2008-09-30": 362, "2008-06-30": -55, "2008-03-31": "-136.00000", "2007-12-31": -184, "2007-09-30": 35, "2007-06-30": -32, "2007-03-31": "-57.00000", "2006-12-31": -206, "2006-09-30": 90, "2006-06-30": -136, "2006-03-31": "-33.00000", "2005-12-31": -30, "2005-09-30": -106, "2005-06-30": -137, "2005-03-31": "42.00000"}, "Total Non-Cash Items": {"2020-09-30": -342, "2020-06-30": -5, "2020-03-31": "-398.00000", "2019-12-31": -262, "2019-09-30": 1615, "2019-06-30": -117, "2019-03-31": "-39.00000", "2018-12-31": -252, "2018-09-30": -120, "2018-06-30": -114, "2018-03-31": "-482.00000", "2017-12-31": -1045, "2017-09-30": -674, "2017-06-30": -155, "2017-03-31": "-396.00000", "2016-12-31": -1363, "2016-09-30": 173, "2016-06-30": 255, "2016-03-31": "259.00000", "2015-12-31": 255, "2015-09-30": -26, "2015-06-30": 271, "2015-03-31": "-87.00000", "2014-12-31": 89, "2014-09-30": 12, "2014-06-30": 164, "2014-03-31": "170.00000", "2013-12-31": 20, "2013-09-30": 532, "2013-06-30": 497, "2013-03-31": "-103.00000", "2012-12-31": 781, "2012-09-30": 248, "2012-06-30": -53, "2012-03-31": "99.00000", "2011-12-31": 393, "2011-09-30": 36, "2011-06-30": -37, "2011-03-31": "61.00000", "2010-12-31": 129, "2010-09-30": 5, "2010-06-30": -1930, "2010-03-31": "185.00000", "2009-12-31": 44, "2009-09-30": -157, "2009-06-30": -329, "2009-03-31": "94.00000", "2008-12-31": 250, "2008-09-30": 479, "2008-06-30": 64, "2008-03-31": "-28.00000", "2007-12-31": -70, "2007-09-30": 130, "2007-06-30": 58, "2007-03-31": "29.00000", "2006-12-31": -121, "2006-09-30": 172, "2006-06-30": -57, "2006-03-31": "45.00000", "2005-12-31": 47, "2005-09-30": -36, "2005-06-30": -69, "2005-03-31": "105.00000"}, "Change In Accounts Receivable": {"2020-09-30": -138, "2020-06-30": -5, "2020-03-31": "-94.00000", "2019-12-31": 57, "2019-09-30": -208, "2019-06-30": 22, "2019-03-31": "-128.00000", "2018-12-31": 49, "2018-09-30": 86, "2018-06-30": -292, "2018-03-31": "47.00000", "2017-12-31": 295, "2017-09-30": -107, "2017-06-30": -120, "2017-03-31": "27.00000", "2016-12-31": -159, "2016-09-30": -11, "2016-06-30": 340, "2016-03-31": "-301.00000", "2015-12-31": 233, "2015-09-30": -138, "2015-06-30": -413, "2015-03-31": "221.00000", "2014-12-31": 532, "2014-09-30": 411, "2014-06-30": -347, "2014-03-31": "-488.00000", "2013-12-31": 113, "2013-09-30": 667, "2013-06-30": -49, "2013-03-31": "-583.00000", "2012-12-31": 860, "2012-09-30": -799, "2012-06-30": 5, "2012-03-31": "-439.00000", "2011-12-31": -20, "2011-09-30": 351, "2011-06-30": 148, "2011-03-31": "-212.00000", "2010-12-31": -492, "2010-09-30": -423, "2010-06-30": -265, "2010-03-31": "-380.00000", "2009-12-31": 90, "2009-09-30": -209, "2009-06-30": -13, "2009-03-31": "374.00000", "2008-12-31": 917, "2008-09-30": -597, "2008-06-30": -207, "2008-03-31": "-451.00000", "2007-12-31": 238, "2007-09-30": -110, "2007-06-30": -207, "2007-03-31": "-240.00000", "2006-12-31": 167, "2006-09-30": -308, "2006-06-30": -72, "2006-03-31": "144.00000", "2005-12-31": 369, "2005-09-30": -231, "2005-06-30": 40, "2005-03-31": "92.00000"}, "Change In Inventories": {"2020-09-30": -371, "2020-06-30": -557, "2020-03-31": "-751.00000", "2019-12-31": 559, "2019-09-30": -60, "2019-06-30": 99, "2019-03-31": "-94.00000", "2018-12-31": 1358, "2018-09-30": -263, "2018-06-30": -736, "2018-03-31": "-1466.00000", "2017-12-31": 707, "2017-09-30": -305, "2017-06-30": -280, "2017-03-31": "-252.00000", "2016-12-31": 218, "2016-09-30": 763, "2016-06-30": -1028, "2016-03-31": "-222.00000", "2015-12-31": 428, "2015-09-30": 11, "2015-06-30": -596, "2015-03-31": "471.00000", "2014-12-31": -751, "2014-09-30": 888, "2014-06-30": 360, "2014-03-31": "-658.00000", "2013-12-31": 56, "2013-09-30": 498, "2013-06-30": -731, "2013-03-31": "415.00000", "2012-12-31": 1098, "2012-09-30": -152, "2012-06-30": -1964, "2012-03-31": "-549.00000", "2011-12-31": 467, "2011-09-30": 149, "2011-06-30": -126, "2011-03-31": "40.00000", "2010-12-31": -1022, "2010-09-30": -792, "2010-06-30": -712, "2010-03-31": "632.00000", "2009-12-31": 17, "2009-09-30": 2147, "2009-06-30": -1131, "2009-03-31": "603.00000", "2008-12-31": 548, "2008-09-30": 909, "2008-06-30": -1882, "2008-03-31": "-480.00000", "2007-12-31": -172, "2007-09-30": -639, "2007-06-30": -781, "2007-03-31": "-151.00000", "2006-12-31": -178, "2006-09-30": -139, "2006-06-30": -547, "2006-03-31": "135.00000", "2005-12-31": 205, "2005-09-30": 624, "2005-06-30": -573, "2005-03-31": "-267.00000"}, "Change In Accounts Payable": {"2020-09-30": 185, "2020-06-30": -647, "2020-03-31": "722.00000", "2019-12-31": -200, "2019-09-30": 205, "2019-06-30": -751, "2019-03-31": "248.00000", "2018-12-31": 153, "2018-09-30": 230, "2018-06-30": -316, "2018-03-31": "268.00000", "2017-12-31": -240, "2017-09-30": 167, "2017-06-30": -323, "2017-03-31": "421.00000", "2016-12-31": 475, "2016-09-30": 505, "2016-06-30": -714, "2016-03-31": "442.00000", "2015-12-31": -810, "2015-09-30": 507, "2015-06-30": 177, "2015-03-31": "38.00000", "2014-12-31": -539, "2014-09-30": 658, "2014-06-30": -550, "2014-03-31": "331.00000", "2013-12-31": 150, "2013-09-30": -174, "2013-06-30": 158, "2013-03-31": "302.00000", "2012-12-31": -393, "2012-09-30": 761, "2012-06-30": -467, "2012-03-31": "653.00000", "2011-12-31": 60, "2011-09-30": 76, "2011-06-30": -773, "2011-03-31": "342.00000", "2010-12-31": 344, "2010-09-30": 439, "2010-06-30": 88, "2010-03-31": "434.00000", "2009-12-31": 117, "2009-09-30": -433, "2009-06-30": 44, "2009-03-31": "-1155.00000", "2008-12-31": -836, "2008-09-30": 1073, "2008-06-30": 568, "2008-03-31": "356.00000", "2007-12-31": 323, "2007-09-30": 487, "2007-06-30": 205, "2007-03-31": "216.00000", "2006-12-31": 252, "2006-09-30": 66, "2006-06-30": 260, "2006-03-31": "-213.00000", "2005-12-31": -269, "2005-09-30": -86, "2005-06-30": 58, "2005-03-31": "-40.00000"}, "Change In Assets/Liabilities": {"2020-09-30": -227, "2020-06-30": -371, "2020-03-31": "275.00000", "2019-12-31": 270, "2019-09-30": -300, "2019-06-30": -146, "2019-03-31": "-439.00000", "2018-12-31": 686, "2018-09-30": -43, "2018-06-30": -308, "2018-03-31": "-121.00000", "2017-12-31": 448, "2017-09-30": 102, "2017-06-30": 85, "2017-03-31": "-451.00000", "2016-12-31": 681, "2016-09-30": -241, "2016-06-30": 266, "2016-03-31": "-333.00000", "2015-12-31": -141, "2015-09-30": 197, "2015-06-30": -140, "2015-03-31": "-595.00000", "2014-12-31": 689, "2014-09-30": -366, "2014-06-30": 362, "2014-03-31": "-393.00000", "2013-12-31": 736, "2013-09-30": 81, "2013-06-30": -613, "2013-03-31": "-76.00000", "2012-12-31": 519, "2012-09-30": -532, "2012-06-30": -184, "2012-03-31": "-155.00000", "2011-12-31": 426, "2011-09-30": 354, "2011-06-30": 6, "2011-03-31": "268.00000", "2010-12-31": -78, "2010-09-30": -897, "2010-06-30": 83, "2010-03-31": "-340.00000", "2009-12-31": 515, "2009-09-30": -415, "2009-06-30": -373, "2009-03-31": "18.00000", "2008-12-31": 518, "2008-09-30": -103, "2008-06-30": 404, "2008-03-31": "-55.00000", "2007-12-31": -675, "2007-09-30": -233, "2007-06-30": -57, "2007-03-31": "-8.00000", "2006-12-31": -163, "2006-09-30": -181, "2006-06-30": 40, "2006-03-31": "-181.00000", "2005-12-31": -62, "2005-09-30": -213, "2005-06-30": 301, "2005-03-31": "-116.00000"}, "Total Change In Assets/Liabilities": {"2020-09-30": -551, "2020-06-30": -1580, "2020-03-31": "152.00000", "2019-12-31": 838, "2019-09-30": -363, "2019-06-30": -776, "2019-03-31": "-413.00000", "2018-12-31": 2331, "2018-09-30": 10, "2018-06-30": -1652, "2018-03-31": "-1272.00000", "2017-12-31": 1157, "2017-09-30": -143, "2017-06-30": -638, "2017-03-31": "-255.00000", "2016-12-31": 889, "2016-09-30": 1016, "2016-06-30": -1136, "2016-03-31": "-414.00000", "2015-12-31": -375, "2015-09-30": 619, "2015-06-30": -972, "2015-03-31": "135.00000", "2014-12-31": 239, "2014-09-30": 1591, "2014-06-30": -175, "2014-03-31": "-1208.00000", "2013-12-31": 1177, "2013-09-30": 1072, "2013-06-30": -1235, "2013-03-31": "58.00000", "2012-12-31": 2254, "2012-09-30": -722, "2012-06-30": -2610, "2012-03-31": "-490.00000", "2011-12-31": 598, "2011-09-30": 930, "2011-06-30": -745, "2011-03-31": "438.00000", "2010-12-31": -1259, "2010-09-30": -1672, "2010-06-30": -776, "2010-03-31": "495.00000", "2009-12-31": 143, "2009-09-30": 1167, "2009-06-30": -1384, "2009-03-31": "-281.00000", "2008-12-31": 746, "2008-09-30": 1407, "2008-06-30": -1054, "2008-03-31": "-647.00000", "2007-12-31": -90, "2007-09-30": -347, "2007-06-30": -820, "2007-03-31": "-225.00000", "2006-12-31": 116, "2006-09-30": -489, "2006-06-30": -319, "2006-03-31": "-157.00000", "2005-12-31": 236, "2005-09-30": 165, "2005-06-30": -167, "2005-03-31": "-429.00000"}, "Cash Flow From Operating Activities": {"2020-09-30": -626, "2020-06-30": -1063, "2020-03-31": "-439.00000", "2019-12-31": 505, "2019-09-30": -230, "2019-06-30": -681, "2019-03-31": "-402.00000", "2018-12-31": 2021, "2018-09-30": 264, "2018-06-30": -1776, "2018-03-31": "-1773.00000", "2017-12-31": 59, "2017-09-30": -725, "2017-06-30": -706, "2017-03-31": "-603.00000", "2016-12-31": -189, "2016-09-30": 1319, "2016-06-30": -761, "2016-03-31": "77.00000", "2015-12-31": 83, "2015-09-30": 827, "2015-06-30": -608, "2015-03-31": "308.00000", "2014-12-31": 283, "2014-09-30": 1907, "2014-06-30": 266, "2014-03-31": "-1057.00000", "2013-12-31": 1327, "2013-09-30": 1411, "2013-06-30": -616, "2013-03-31": "103.00000", "2012-12-31": 2415, "2012-09-30": -173, "2012-06-30": -2397, "2012-03-31": "-302.00000", "2011-12-31": 1251, "2011-09-30": 1099, "2011-06-30": -470, "2011-03-31": "734.00000", "2010-12-31": -815, "2010-09-30": -1461, "2010-06-30": -919, "2010-03-31": "760.00000", "2009-12-31": 179, "2009-09-30": 1207, "2009-06-30": -1391, "2009-03-31": "-363.00000", "2008-12-31": 816, "2008-09-30": 2210, "2008-06-30": -130, "2008-03-31": "-353.00000", "2007-12-31": 231, "2007-09-30": 134, "2007-06-30": -594, "2007-03-31": "-182.00000", "2006-12-31": 259, "2006-09-30": -148, "2006-06-30": -346, "2006-03-31": "-54.00000", "2005-12-31": 432, "2005-09-30": 299, "2005-06-30": -123, "2005-03-31": "-226.00000"}, "Net Change In Property, Plant, And Equipment": {"2020-09-30": -103, "2020-06-30": -72, "2020-03-31": "-55.00000", "2019-12-31": -146, "2019-09-30": -113, "2019-06-30": -146, "2019-03-31": "-119.00000", "2018-12-31": -175, "2018-09-30": -98, "2018-06-30": -115, "2018-03-31": "-105.00000", "2017-12-31": -177, "2017-09-30": -143, "2017-06-30": -160, "2017-03-31": "-182.00000", "2016-12-31": -269, "2016-09-30": -213, "2016-06-30": -165, "2016-03-31": "-110.00000", "2015-12-31": -361, "2015-09-30": -53, "2015-06-30": -105, "2015-03-31": "-117.00000", "2014-12-31": -302, "2014-09-30": -164, "2014-06-30": -186, "2014-03-31": "-165.00000", "2013-12-31": -264, "2013-09-30": -250, "2013-06-30": -246, "2013-03-31": "-224.00000", "2012-12-31": -400, "2012-09-30": -194, "2012-06-30": -249, "2012-03-31": "-224.00000", "2011-12-31": -279, "2011-09-30": -251, "2011-06-30": -247, "2011-03-31": "-207.00000", "2010-12-31": -413, "2010-09-30": -177, "2010-06-30": 3627, "2010-03-31": "-285.00000", "2009-12-31": -325, "2009-09-30": -216, "2009-06-30": -230, "2009-03-31": "-111.00000", "2008-12-31": -299, "2008-09-30": -214, "2008-06-30": -209, "2008-03-31": "-135.00000", "2007-12-31": -239, "2007-09-30": -168, "2007-06-30": -124, "2007-03-31": "-72.00000", "2006-12-31": -147, "2006-09-30": -130, "2006-06-30": -107, "2006-03-31": "-70.00000", "2005-12-31": -131, "2005-09-30": -125, "2005-06-30": -113, "2005-03-31": "-94.00000"}, "Net Change In Intangible Assets": {"2020-09-30": 0, "2020-06-30": 0, "2020-03-31": "", "2019-12-31": 0, "2019-09-30": 0, "2019-06-30": 0, "2019-03-31": "", "2018-12-31": 0, "2018-09-30": 0, "2018-06-30": 0, "2018-03-31": "", "2017-12-31": 0, "2017-09-30": 0, "2017-06-30": 0, "2017-03-31": "", "2016-12-31": 0, "2016-09-30": 0, "2016-06-30": 0, "2016-03-31": "", "2015-12-31": 0, "2015-09-30": 0, "2015-06-30": 0, "2015-03-31": "", "2014-12-31": 0, "2014-09-30": 0, "2014-06-30": 0, "2014-03-31": "", "2013-12-31": 0, "2013-09-30": 0, "2013-06-30": 0, "2013-03-31": "", "2012-12-31": 0, "2012-09-30": 0, "2012-06-30": 0, "2012-03-31": "", "2011-12-31": 0, "2011-09-30": 0, "2011-06-30": 0, "2011-03-31": "", "2010-12-31": 0, "2010-09-30": 0, "2010-06-30": 0, "2010-03-31": "", "2009-12-31": 0, "2009-09-30": 0, "2009-06-30": 0, "2009-03-31": "", "2008-12-31": 0, "2008-09-30": 0, "2008-06-30": 0, "2008-03-31": "", "2007-12-31": 0, "2007-09-30": 0, "2007-06-30": 0, "2007-03-31": "", "2006-12-31": 0, "2006-09-30": 0, "2006-06-30": 0, "2006-03-31": "", "2005-12-31": 0, "2005-09-30": 0, "2005-06-30": 0, "2005-03-31": ""}, "Net Acquisitions/Divestitures": {"2020-09-30": 0, "2020-06-30": 0, "2020-03-31": "", "2019-12-31": 729, "2019-09-30": 0, "2019-06-30": 0, "2019-03-31": "", "2018-12-31": -12, "2018-09-30": 0, "2018-06-30": 0, "2018-03-31": "-968.00000", "2017-12-31": 16, "2017-09-30": 25, "2017-06-30": -27, "2017-03-31": "-367.00000", "2016-12-31": -34, "2016-09-30": 0, "2016-06-30": 0, "2016-03-31": "", "2015-12-31": -293, "2015-09-30": -2, "2015-06-30": -4, "2015-03-31": "-48.00000", "2014-12-31": -25, "2014-09-30": -2, "2014-06-30": 0, "2014-03-31": "-12.00000", "2013-12-31": -344, "2013-09-30": 750, "2013-06-30": 0, "2013-03-31": "-11.00000", "2012-12-31": -11, "2012-09-30": -10, "2012-06-30": -179, "2012-03-31": "-98.00000", "2011-12-31": -88, "2011-09-30": -21, "2011-06-30": -21, "2011-03-31": "-62.00000", "2010-12-31": -114, "2010-09-30": -5, "2010-06-30": 0, "2010-03-31": "-133.00000", "2009-12-31": -114, "2009-09-30": -3, "2009-06-30": -15, "2009-03-31": "-4.00000", "2008-12-31": -70, "2008-09-30": -42, "2008-06-30": 0, "2008-03-31": "-19.00000", "2007-12-31": -122, "2007-09-30": -29, "2007-06-30": 0, "2007-03-31": "-2.00000", "2006-12-31": -45, "2006-09-30": -23, "2006-06-30": -6, "2006-03-31": "", "2005-12-31": -21, "2005-09-30": -5, "2005-06-30": 0, "2005-03-31": "-24.00000"}, "Net Change In Short-term Investments": {"2020-09-30": 0, "2020-06-30": 0, "2020-03-31": "", "2019-12-31": 0, "2019-09-30": 0, "2019-06-30": 0, "2019-03-31": "", "2018-12-31": 0, "2018-09-30": 0, "2018-06-30": 0, "2018-03-31": "", "2017-12-31": 0, "2017-09-30": 0, "2017-06-30": 0, "2017-03-31": "", "2016-12-31": 0, "2016-09-30": 0, "2016-06-30": 0, "2016-03-31": "", "2015-12-31": 0, "2015-09-30": 0, "2015-06-30": 0, "2015-03-31": "", "2014-12-31": 0, "2014-09-30": 0, "2014-06-30": 0, "2014-03-31": "", "2013-12-31": 0, "2013-09-30": 0, "2013-06-30": 0, "2013-03-31": "", "2012-12-31": 0, "2012-09-30": 0, "2012-06-30": 0, "2012-03-31": "", "2011-12-31": 0, "2011-09-30": 0, "2011-06-30": 0, "2011-03-31": "", "2010-12-31": 0, "2010-09-30": 0, "2010-06-30": 0, "2010-03-31": "", "2009-12-31": 0, "2009-09-30": 0, "2009-06-30": 0, "2009-03-31": "", "2008-12-31": 0, "2008-09-30": 0, "2008-06-30": 0, "2008-03-31": "", "2007-12-31": 0, "2007-09-30": 0, "2007-06-30": 0, "2007-03-31": "", "2006-12-31": 0, "2006-09-30": 0, "2006-06-30": 0, "2006-03-31": "", "2005-12-31": 0, "2005-09-30": 0, "2005-06-30": 0, "2005-03-31": ""}, "Net Change In Long-Term Investments": {"2020-09-30": -47, "2020-06-30": 35, "2020-03-31": "-25.00000", "2019-12-31": 14, "2019-09-30": 92, "2019-06-30": 90, "2019-03-31": "-160.00000", "2018-12-31": -4, "2018-09-30": 51, "2018-06-30": 163, "2018-03-31": "-300.00000", "2017-12-31": 256, "2017-09-30": -256, "2017-06-30": -58, "2017-03-31": "-51.00000", "2016-12-31": 164, "2016-09-30": 52, "2016-06-30": 97, "2016-03-31": "-104.00000", "2015-12-31": 73, "2015-09-30": -140, "2015-06-30": 69, "2015-03-31": "-21.00000", "2014-12-31": -52, "2014-09-30": -4, "2014-06-30": 107, "2014-03-31": "-22.00000", "2013-12-31": 23, "2013-09-30": 18, "2013-06-30": -8, "2013-03-31": "-7.00000", "2012-12-31": -2, "2012-09-30": -30, "2012-06-30": 455, "2012-03-31": "-40.00000", "2011-12-31": -46, "2011-09-30": -18, "2011-06-30": 64, "2011-03-31": "-4.00000", "2010-12-31": 0, "2010-09-30": 22, "2010-06-30": -26, "2010-03-31": "52.00000", "2009-12-31": 2, "2009-09-30": 26, "2009-06-30": 30, "2009-03-31": "30.00000", "2008-12-31": -99, "2008-09-30": 11, "2008-06-30": -16, "2008-03-31": "-61.00000", "2007-12-31": 20, "2007-09-30": -10, "2007-06-30": -23, "2007-03-31": "-3.00000", "2006-12-31": -18, "2006-09-30": -16, "2006-06-30": -1, "2006-03-31": "-27.00000", "2005-12-31": 15, "2005-09-30": -2, "2005-06-30": -1, "2005-03-31": "8.00000"}, "Net Change In Investments - Total": {"2020-09-30": -47, "2020-06-30": 35, "2020-03-31": "-25.00000", "2019-12-31": 14, "2019-09-30": 92, "2019-06-30": 90, "2019-03-31": "-160.00000", "2018-12-31": -4, "2018-09-30": 51, "2018-06-30": 163, "2018-03-31": "-300.00000", "2017-12-31": 256, "2017-09-30": -256, "2017-06-30": -58, "2017-03-31": "-51.00000", "2016-12-31": 164, "2016-09-30": 52, "2016-06-30": 97, "2016-03-31": "-104.00000", "2015-12-31": 73, "2015-09-30": -140, "2015-06-30": 69, "2015-03-31": "-21.00000", "2014-12-31": -52, "2014-09-30": -4, "2014-06-30": 107, "2014-03-31": "-22.00000", "2013-12-31": 23, "2013-09-30": 18, "2013-06-30": -8, "2013-03-31": "-7.00000", "2012-12-31": -2, "2012-09-30": -30, "2012-06-30": 455, "2012-03-31": "-40.00000", "2011-12-31": -46, "2011-09-30": -18, "2011-06-30": 64, "2011-03-31": "-4.00000", "2010-12-31": 0, "2010-09-30": 22, "2010-06-30": -26, "2010-03-31": "52.00000", "2009-12-31": 2, "2009-09-30": 26, "2009-06-30": 30, "2009-03-31": "30.00000", "2008-12-31": -99, "2008-09-30": 11, "2008-06-30": -16, "2008-03-31": "-61.00000", "2007-12-31": 20, "2007-09-30": -10, "2007-06-30": -23, "2007-03-31": "-3.00000", "2006-12-31": -18, "2006-09-30": -16, "2006-06-30": -1, "2006-03-31": "-27.00000", "2005-12-31": 15, "2005-09-30": -2, "2005-06-30": -1, "2005-03-31": "8.00000"}, "Investing Activities - Other": {"2020-09-30": 402, "2020-06-30": 371, "2020-03-31": "474.00000", "2019-12-31": 482, "2019-09-30": 260, "2019-06-30": 282, "2019-03-31": "238.00000", "2018-12-31": 377, "2018-09-30": 488, "2018-06-30": 442, "2018-03-31": "666.00000", "2017-12-31": 1227, "2017-09-30": 876, "2017-06-30": 291, "2017-03-31": "549.00000", "2016-12-31": 1340, "2016-09-30": -89, "2016-06-30": -137, "2016-03-31": "2.00000", "2015-12-31": 90, "2015-09-30": 110, "2015-06-30": 2, "2015-03-31": "-2.00000", "2014-12-31": 147, "2014-09-30": -29, "2014-06-30": 33, "2014-03-31": "-9.00000", "2013-12-31": 14, "2013-09-30": 152, "2013-06-30": 8, "2013-03-31": "-40.00000", "2012-12-31": -28, "2012-09-30": -9, "2012-06-30": 11, "2012-03-31": "41.00000", "2011-12-31": -91, "2011-09-30": 14, "2011-06-30": 46, "2011-03-31": "-9.00000", "2010-12-31": 84, "2010-09-30": -10, "2010-06-30": -98, "2010-03-31": "-15.00000", "2009-12-31": -3, "2009-09-30": 28, "2009-06-30": 33, "2009-03-31": "-80.00000", "2008-12-31": 17, "2008-09-30": 78, "2008-06-30": -32, "2008-03-31": "-16.00000", "2007-12-31": -23, "2007-09-30": -2, "2007-06-30": 10, "2007-03-31": "-7.00000", "2006-12-31": -40, "2006-09-30": 13, "2006-06-30": 5, "2006-03-31": "1.00000", "2005-12-31": 0, "2005-09-30": -1, "2005-06-30": 20, "2005-03-31": "-6.00000"}, "Cash Flow From Investing Activities": {"2020-09-30": 252, "2020-06-30": 334, "2020-03-31": "394.00000", "2019-12-31": 1079, "2019-09-30": 239, "2019-06-30": 226, "2019-03-31": "-41.00000", "2018-12-31": 186, "2018-09-30": 441, "2018-06-30": 490, "2018-03-31": "-707.00000", "2017-12-31": 1322, "2017-09-30": 502, "2017-06-30": 46, "2017-03-31": "-51.00000", "2016-12-31": 1201, "2016-09-30": -250, "2016-06-30": -205, "2016-03-31": "-212.00000", "2015-12-31": -491, "2015-09-30": -85, "2015-06-30": -38, "2015-03-31": "-188.00000", "2014-12-31": -232, "2014-09-30": -199, "2014-06-30": -46, "2014-03-31": "-208.00000", "2013-12-31": -571, "2013-09-30": 670, "2013-06-30": -246, "2013-03-31": "-282.00000", "2012-12-31": -441, "2012-09-30": -243, "2012-06-30": 38, "2012-03-31": "-321.00000", "2011-12-31": -504, "2011-09-30": -276, "2011-06-30": -158, "2011-03-31": "-282.00000", "2010-12-31": -443, "2010-09-30": -170, "2010-06-30": 3503, "2010-03-31": "-381.00000", "2009-12-31": -440, "2009-09-30": -165, "2009-06-30": -182, "2009-03-31": "-165.00000", "2008-12-31": -451, "2008-09-30": -167, "2008-06-30": -257, "2008-03-31": "-231.00000", "2007-12-31": -364, "2007-09-30": -209, "2007-06-30": -137, "2007-03-31": "-84.00000", "2006-12-31": -250, "2006-09-30": -156, "2006-06-30": -109, "2006-03-31": "-96.00000", "2005-12-31": -137, "2005-09-30": -133, "2005-06-30": -94, "2005-03-31": "-116.00000"}, "Net Long-Term Debt": {"2020-09-30": 601, "2020-06-30": 198, "2020-03-31": "-3.00000", "2019-12-31": -427, "2019-09-30": 207, "2019-06-30": 164, "2019-03-31": "-398.00000", "2018-12-31": -672, "2018-09-30": -354, "2018-06-30": 232, "2018-03-31": "1264.00000", "2017-12-31": -358, "2017-09-30": 383, "2017-06-30": -155, "2017-03-31": "174.00000", "2016-12-31": -187, "2016-09-30": -44, "2016-06-30": 263, "2016-03-31": "284.00000", "2015-12-31": 706, "2015-09-30": -318, "2015-06-30": 165, "2015-03-31": "142.00000", "2014-12-31": 46, "2014-09-30": -1107, "2014-06-30": -274, "2014-03-31": "682.00000", "2013-12-31": -213, "2013-09-30": -427, "2013-06-30": -202, "2013-03-31": "480.00000", "2012-12-31": -195, "2012-09-30": -379, "2012-06-30": 92, "2012-03-31": "1031.00000", "2011-12-31": -219, "2011-09-30": -523, "2011-06-30": 427, "2011-03-31": "510.00000", "2010-12-31": 296, "2010-09-30": -814, "2010-06-30": -196, "2010-03-31": "22.00000", "2009-12-31": 6, "2009-09-30": -577, "2009-06-30": 1138, "2009-03-31": "-35.00000", "2008-12-31": -404, "2008-09-30": -769, "2008-06-30": 466, "2008-03-31": "-145.00000", "2007-12-31": 292, "2007-09-30": -230, "2007-06-30": 295, "2007-03-31": "470.00000", "2006-12-31": -260, "2006-09-30": 268, "2006-06-30": 330, "2006-03-31": "-50.00000", "2005-12-31": -92, "2005-09-30": -229, "2005-06-30": 424, "2005-03-31": "155.00000"}, "Net Current Debt": {"2020-09-30": -126, "2020-06-30": 804, "2020-03-31": "5.00000", "2019-12-31": -1053, "2019-09-30": -173, "2019-06-30": 254, "2019-03-31": "988.00000", "2018-12-31": -1313, "2018-09-30": -272, "2018-06-30": 1087, "2018-03-31": "984.00000", "2017-12-31": -708, "2017-09-30": -251, "2017-06-30": 773, "2017-03-31": "228.00000", "2016-12-31": -108, "2016-09-30": -1154, "2016-06-30": 822, "2016-03-31": "185.00000", "2015-12-31": -103, "2015-09-30": -362, "2015-06-30": 580, "2015-03-31": "72.00000", "2014-12-31": -52, "2014-09-30": -613, "2014-06-30": 98, "2014-03-31": "629.00000", "2013-12-31": -1187, "2013-09-30": -844, "2013-06-30": 1102, "2013-03-31": "-27.00000", "2012-12-31": -1862, "2012-09-30": 1061, "2012-06-30": 1582, "2012-03-31": "38.00000", "2011-12-31": -702, "2011-09-30": 521, "2011-06-30": -112, "2011-03-31": "-726.00000", "2010-12-31": 1229, "2010-09-30": 309, "2010-06-30": -58, "2010-03-31": "-308.00000", "2009-12-31": -263, "2009-09-30": -626, "2009-06-30": 382, "2009-03-31": "141.00000", "2008-12-31": -224, "2008-09-30": -589, "2008-06-30": 253, "2008-03-31": "554.00000", "2007-12-31": -923, "2007-09-30": 661, "2007-06-30": 429, "2007-03-31": "-72.00000", "2006-12-31": -328, "2006-09-30": 61, "2006-06-30": 133, "2006-03-31": "145.00000", "2005-12-31": -141, "2005-09-30": -4, "2005-06-30": -105, "2005-03-31": "120.00000"}, "Debt Issuance/Retirement Net - Total": {"2020-09-30": 475, "2020-06-30": 1002, "2020-03-31": "2.00000", "2019-12-31": -1480, "2019-09-30": 34, "2019-06-30": 418, "2019-03-31": "590.00000", "2018-12-31": -1985, "2018-09-30": -626, "2018-06-30": 1319, "2018-03-31": "2248.00000", "2017-12-31": -1066, "2017-09-30": 132, "2017-06-30": 618, "2017-03-31": "402.00000", "2016-12-31": -295, "2016-09-30": -1198, "2016-06-30": 1085, "2016-03-31": "469.00000", "2015-12-31": 603, "2015-09-30": -680, "2015-06-30": 745, "2015-03-31": "214.00000", "2014-12-31": -6, "2014-09-30": -1720, "2014-06-30": -176, "2014-03-31": "1311.00000", "2013-12-31": -1400, "2013-09-30": -1271, "2013-06-30": 900, "2013-03-31": "453.00000", "2012-12-31": -2057, "2012-09-30": 682, "2012-06-30": 1674, "2012-03-31": "1069.00000", "2011-12-31": -921, "2011-09-30": -2, "2011-06-30": 315, "2011-03-31": "-216.00000", "2010-12-31": 1525, "2010-09-30": -505, "2010-06-30": -254, "2010-03-31": "-286.00000", "2009-12-31": -257, "2009-09-30": -1203, "2009-06-30": 1520, "2009-03-31": "106.00000", "2008-12-31": -628, "2008-09-30": -1358, "2008-06-30": 719, "2008-03-31": "409.00000", "2007-12-31": -631, "2007-09-30": 431, "2007-06-30": 724, "2007-03-31": "398.00000", "2006-12-31": -588, "2006-09-30": 329, "2006-06-30": 463, "2006-03-31": "95.00000", "2005-12-31": -233, "2005-09-30": -233, "2005-06-30": 319, "2005-03-31": "275.00000"}, "Net Common Equity Issued/Repurchased": {"2020-09-30": 4, "2020-06-30": -104, "2020-03-31": "2.00000", "2019-12-31": 9, "2019-09-30": 105, "2019-06-30": -102, "2019-03-31": "5.00000", "2018-12-31": 0, "2018-09-30": 0, "2018-06-30": 7, "2018-03-31": "4.00000", "2017-12-31": 1, "2017-09-30": 1, "2017-06-30": 11, "2017-03-31": "46.00000", "2016-12-31": 0, "2016-09-30": 0, "2016-06-30": -19, "2016-03-31": "-181.00000", "2015-12-31": 1, "2015-09-30": -101, "2015-06-30": 15, "2015-03-31": "-190.00000", "2014-12-31": 40, "2014-09-30": -79, "2014-06-30": -101, "2014-03-31": "-86.00000", "2013-12-31": 17, "2013-09-30": 14, "2013-06-30": 3, "2013-03-31": "9.00000", "2012-12-31": 10, "2012-09-30": 3, "2012-06-30": 2, "2012-03-31": "8.00000", "2011-12-31": 4, "2011-09-30": -117, "2011-06-30": 4, "2011-03-31": "12.00000", "2010-12-31": 2, "2010-09-30": -266, "2010-06-30": -85, "2010-03-31": "1.00000", "2009-12-31": 1, "2009-09-30": 761, "2009-06-30": 1, "2009-03-31": "", "2008-12-31": 0, "2008-09-30": -23, "2008-06-30": 27, "2008-03-31": "3.00000", "2007-12-31": 9, "2007-09-30": 3, "2007-06-30": 4, "2007-03-31": "16.00000", "2006-12-31": 5, "2006-09-30": 2, "2006-06-30": 7, "2006-03-31": "2.00000", "2005-12-31": 1, "2005-09-30": 3, "2005-06-30": 6, "2005-03-31": "3.00000"}, "Net Total Equity Issued/Repurchased": {"2020-09-30": 4, "2020-06-30": -104, "2020-03-31": "2.00000", "2019-12-31": 9, "2019-09-30": 105, "2019-06-30": -102, "2019-03-31": "5.00000", "2018-12-31": 0, "2018-09-30": 0, "2018-06-30": 7, "2018-03-31": "4.00000", "2017-12-31": 1, "2017-09-30": 1, "2017-06-30": 11, "2017-03-31": "46.00000", "2016-12-31": 0, "2016-09-30": 0, "2016-06-30": -19, "2016-03-31": "-181.00000", "2015-12-31": 1, "2015-09-30": -101, "2015-06-30": 15, "2015-03-31": "-190.00000", "2014-12-31": 40, "2014-09-30": -79, "2014-06-30": -101, "2014-03-31": "-86.00000", "2013-12-31": 17, "2013-09-30": 14, "2013-06-30": 3, "2013-03-31": "9.00000", "2012-12-31": 10, "2012-09-30": 3, "2012-06-30": 2, "2012-03-31": "8.00000", "2011-12-31": 4, "2011-09-30": -117, "2011-06-30": 4, "2011-03-31": "12.00000", "2010-12-31": 2, "2010-09-30": -266, "2010-06-30": -85, "2010-03-31": "1.00000", "2009-12-31": 1, "2009-09-30": 761, "2009-06-30": 1, "2009-03-31": "", "2008-12-31": 0, "2008-09-30": -23, "2008-06-30": 27, "2008-03-31": "3.00000", "2007-12-31": 854, "2007-09-30": 3, "2007-06-30": 4, "2007-03-31": "16.00000", "2006-12-31": 682, "2006-09-30": 2, "2006-06-30": 7, "2006-03-31": "2.00000", "2005-12-31": 1, "2005-09-30": 3, "2005-06-30": 6, "2005-03-31": "3.00000"}, "Total Common And Preferred Stock Dividends Paid": {"2020-09-30": -78, "2020-06-30": -80, "2020-03-31": "-79.00000", "2019-12-31": -103, "2019-09-30": -79, "2019-06-30": -79, "2019-03-31": "-79.00000", "2018-12-31": -88, "2018-09-30": -78, "2018-06-30": -74, "2018-03-31": "-73.00000", "2017-12-31": -90, "2017-09-30": -72, "2017-06-30": -68, "2017-03-31": "-67.00000", "2016-12-31": -91, "2016-09-30": -67, "2016-06-30": -62, "2016-03-31": "-62.00000", "2015-12-31": -71, "2015-09-30": -62, "2015-06-30": -58, "2015-03-31": "-58.00000", "2014-12-31": -68, "2014-09-30": -57, "2014-06-30": -52, "2014-03-31": "-53.00000", "2013-12-31": -55, "2013-09-30": -53, "2013-06-30": -48, "2013-03-31": "-48.00000", "2012-12-31": -54, "2012-09-30": -49, "2012-06-30": -42, "2012-03-31": "-47.00000", "2011-12-31": -57, "2011-09-30": -44, "2011-06-30": -37, "2011-03-31": "-48.00000", "2010-12-31": -54, "2010-09-30": -59, "2010-06-30": -49, "2010-03-31": "-49.00000", "2009-12-31": -58, "2009-09-30": -47, "2009-06-30": -43, "2009-03-31": "-50.00000", "2008-12-31": -44, "2008-09-30": -132, "2008-06-30": -41, "2008-03-31": "-105.00000", "2007-12-31": -40, "2007-09-30": -29, "2007-06-30": -29, "2007-03-31": "-34.00000", "2006-12-31": -31, "2006-09-30": -18, "2006-06-30": -17, "2006-03-31": "-35.00000", "2005-12-31": -23, "2005-09-30": -30, "2005-06-30": -45, "2005-03-31": "-22.00000"}, "Financial Activities - Other": {"2020-09-30": 2, "2020-06-30": -8, "2020-03-31": "-9.00000", "2019-12-31": 7, "2019-09-30": -9, "2019-06-30": -5, "2019-03-31": "-3.00000", "2018-12-31": -5, "2018-09-30": -5, "2018-06-30": -8, "2018-03-31": "-5.00000", "2017-12-31": 6, "2017-09-30": -28, "2017-06-30": -1, "2017-03-31": "-5.00000", "2016-12-31": 0, "2016-09-30": -49, "2016-06-30": -11, "2016-03-31": "-7.00000", "2015-12-31": 12, "2015-09-30": 7, "2015-06-30": -16, "2015-03-31": "-1.00000", "2014-12-31": 7, "2014-09-30": -1, "2014-06-30": -3, "2014-03-31": "-14.00000", "2013-12-31": -32, "2013-09-30": -51, "2013-06-30": -3, "2013-03-31": "", "2012-12-31": 9, "2012-09-30": -2, "2012-06-30": -3, "2012-03-31": "3.00000", "2011-12-31": 20, "2011-09-30": -1, "2011-06-30": 6, "2011-03-31": "22.00000", "2010-12-31": 13, "2010-09-30": 15, "2010-06-30": 8, "2010-03-31": "13.00000", "2009-12-31": 19, "2009-09-30": 27, "2009-06-30": 23, "2009-03-31": "-26.00000", "2008-12-31": -11, "2008-09-30": 38, "2008-06-30": 0, "2008-03-31": "", "2007-12-31": 67, "2007-09-30": 28, "2007-06-30": 0, "2007-03-31": "", "2006-12-31": 0, "2006-09-30": 0, "2006-06-30": 0, "2006-03-31": "", "2005-12-31": 0, "2005-09-30": 0, "2005-06-30": 0, "2005-03-31": ""}, "Cash Flow From Financial Activities": {"2020-09-30": 403, "2020-06-30": 810, "2020-03-31": "-84.00000", "2019-12-31": -1567, "2019-09-30": 51, "2019-06-30": 232, "2019-03-31": "513.00000", "2018-12-31": -2078, "2018-09-30": -709, "2018-06-30": 1244, "2018-03-31": "2174.00000", "2017-12-31": -1149, "2017-09-30": 33, "2017-06-30": 560, "2017-03-31": "376.00000", "2016-12-31": -386, "2016-09-30": -1314, "2016-06-30": 993, "2016-03-31": "219.00000", "2015-12-31": 545, "2015-09-30": -836, "2015-06-30": 686, "2015-03-31": "-35.00000", "2014-12-31": -27, "2014-09-30": -1857, "2014-06-30": -332, "2014-03-31": "1158.00000", "2013-12-31": -1470, "2013-09-30": -1361, "2013-06-30": 852, "2013-03-31": "414.00000", "2012-12-31": -2092, "2012-09-30": 634, "2012-06-30": 1631, "2012-03-31": "1033.00000", "2011-12-31": -954, "2011-09-30": -164, "2011-06-30": 288, "2011-03-31": "-230.00000", "2010-12-31": 1486, "2010-09-30": -815, "2010-06-30": -380, "2010-03-31": "-321.00000", "2009-12-31": -295, "2009-09-30": -462, "2009-06-30": 1501, "2009-03-31": "30.00000", "2008-12-31": -683, "2008-09-30": -1475, "2008-06-30": 705, "2008-03-31": "307.00000", "2007-12-31": 250, "2007-09-30": 433, "2007-06-30": 699, "2007-03-31": "380.00000", "2006-12-31": 63, "2006-09-30": 313, "2006-06-30": 453, "2006-03-31": "62.00000", "2005-12-31": -255, "2005-09-30": -260, "2005-06-30": 280, "2005-03-31": "256.00000"}, "Net Cash Flow": {"2020-09-30": 29, "2020-06-30": 84, "2020-03-31": "-127.00000", "2019-12-31": 29, "2019-09-30": 45, "2019-06-30": -221, "2019-03-31": "76.00000", "2018-12-31": 122, "2018-09-30": 46, "2018-06-30": -67, "2018-03-31": "-313.00000", "2017-12-31": 213, "2017-09-30": -189, "2017-06-30": -99, "2017-03-31": "-258.00000", "2016-12-31": 639, "2016-09-30": -251, "2016-06-30": 25, "2016-03-31": "112.00000", "2015-12-31": 108, "2015-09-30": -123, "2015-06-30": 46, "2015-03-31": "18.00000", "2014-12-31": 5, "2014-09-30": -166, "2014-06-30": -109, "2014-03-31": "-110.00000", "2013-12-31": -740, "2013-09-30": 756, "2013-06-30": -75, "2013-03-31": "232.00000", "2012-12-31": -121, "2012-09-30": 223, "2012-06-30": -783, "2012-03-31": "415.00000", "2011-12-31": -220, "2011-09-30": 585, "2011-06-30": -342, "2011-03-31": "234.00000", "2010-12-31": 228, "2010-09-30": -2421, "2010-06-30": 2298, "2010-03-31": "-80.00000", "2009-12-31": -548, "2009-09-30": 612, "2009-06-30": -9, "2009-03-31": "-506.00000", "2008-12-31": -490, "2008-09-30": 394, "2008-06-30": 377, "2008-03-31": "-258.00000", "2007-12-31": 136, "2007-09-30": 379, "2007-06-30": -19, "2007-03-31": "120.00000", "2006-12-31": 78, "2006-09-30": 8, "2006-06-30": -1, "2006-03-31": "-74.00000", "2005-12-31": 28, "2005-09-30": -88, "2005-06-30": 75, "2005-03-31": "-93.00000"}, "Stock-Based Compensation": {"2020-09-30": 20, "2020-06-30": 12, "2020-03-31": "15.00000", "2019-12-31": 9, "2019-09-30": 13, "2019-06-30": 13, "2019-03-31": "4.00000", "2018-12-31": 15, "2018-09-30": 10, "2018-06-30": 14, "2018-03-31": "7.00000", "2017-12-31": 2, "2017-09-30": 10, "2017-06-30": 7, "2017-03-31": "10.00000", "2016-12-31": 13, "2016-09-30": 5, "2016-06-30": 13, "2016-03-31": "13.00000", "2015-12-31": 8, "2015-09-30": 13, "2015-06-30": 12, "2015-03-31": "13.00000", "2014-12-31": 13, "2014-09-30": 8, "2014-06-30": 10, "2014-03-31": "18.00000", "2013-12-31": 19, "2013-09-30": 13, "2013-06-30": 17, "2013-03-31": "4.00000", "2012-12-31": 0, "2012-09-30": 13, "2012-06-30": 12, "2012-03-31": "19.00000", "2011-12-31": 9, "2011-09-30": 14, "2011-06-30": 11, "2011-03-31": "15.00000", "2010-12-31": 13, "2010-09-30": 13, "2010-06-30": 28, "2010-03-31": "6.00000", "2009-12-31": 1, "2009-09-30": 0, "2009-06-30": 6, "2009-03-31": "10.00000", "2008-12-31": 10, "2008-09-30": 16, "2008-06-30": 27, "2008-03-31": "13.00000", "2007-12-31": 17, "2007-09-30": 11, "2007-06-30": 8, "2007-03-31": "12.00000", "2006-12-31": 12, "2006-09-30": 9, "2006-06-30": -10, "2006-03-31": "8.00000", "2005-12-31": 17, "2005-09-30": 0, "2005-06-30": 0, "2005-03-31": ""}, "Common Stock Dividends Paid": {"2020-09-30": -78, "2020-06-30": -80, "2020-03-31": "-79.00000", "2019-12-31": -69, "2019-09-30": -79, "2019-06-30": -79, "2019-03-31": "-79.00000", "2018-12-31": -54, "2018-09-30": -78, "2018-06-30": -74, "2018-03-31": "-73.00000", "2017-12-31": -56, "2017-09-30": -72, "2017-06-30": -68, "2017-03-31": "-67.00000", "2016-12-31": -57, "2016-09-30": -67, "2016-06-30": -62, "2016-03-31": "-62.00000", "2015-12-31": -37, "2015-09-30": -62, "2015-06-30": -58, "2015-03-31": "-58.00000", "2014-12-31": -34, "2014-09-30": -57, "2014-06-30": -52, "2014-03-31": "-53.00000", "2013-12-31": -21, "2013-09-30": -53, "2013-06-30": -48, "2013-03-31": "-48.00000", "2012-12-31": -20, "2012-09-30": -49, "2012-06-30": -42, "2012-03-31": "-47.00000", "2011-12-31": -23, "2011-09-30": -44, "2011-06-30": -37, "2011-03-31": "-48.00000", "2010-12-31": -34, "2010-09-30": -40, "2010-06-30": -29, "2010-03-31": "-30.00000", "2009-12-31": -38, "2009-09-30": -28, "2009-06-30": -23, "2009-03-31": "-31.00000", "2008-12-31": -24, "2008-09-30": -113, "2008-06-30": -21, "2008-03-31": "-83.00000", "2007-12-31": -31, "2007-09-30": -21, "2007-06-30": -21, "2007-03-31": "-25.00000", "2006-12-31": -31, "2006-09-30": -18, "2006-06-30": -17, "2006-03-31": "-35.00000", "2005-12-31": -23, "2005-09-30": -30, "2005-06-30": -45, "2005-03-31": "-22.00000"}}, "financial ratios": {"Current Ratio": {"2019-12-31": "1.55390", "2018-12-31": "1.54320", "2017-12-31": "1.67390", "2016-12-31": "1.44350", "2015-12-31": "1.48720", "2014-12-31": "1.50290", "2013-12-31": "1.41780", "2012-12-31": "1.49330", "2011-12-31": "1.69500", "2010-12-31": "1.58090", "2009-12-31": "1.89830", "2008-12-31": "1.63190", "2007-12-31": "1.64340", "2006-12-31": "1.85890", "2005-12-31": "1.81480"}, "Long-term Debt / Capital": {"2019-12-31": "0.38130", "2018-12-31": "0.39720", "2017-12-31": "0.36120", "2016-12-31": "0.29480", "2015-12-31": "0.30550", "2014-12-31": "0.24730", "2013-12-31": "0.23960", "2012-12-31": "0.23890", "2011-12-31": "0.21710", "2010-12-31": "0.16890", "2009-12-31": "0.25870", "2008-12-31": "0.27170", "2007-12-31": "0.30180", "2006-12-31": "0.33650", "2005-12-31": "0.37700"}, "Debt/Equity Ratio": {"2019-12-31": "0.82820", "2018-12-31": "0.84230", "2017-12-31": "0.65160", "2016-12-31": "0.65260", "2015-12-31": "0.71680", "2014-12-31": "0.59840", "2013-12-31": "0.90340", "2012-12-31": "0.79050", "2011-12-31": "0.49910", "2010-12-31": "0.38880", "2009-12-31": "0.36810", "2008-12-31": "0.44080", "2007-12-31": "0.57230", "2006-12-31": "0.61470", "2005-12-31": "0.74440"}, "Gross Margin": {"2019-12-31": "1.31750", "2018-12-31": "4.95380", "2017-12-31": "3.85420", "2016-12-31": "5.64680", "2015-12-31": "6.19720", "2014-12-31": "4.58530", "2013-12-31": "4.49900", "2012-12-31": "4.21870", "2011-12-31": "4.68300", "2010-12-31": "5.26240", "2009-12-31": "2.87170", "2008-12-31": "7.67680", "2007-12-31": "6.64610", "2006-12-31": "5.97930", "2005-12-31": "6.44460"}, "Operating Margin": {"2019-12-31": "-1.96650", "2018-12-31": "1.84290", "2017-12-31": "0.71630", "2016-12-31": "2.50010", "2015-12-31": "2.89490", "2014-12-31": "1.62700", "2013-12-31": "1.95770", "2012-12-31": "1.65600", "2011-12-31": "2.12310", "2010-12-31": "1.95210", "2009-12-31": "-0.32920", "2008-12-31": "4.60870", "2007-12-31": "3.05480", "2006-12-31": "2.25700", "2005-12-31": "2.52290"}, "EBIT Margin": {"2019-12-31": "-1.96650", "2018-12-31": "1.84290", "2017-12-31": "0.71630", "2016-12-31": "2.50010", "2015-12-31": "2.89490", "2014-12-31": "1.62700", "2013-12-31": "1.95770", "2012-12-31": "1.65600", "2011-12-31": "2.12310", "2010-12-31": "1.95210", "2009-12-31": "-0.32920", "2008-12-31": "4.60870", "2007-12-31": "3.05480", "2006-12-31": "2.25700", "2005-12-31": "2.52290"}, "EBITDA Margin": {"2019-12-31": "-0.63440", "2018-12-31": "3.20270", "2017-12-31": "2.04610", "2016-12-31": "3.78170", "2015-12-31": "4.14910", "2014-12-31": "2.68890", "2013-12-31": "2.88360", "2012-12-31": "2.59050", "2011-12-31": "3.06080", "2010-12-31": "2.96000", "2009-12-31": "0.72750", "2008-12-31": "5.44380", "2007-12-31": "4.07220", "2006-12-31": "3.49010", "2005-12-31": "3.66330"}, "Pre-Tax Profit Margin": {"2019-12-31": "-2.92900", "2018-12-31": "0.99690", "2017-12-31": "0.50220", "2016-12-31": "2.33370", "2015-12-31": "2.41860", "2014-12-31": "1.28410", "2013-12-31": "1.65290", "2012-12-31": "0.60990", "2011-12-31": "1.81830", "2010-12-31": "6.93700", "2009-12-31": "0.34580", "2008-12-31": "2.92350", "2007-12-31": "3.17370", "2006-12-31": "1.98680", "2005-12-31": "2.00190"}, "Net Profit Margin": {"2019-12-31": "-3.21340", "2018-12-31": "0.50940", "2017-12-31": "0.27510", "2016-12-31": "1.66120", "2015-12-31": "1.69830", "2014-12-31": "0.81700", "2013-12-31": "0.37490", "2012-12-31": "0.04590", "2011-12-31": "1.61860", "2010-12-31": "5.20330", "2009-12-31": "0.67500", "2008-12-31": "1.87550", "2007-12-31": "1.95020", "2006-12-31": "1.96770", "2005-12-31": "2.17420"}, "Asset Turnover": {"2019-12-31": "2.24600", "2018-12-31": "2.35490", "2017-12-31": "2.42670", "2016-12-31": "2.22430", "2015-12-31": "2.42580", "2014-12-31": "2.66710", "2013-12-31": "2.29070", "2012-12-31": "2.23570", "2011-12-31": "2.22420", "2010-12-31": "1.69040", "2009-12-31": "1.96970", "2008-12-31": "2.59880", "2007-12-31": "1.72080", "2006-12-31": "1.83130", "2005-12-31": "2.12970"}, "Inventory Turnover Ratio": {"2019-12-31": "8.05840", "2018-12-31": "7.40540", "2017-12-31": "8.67740", "2016-12-31": "8.43680", "2015-12-31": "9.12720", "2014-12-31": "9.81990", "2013-12-31": "10.10820", "2012-12-31": "8.86460", "2011-12-31": "9.32670", "2010-12-31": "6.27580", "2009-12-31": "8.37560", "2008-12-31": "8.58620", "2007-12-31": "5.96340", "2006-12-31": "6.70550", "2005-12-31": "8.23620"}, "Receiveable Turnover": {"2019-12-31": "24.12900", "2018-12-31": "27.94320", "2017-12-31": "30.50900", "2016-12-31": "25.46480", "2015-12-31": "27.04110", "2014-12-31": "31.06580", "2013-12-31": "28.61330", "2012-12-31": "24.68270", "2011-12-31": "22.81290", "2010-12-31": "15.15100", "2009-12-31": "17.74270", "2008-12-31": "22.37190", "2007-12-31": "14.89260", "2006-12-31": "13.98300", "2005-12-31": "14.32260"}, "Days Sales In Receivables": {"2019-12-31": "15.12700", "2018-12-31": "13.06220", "2017-12-31": "11.96370", "2016-12-31": "14.33350", "2015-12-31": "13.49800", "2014-12-31": "11.74930", "2013-12-31": "12.75630", "2012-12-31": "14.78770", "2011-12-31": "15.99970", "2010-12-31": "24.09090", "2009-12-31": "20.57180", "2008-12-31": "16.31510", "2007-12-31": "24.50890", "2006-12-31": "26.10320", "2005-12-31": "25.48430"}, "ROE - Return On Equity": {"2019-12-31": "-24.17600", "2018-12-31": "4.86990", "2017-12-31": "2.60990", "2016-12-31": "11.66390", "2015-12-31": "12.66350", "2014-12-31": "6.06250", "2013-12-31": "1.17050", "2012-12-31": "3.57790", "2011-12-31": "8.47610", "2010-12-31": "19.80780", "2009-12-31": "3.80160", "2008-12-31": "20.16730", "2007-12-31": "14.45560", "2006-12-31": "10.46610", "2005-12-31": "12.54140"}, "Return On Tangible Equity": {"2019-12-31": "-26.69560", "2018-12-31": "5.59140", "2017-12-31": "2.66910", "2016-12-31": "11.69730", "2015-12-31": "12.77930", "2014-12-31": "5.99880", "2013-12-31": "1.17400", "2012-12-31": "3.56300", "2011-12-31": "8.80310", "2010-12-31": "20.55270", "2009-12-31": "3.42960", "2008-12-31": "17.22970", "2007-12-31": "12.39940", "2006-12-31": "9.76940", "2005-12-31": "13.52730"}, "ROA - Return On Assets": {"2019-12-31": "-7.04810", "2018-12-31": "1.42600", "2017-12-31": "0.92200", "2016-12-31": "4.04420", "2015-12-31": "4.21460", "2014-12-31": "2.26300", "2013-12-31": "0.41070", "2012-12-31": "1.38560", "2011-12-31": "3.82620", "2010-12-31": "9.03810", "2009-12-31": "1.57380", "2008-12-31": "6.55460", "2007-12-31": "4.20170", "2006-12-31": "3.63140", "2005-12-31": "4.63040"}, "ROI - Return On Investment": {"2019-12-31": "-13.24650", "2018-12-31": "2.61790", "2017-12-31": "1.51080", "2016-12-31": "7.45290", "2015-12-31": "7.88260", "2014-12-31": "4.20100", "2013-12-31": "0.82910", "2012-12-31": "2.55630", "2011-12-31": "6.25690", "2010-12-31": "15.55780", "2009-12-31": "2.39580", "2008-12-31": "11.88170", "2007-12-31": "8.11950", "2006-12-31": "6.09930", "2005-12-31": "7.81370"}, "Book Value Per Share": {"2019-12-31": "42.52080", "2018-12-31": "45.19850", "2017-12-31": "52.30830", "2016-12-31": "52.63760", "2015-12-31": "46.68630", "2014-12-31": "59.64190", "2013-12-31": "68.25580", "2012-12-31": "76.90570", "2011-12-31": "82.92700", "2010-12-31": "85.61400", "2009-12-31": "77.29480", "2008-12-31": "66.82450", "2007-12-31": "65.53880", "2006-12-31": "47.25070", "2005-12-31": "35.45750"}, "Operating Cash Flow Per Share": {"2019-12-31": 3.2094, "2018-12-31": 5.0608, "2017-12-31": -16.9897, "2016-12-31": -0.998, "2015-12-31": -5.4952, "2014-12-31": -5.5056, "2013-12-31": 18.1137, "2012-12-31": -19.9478, "2011-12-31": 32.4233, "2010-12-31": -12.6991, "2009-12-31": -21.3647, "2008-12-31": 21.6256, "2007-12-31": -0.7519, "2006-12-31": -5.5522, "2005-12-31": 3.1608}, "Free Cash Flow Per Share": {"2019-12-31": 2.9851, "2018-12-31": 6.2679, "2017-12-31": -16.5689, "2016-12-31": -1.9273, "2015-12-31": -4.1238, "2014-12-31": -4.4176, "2013-12-31": 18.7284, "2012-12-31": -20.8598, "2011-12-31": 8.4735, "2010-12-31": 11.8194, "2009-12-31": -22.0446, "2008-12-31": 20.0087, "2007-12-31": -1.6068, "2006-12-31": -5.478, "2005-12-31": -0.6702}}, "financial ratios, quarterly": {"Current Ratio": {"2020-09-30": "1.51150", "2020-06-30": "1.52990", "2020-03-31": "1.38370", "2019-12-31": "1.55390", "2019-09-30": "1.46910", "2019-06-30": "1.48950", "2019-03-31": "1.39560", "2018-12-31": "1.54320", "2018-09-30": "1.57940", "2018-06-30": "1.49490", "2018-03-31": "1.56440", "2017-12-31": "1.67390", "2017-09-30": "1.60480", "2017-06-30": "1.50180", "2017-03-31": "1.39370", "2016-12-31": "1.44350", "2016-09-30": "1.43980", "2016-06-30": "1.34450", "2016-03-31": "1.61070", "2015-12-31": "1.48720", "2015-09-30": "1.40830", "2015-06-30": "1.43750", "2015-03-31": "1.44830", "2014-12-31": "1.50290", "2014-09-30": "1.42900", "2014-06-30": "1.60660", "2014-03-31": "1.45670", "2013-12-31": "1.41780", "2013-09-30": "1.37740", "2013-06-30": "1.36440", "2013-03-31": "1.45900", "2012-12-31": "1.49330", "2012-09-30": "1.55740", "2012-06-30": "1.69110", "2012-03-31": "1.94530", "2011-12-31": "1.69500", "2011-09-30": "1.76080", "2011-06-30": "1.87280", "2011-03-31": "1.69980", "2010-12-31": "1.58090", "2010-09-30": "1.73860", "2010-06-30": "1.93170", "2010-03-31": "1.63910", "2009-12-31": "1.89830", "2009-09-30": "1.87050", "2009-06-30": "1.68900", "2009-03-31": "1.71890", "2008-12-31": "1.63190", "2008-09-30": "1.56200", "2008-06-30": "1.58740", "2008-03-31": "1.55180", "2007-12-31": "1.64340", "2007-09-30": "1.53640", "2007-06-30": "1.73610", "2007-03-31": "1.89230", "2006-12-31": "1.85890", "2006-09-30": "1.81950", "2006-06-30": "1.84480", "2006-03-31": "1.82920", "2005-12-31": "1.81480", "2005-09-30": "1.76280", "2005-06-30": "1.84330", "2005-03-31": "1.75750"}, "Long-term Debt / Capital": {"2020-09-30": "0.44770", "2020-06-30": "0.43310", "2020-03-31": "0.43010", "2019-12-31": "0.38130", "2019-09-30": "0.49630", "2019-06-30": "0.38230", "2019-03-31": "0.36230", "2018-12-31": "0.39720", "2018-09-30": "0.43090", "2018-06-30": "0.42390", "2018-03-31": "0.42800", "2017-12-31": "0.36120", "2017-09-30": "0.35400", "2017-06-30": "0.34510", "2017-03-31": "0.29970", "2016-12-31": "0.29480", "2016-09-30": "0.32140", "2016-06-30": "0.31700", "2016-03-31": "0.35580", "2015-12-31": "0.30550", "2015-09-30": "0.27940", "2015-06-30": "0.24650", "2015-03-31": "0.23930", "2014-12-31": "0.24730", "2014-09-30": "0.22150", "2014-06-30": "0.28940", "2014-03-31": "0.27810", "2013-12-31": "0.23960", "2013-09-30": "0.23530", "2013-06-30": "0.24700", "2013-03-31": "0.25390", "2012-12-31": "0.23890", "2012-09-30": "0.25650", "2012-06-30": "0.26350", "2012-03-31": "0.25930", "2011-12-31": "0.21710", "2011-09-30": "0.22380", "2011-06-30": "0.20310", "2011-03-31": "0.18830", "2010-12-31": "0.16890", "2010-09-30": "0.16390", "2010-06-30": "0.19480", "2010-03-31": "0.24580", "2009-12-31": "0.25870", "2009-09-30": "0.25860", "2009-06-30": "0.30560", "2009-03-31": "0.27830", "2008-12-31": "0.27170", "2008-09-30": "0.25370", "2008-06-30": "0.28230", "2008-03-31": "0.28630", "2007-12-31": "0.30180", "2007-09-30": "0.34160", "2007-06-30": "0.37380", "2007-03-31": "0.36870", "2006-12-31": "0.33650", "2006-09-30": "0.39780", "2006-06-30": "0.38750", "2006-03-31": "0.35570", "2005-12-31": "0.37700", "2005-09-30": "0.41710", "2005-06-30": "0.45760", "2005-03-31": "0.44380"}, "Debt/Equity Ratio": {"2020-09-30": "1.19940", "2020-06-30": "1.15900", "2020-03-31": "1.00520", "2019-12-31": "0.82820", "2019-09-30": "1.39190", "2019-06-30": "0.97290", "2019-03-31": "0.88740", "2018-12-31": "0.84230", "2018-09-30": "1.12530", "2018-06-30": "1.17630", "2018-03-31": "0.97170", "2017-12-31": "0.65160", "2017-09-30": "0.75700", "2017-06-30": "0.78130", "2017-03-31": "0.68090", "2016-12-31": "0.65260", "2016-09-30": "0.74230", "2016-06-30": "0.90680", "2016-03-31": "0.73390", "2015-12-31": "0.71680", "2015-09-30": "0.63500", "2015-06-30": "0.63510", "2015-03-31": "0.56800", "2014-12-31": "0.59840", "2014-09-30": "0.72000", "2014-06-30": "0.84020", "2014-03-31": "0.91340", "2013-12-31": "0.90340", "2013-09-30": "1.03720", "2013-06-30": "1.10250", "2013-03-31": "0.92800", "2012-12-31": "0.79050", "2012-09-30": "0.66050", "2012-06-30": "0.58070", "2012-03-31": "0.41060", "2011-12-31": "0.49910", "2011-09-30": "0.41870", "2011-06-30": "0.36540", "2011-03-31": "0.35770", "2010-12-31": "0.38880", "2010-09-30": "0.27610", "2010-06-30": "0.32890", "2010-03-31": "0.38510", "2009-12-31": "0.36810", "2009-09-30": "0.39240", "2009-06-30": "0.58920", "2009-03-31": "0.47360", "2008-12-31": "0.44080", "2008-09-30": "0.49290", "2008-06-30": "0.60640", "2008-03-31": "0.60280", "2007-12-31": "0.57230", "2007-09-30": "0.76270", "2007-06-30": "0.74800", "2007-03-31": "0.67580", "2006-12-31": "0.61470", "2006-09-30": "0.85720", "2006-06-30": "0.80790", "2006-03-31": "0.71410", "2005-12-31": "0.74440", "2005-09-30": "0.90590", "2005-06-30": "1.04920", "2005-03-31": "1.03330"}, "Gross Margin": {"2020-09-30": "5.92580", "2020-06-30": "11.67830", "2020-03-31": "1.89690", "2019-12-31": "5.29540", "2019-09-30": "-9.47400", "2019-06-30": "5.07130", "2019-03-31": "4.39730", "2018-12-31": "3.65590", "2018-09-30": "8.04420", "2018-06-30": "4.46200", "2018-03-31": "3.60870", "2017-12-31": "3.97240", "2017-09-30": "4.28080", "2017-06-30": "3.04850", "2017-03-31": "4.13630", "2016-12-31": "5.96660", "2016-09-30": "4.86740", "2016-06-30": "5.02800", "2016-03-31": "6.95380", "2015-12-31": "6.33050", "2015-09-30": "6.92250", "2015-06-30": "4.96200", "2015-03-31": "6.57040", "2014-12-31": "5.25280", "2014-09-30": "5.25740", "2014-06-30": "4.72220", "2014-03-31": "3.07560", "2013-12-31": "4.94200", "2013-09-30": "4.68000", "2013-06-30": "3.97650", "2013-03-31": "4.37610", "2012-12-31": "3.22770", "2012-09-30": "5.09580", "2012-06-30": "4.43480", "2012-03-31": "4.15990", "2011-12-31": "4.60180", "2011-09-30": "4.52100", "2011-06-30": "4.46580", "2011-03-31": "5.24030", "2010-12-31": "5.75100", "2010-09-30": "6.10530", "2010-06-30": "3.87280", "2010-03-31": "5.26820", "2009-12-31": "3.00880", "2009-09-30": "3.03590", "2009-06-30": "3.74750", "2009-03-31": "1.46770", "2008-12-31": "4.65140", "2008-09-30": "8.17060", "2008-06-30": "10.10090", "2008-03-31": "6.95320", "2007-12-31": "6.22190", "2007-09-30": "9.32260", "2007-06-30": "6.41120", "2007-03-31": "4.08550", "2006-12-31": "6.69010", "2006-09-30": "6.96340", "2006-06-30": "4.79920", "2006-03-31": "5.04890", "2005-12-31": "5.17190", "2005-09-30": "6.51410", "2005-06-30": "7.27180", "2005-03-31": "7.06290"}, "Operating Margin": {"2020-09-30": "2.46090", "2020-06-30": "8.02160", "2020-03-31": "-1.31910", "2019-12-31": "1.75280", "2019-09-30": "-12.66110", "2019-06-30": "1.75320", "2019-03-31": "1.32820", "2018-12-31": "0.45920", "2018-09-30": "5.12620", "2018-06-30": "1.35840", "2018-03-31": "0.37590", "2017-12-31": "0.57730", "2017-09-30": "1.31310", "2017-06-30": "0.24900", "2017-03-31": "0.73730", "2016-12-31": "2.55950", "2016-09-30": "2.03100", "2016-06-30": "2.15350", "2016-03-31": "3.43200", "2015-12-31": "2.86360", "2015-09-30": "3.59600", "2015-06-30": "1.61380", "2015-03-31": "3.50730", "2014-12-31": "1.24710", "2014-09-30": "2.31060", "2014-06-30": "2.38790", "2014-03-31": "0.35660", "2013-12-31": "2.19910", "2013-09-30": "2.08150", "2013-06-30": "1.52990", "2013-03-31": "2.01560", "2012-12-31": "0.88030", "2012-09-30": "2.70200", "2012-06-30": "1.85530", "2012-03-31": "1.11550", "2011-12-31": "2.31900", "2011-09-30": "1.99800", "2011-06-30": "1.82220", "2011-03-31": "2.41920", "2010-12-31": "2.68870", "2010-09-30": "3.04410", "2010-06-30": "0.09110", "2010-03-31": "1.91400", "2009-12-31": "-0.72820", "2009-09-30": "-0.05310", "2009-06-30": "0.93690", "2009-03-31": "-1.72860", "2008-12-31": "1.27940", "2008-09-30": "5.58900", "2008-06-30": "6.89870", "2008-03-31": "3.72920", "2007-12-31": "2.74210", "2007-09-30": "5.69430", "2007-06-30": "2.71150", "2007-03-31": "0.47660", "2006-12-31": "3.07170", "2006-09-30": "3.30220", "2006-06-30": "1.16650", "2006-03-31": "1.01330", "2005-12-31": "0.95500", "2005-09-30": "2.83290", "2005-06-30": "3.13350", "2005-03-31": "3.46730"}, "EBIT Margin": {"2020-09-30": "2.46090", "2020-06-30": "8.02160", "2020-03-31": "-1.31910", "2019-12-31": "1.75280", "2019-09-30": "-12.66110", "2019-06-30": "1.75320", "2019-03-31": "1.32820", "2018-12-31": "0.45920", "2018-09-30": "5.12620", "2018-06-30": "1.35840", "2018-03-31": "0.37590", "2017-12-31": "0.57730", "2017-09-30": "1.31310", "2017-06-30": "0.24900", "2017-03-31": "0.73730", "2016-12-31": "2.55950", "2016-09-30": "2.03100", "2016-06-30": "2.15350", "2016-03-31": "3.43200", "2015-12-31": "2.86360", "2015-09-30": "3.59600", "2015-06-30": "1.61380", "2015-03-31": "3.50730", "2014-12-31": "1.24710", "2014-09-30": "2.31060", "2014-06-30": "2.38790", "2014-03-31": "0.35660", "2013-12-31": "2.19910", "2013-09-30": "2.08150", "2013-06-30": "1.52990", "2013-03-31": "2.01560", "2012-12-31": "0.88030", "2012-09-30": "2.70200", "2012-06-30": "1.85530", "2012-03-31": "1.11550", "2011-12-31": "2.31900", "2011-09-30": "1.99800", "2011-06-30": "1.82220", "2011-03-31": "2.41920", "2010-12-31": "2.68870", "2010-09-30": "3.04410", "2010-06-30": "0.09110", "2010-03-31": "1.91400", "2009-12-31": "-0.72820", "2009-09-30": "-0.05310", "2009-06-30": "0.93690", "2009-03-31": "-1.72860", "2008-12-31": "1.27940", "2008-09-30": "5.58900", "2008-06-30": "6.89870", "2008-03-31": "3.72920", "2007-12-31": "2.74210", "2007-09-30": "5.69430", "2007-06-30": "2.71150", "2007-03-31": "0.47660", "2006-12-31": "3.07170", "2006-09-30": "3.30220", "2006-06-30": "1.16650", "2006-03-31": "1.01330", "2005-12-31": "0.95500", "2005-09-30": "2.83290", "2005-06-30": "3.13350", "2005-03-31": "3.46730"}, "EBITDA Margin": {"2020-09-30": "", "2020-06-30": "", "2020-03-31": "", "2019-12-31": "", "2019-09-30": "", "2019-06-30": "", "2019-03-31": "", "2018-12-31": "", "2018-09-30": "", "2018-06-30": "", "2018-03-31": "", "2017-12-31": "", "2017-09-30": "", "2017-06-30": "", "2017-03-31": "", "2016-12-31": "", "2016-09-30": "", "2016-06-30": "", "2016-03-31": "", "2015-12-31": "", "2015-09-30": "", "2015-06-30": "", "2015-03-31": "", "2014-12-31": "", "2014-09-30": "", "2014-06-30": "", "2014-03-31": "", "2013-12-31": "", "2013-09-30": "", "2013-06-30": "", "2013-03-31": "", "2012-12-31": "", "2012-09-30": "", "2012-06-30": "", "2012-03-31": "", "2011-12-31": "", "2011-09-30": "", "2011-06-30": "", "2011-03-31": "", "2010-12-31": "", "2010-09-30": "", "2010-06-30": "", "2010-03-31": "", "2009-12-31": "", "2009-09-30": "", "2009-06-30": "", "2009-03-31": "", "2008-12-31": "", "2008-09-30": "", "2008-06-30": "", "2008-03-31": "", "2007-12-31": "", "2007-09-30": "", "2007-06-30": "", "2007-03-31": "", "2006-12-31": "", "2006-09-30": "", "2006-06-30": "", "2006-03-31": "", "2005-12-31": "", "2005-09-30": "", "2005-06-30": "", "2005-03-31": ""}, "Pre-Tax Profit Margin": {"2020-09-30": "3.00230", "2020-06-30": "7.29230", "2020-03-31": "-2.70360", "2019-12-31": "-0.51010", "2019-09-30": "-14.62750", "2019-06-30": "2.69410", "2019-03-31": "0.88550", "2018-12-31": "0.14730", "2018-09-30": "3.96070", "2018-06-30": "-0.12350", "2018-03-31": "0.01880", "2017-12-31": "0.00860", "2017-09-30": "1.05930", "2017-06-30": "0.22330", "2017-03-31": "0.73730", "2016-12-31": "3.28840", "2016-09-30": "1.48820", "2016-06-30": "1.54630", "2016-03-31": "3.08430", "2015-12-31": "2.07110", "2015-09-30": "3.28010", "2015-06-30": "1.27060", "2015-03-31": "3.06310", "2014-12-31": "0.44590", "2014-09-30": "2.09130", "2014-06-30": "2.22120", "2014-03-31": "0.11890", "2013-12-31": "2.01590", "2013-09-30": "2.00670", "2013-06-30": "1.02640", "2013-03-31": "1.55560", "2012-12-31": "-2.97540", "2012-09-30": "2.30310", "2012-06-30": "2.30360", "2012-03-31": "1.27040", "2011-12-31": "2.01460", "2011-09-30": "0.84530", "2011-06-30": "2.29160", "2011-03-31": "2.27980", "2010-12-31": "3.14440", "2010-09-30": "2.52960", "2010-06-30": "21.14090", "2010-03-31": "0.86030", "2009-12-31": "-1.29360", "2009-09-30": "0.88510", "2009-06-30": "3.60200", "2009-03-31": "-2.34830", "2008-12-31": "-3.66440", "2008-09-30": "2.12880", "2008-06-30": "8.38150", "2008-03-31": "3.36030", "2007-12-31": "2.80630", "2007-09-30": "5.62240", "2007-06-30": "3.33820", "2007-03-31": "0.36770", "2006-12-31": "2.99360", "2006-09-30": "2.91460", "2006-06-30": "0.34990", "2006-03-31": "1.20890", "2005-12-31": "-0.04410", "2005-09-30": "2.62480", "2005-06-30": "3.06540", "2005-03-31": "2.69680"}, "Net Profit Margin": {"2020-09-30": "2.61840", "2020-06-30": "5.41110", "2020-03-31": "-2.25660", "2019-12-31": "-0.63060", "2019-09-30": "-14.49190", "2019-06-30": "2.03050", "2019-03-31": "0.37230", "2018-12-31": "-0.64110", "2018-09-30": "3.12830", "2018-06-30": "-0.17290", "2018-03-31": "-0.27250", "2017-12-31": "-0.59460", "2017-09-30": "0.73540", "2017-06-30": "0.61830", "2017-03-31": "0.35070", "2016-12-31": "2.22050", "2016-09-30": "1.01550", "2016-06-30": "1.03410", "2016-03-31": "2.48990", "2015-12-31": "1.69290", "2015-09-30": "2.12790", "2015-06-30": "0.66780", "2015-03-31": "2.30430", "2014-12-31": "-0.46860", "2014-09-30": "2.07660", "2014-06-30": "1.61970", "2014-03-31": "-0.20060", "2013-12-31": "0.70250", "2013-09-30": "-1.12240", "2013-06-30": "0.71010", "2013-03-31": "1.14980", "2012-12-31": "-3.57980", "2012-09-30": "1.74700", "2012-06-30": "1.82770", "2012-03-31": "0.65070", "2011-12-31": "1.77550", "2011-09-30": "0.84530", "2011-06-30": "2.11900", "2011-03-31": "1.83700", "2010-12-31": "2.66130", "2010-09-30": "1.65490", "2010-06-30": "16.01970", "2010-03-31": "0.42530", "2009-12-31": "-0.26830", "2009-09-30": "2.05350", "2009-06-30": "2.66510", "2009-03-31": "-2.32660", "2008-12-31": "-2.10180", "2008-09-30": "1.45300", "2008-06-30": "5.08880", "2008-03-31": "2.16540", "2007-12-31": "1.84410", "2007-09-30": "3.52550", "2007-06-30": "1.91610", "2007-03-31": "0.08170", "2006-12-31": "3.38410", "2006-09-30": "2.42640", "2006-06-30": "0.49990", "2006-03-31": "1.03110", "2005-12-31": "2.18920", "2005-09-30": "2.72090", "2005-06-30": "1.92440", "2005-03-31": "1.79780"}, "Asset Turnover": {"2020-09-30": "0.48930", "2020-06-30": "0.50980", "2020-03-31": "0.49330", "2019-12-31": "0.58870", "2019-09-30": "0.55400", "2019-06-30": "0.49430", "2019-03-31": "0.48400", "2018-12-31": "0.59420", "2018-09-30": "0.53210", "2018-06-30": "0.54900", "2018-03-31": "0.46100", "2017-12-31": "0.61500", "2017-09-30": "0.55580", "2017-06-30": "0.56990", "2017-03-31": "0.53930", "2016-12-31": "0.61490", "2016-09-30": "0.56990", "2016-06-30": "0.47710", "2016-03-31": "0.47080", "2015-12-31": "0.61990", "2015-09-30": "0.58370", "2015-06-30": "0.55490", "2015-03-31": "0.58470", "2014-12-31": "0.61730", "2014-09-30": "0.56640", "2014-06-30": "0.64560", "2014-03-31": "0.49070", "2013-12-31": "0.61130", "2013-09-30": "0.51580", "2013-06-30": "0.51050", "2013-03-31": "0.49450", "2012-12-31": "0.62460", "2012-09-30": "0.57770", "2012-06-30": "0.54280", "2012-03-31": "0.50040", "2011-12-31": "0.54710", "2011-09-30": "0.62710", "2011-06-30": "0.54660", "2011-03-31": "0.46060", "2010-12-31": "0.42200", "2010-09-30": "0.50480", "2010-06-30": "0.49670", "2010-03-31": "0.45880", "2009-12-31": "0.49030", "2009-09-30": "0.51680", "2009-06-30": "0.50410", "2009-03-31": "0.50570", "2008-12-31": "0.54090", "2008-09-30": "0.60050", "2008-06-30": "0.51930", "2008-03-31": "0.52730", "2007-12-31": "0.56710", "2007-09-30": "0.46720", "2007-06-30": "0.46030", "2007-03-31": "0.47730", "2006-12-31": "0.53550", "2006-09-30": "0.52680", "2006-06-30": "0.48300", "2006-03-31": "0.48580", "2005-12-31": "0.59460", "2005-09-30": "0.51200", "2005-06-30": "0.48840", "2005-03-31": "0.49330"}, "Inventory Turnover Ratio": {"2020-09-30": "1.47870", "2020-06-30": "1.39120", "2020-03-31": "1.65090", "2019-12-31": "2.02700", "2019-09-30": "2.06750", "2019-06-30": "1.63130", "2019-03-31": "1.60000", "2018-12-31": "1.89420", "2018-09-30": "1.46090", "2018-06-30": "1.64330", "2018-03-31": "1.47540", "2017-12-31": "2.19630", "2017-09-30": "1.86970", "2017-06-30": "2.07000", "2017-03-31": "2.05490", "2016-12-31": "2.32450", "2016-09-30": "2.10070", "2016-06-30": "1.67800", "2016-03-31": "1.72580", "2015-12-31": "2.32920", "2015-09-30": "1.99820", "2015-06-30": "1.88260", "2015-03-31": "2.11300", "2014-12-31": "2.25710", "2014-09-30": "2.59820", "2014-06-30": "2.60370", "2014-03-31": "2.02220", "2013-12-31": "2.68480", "2013-09-30": "2.38070", "2013-06-30": "2.32750", "2013-03-31": "2.32760", "2012-12-31": "2.50230", "2012-09-30": "1.93470", "2012-06-30": "1.74730", "2012-03-31": "1.94280", "2011-12-31": "2.29620", "2011-09-30": "2.38670", "2011-06-30": "1.98470", "2011-03-31": "1.71980", "2010-12-31": "1.55860", "2010-09-30": "1.96660", "2010-06-30": "2.30780", "2010-03-31": "2.51930", "2009-12-31": "2.08190", "2009-09-30": "2.26580", "2009-06-30": "1.58180", "2009-03-31": "1.82680", "2008-12-31": "1.84570", "2008-09-30": "1.94250", "2008-06-30": "1.46880", "2008-03-31": "1.78160", "2007-12-31": "1.97430", "2007-09-30": "1.56920", "2007-06-30": "1.60490", "2007-03-31": "1.80130", "2006-12-31": "1.94600", "2006-09-30": "1.88920", "2006-06-30": "1.73120", "2006-03-31": "1.97960", "2005-12-31": "2.33080", "2005-09-30": "1.91570", "2005-06-30": "1.51590", "2005-03-31": "1.76760"}, "Receiveable Turnover": {"2020-09-30": "6.25940", "2020-06-30": "6.20050", "2020-03-31": "5.67640", "2019-12-31": "6.32430", "2019-09-30": "5.62870", "2019-06-30": "5.90060", "2019-03-31": "5.78800", "2018-12-31": "7.05130", "2018-09-30": "6.66200", "2018-06-30": "6.69630", "2018-03-31": "6.31140", "2017-12-31": "7.73150", "2017-09-30": "6.11840", "2017-06-30": "6.66570", "2017-03-31": "6.65530", "2016-12-31": "7.04000", "2016-09-30": "6.79940", "2016-06-30": "6.26320", "2016-03-31": "4.55360", "2015-12-31": "6.91040", "2015-09-30": "5.64050", "2015-06-30": "5.57790", "2015-03-31": "7.19440", "2014-12-31": "7.19080", "2014-09-30": "5.60030", "2014-06-30": "5.63330", "2014-03-31": "5.14370", "2013-12-31": "7.63530", "2013-09-30": "6.29050", "2013-06-30": "5.14650", "2013-03-31": "5.00000", "2012-12-31": "6.89600", "2012-09-30": "4.38570", "2012-06-30": "5.16900", "2012-03-31": "4.43910", "2011-12-31": "5.61160", "2011-09-30": "6.20910", "2011-06-30": "4.77050", "2011-03-31": "3.88590", "2010-12-31": "3.78210", "2010-09-30": "3.88350", "2010-06-30": "4.40900", "2010-03-31": "4.36870", "2009-12-31": "4.41640", "2009-09-30": "4.74510", "2009-06-30": "5.24020", "2009-03-31": "4.74370", "2008-12-31": "4.65660", "2008-09-30": "4.18470", "2008-06-30": "4.10310", "2008-03-31": "4.10570", "2007-12-31": "4.90830", "2007-09-30": "3.60730", "2007-06-30": "3.33250", "2007-03-31": "3.37920", "2006-12-31": "4.08890", "2006-09-30": "3.46860", "2006-06-30": "3.55090", "2006-03-31": "3.49160", "2005-12-31": "3.99880", "2005-09-30": "3.00240", "2005-06-30": "3.25860", "2005-03-31": "3.03000"}, "Days Sales In Receivables": {"2020-09-30": "14.37840", "2020-06-30": "14.51490", "2020-03-31": "15.85520", "2019-12-31": "14.23070", "2019-09-30": "15.98950", "2019-06-30": "15.25260", "2019-03-31": "15.54940", "2018-12-31": "12.76360", "2018-09-30": "13.50950", "2018-06-30": "13.44040", "2018-03-31": "14.25990", "2017-12-31": "11.64070", "2017-09-30": "14.70980", "2017-06-30": "13.50190", "2017-03-31": "13.52310", "2016-12-31": "12.78410", "2016-09-30": "13.23650", "2016-06-30": "14.36960", "2016-03-31": "19.76450", "2015-12-31": "13.02390", "2015-09-30": "15.95610", "2015-06-30": "16.13520", "2015-03-31": "12.50970", "2014-12-31": "12.51610", "2014-09-30": "16.07050", "2014-06-30": "15.97630", "2014-03-31": "17.49720", "2013-12-31": "11.78740", "2013-09-30": "14.30720", "2013-06-30": "17.48760", "2013-03-31": "18.00000", "2012-12-31": "13.05110", "2012-09-30": "20.52110", "2012-06-30": "17.41150", "2012-03-31": "20.27420", "2011-12-31": "16.03810", "2011-09-30": "14.49480", "2011-06-30": "18.86600", "2011-03-31": "23.16060", "2010-12-31": "23.79600", "2010-09-30": "23.17530", "2010-06-30": "20.41280", "2010-03-31": "20.60130", "2009-12-31": "20.37850", "2009-09-30": "18.96710", "2009-06-30": "17.17480", "2009-03-31": "18.97260", "2008-12-31": "19.32740", "2008-09-30": "21.50710", "2008-06-30": "21.93460", "2008-03-31": "21.92080", "2007-12-31": "18.33630", "2007-09-30": "24.94910", "2007-06-30": "27.00650", "2007-03-31": "26.63350", "2006-12-31": "22.01090", "2006-09-30": "25.94690", "2006-06-30": "25.34580", "2006-03-31": "25.77600", "2005-12-31": "22.50660", "2005-09-30": "29.97600", "2005-06-30": "27.61920", "2005-03-31": "29.70280"}, "ROE - Return On Equity": {"2020-09-30": "5.60810", "2020-06-30": "11.55120", "2020-03-31": "-4.50720", "2019-12-31": "-1.32960", "2019-09-30": "-37.43370", "2019-06-30": "3.63320", "2019-03-31": "0.82850", "2018-12-31": "-0.98450", "2018-09-30": "6.33090", "2018-06-30": "-0.27900", "2018-03-31": "-0.25810", "2017-12-31": "-0.79500", "2017-09-30": "1.30310", "2017-06-30": "1.20090", "2017-03-31": "0.77780", "2016-12-31": "4.29880", "2016-09-30": "1.89770", "2016-06-30": "1.87590", "2016-03-31": "3.84190", "2015-12-31": "3.42170", "2015-09-30": "3.56720", "2015-06-30": "1.32560", "2015-03-31": "3.65040", "2014-12-31": "-0.50000", "2014-09-30": "3.12220", "2014-06-30": "2.70080", "2014-03-31": "-0.14940", "2013-12-31": "1.36200", "2013-09-30": "-3.08080", "2013-06-30": "1.20790", "2013-03-31": "1.45860", "2012-12-31": "-2.87740", "2012-09-30": "2.64160", "2012-06-30": "2.31620", "2012-03-31": "1.02650", "2011-12-31": "2.50330", "2011-09-30": "1.17290", "2011-06-30": "2.38880", "2011-03-31": "1.89290", "2010-12-31": "2.33480", "2010-09-30": "1.94670", "2010-06-30": "17.63370", "2010-03-31": "0.85840", "2009-12-31": "-0.09080", "2009-09-30": "2.22850", "2009-06-30": "4.37680", "2009-03-31": "-2.82820", "2008-12-31": "-2.73760", "2008-09-30": "4.52700", "2008-06-30": "10.85580", "2008-03-31": "4.78450", "2007-12-31": "6.11700", "2007-09-30": "5.83440", "2007-06-30": "3.07810", "2007-03-31": "0.27530", "2006-12-31": "5.30330", "2006-09-30": "3.58510", "2006-06-30": "0.66080", "2006-03-31": "1.28830", "2005-12-31": "3.52580", "2005-09-30": "4.23100", "2005-06-30": "3.03930", "2005-03-31": "2.86630"}, "Return On Tangible Equity": {"2020-09-30": "6.11260", "2020-06-30": "12.62390", "2020-03-31": "-4.96650", "2019-12-31": "-1.46820", "2019-09-30": "-44.34470", "2019-06-30": "4.11410", "2019-03-31": "0.93550", "2018-12-31": "-1.13040", "2018-09-30": "7.26300", "2018-06-30": "-0.31970", "2018-03-31": "-0.29950", "2017-12-31": "-0.81300", "2017-09-30": "1.33390", "2017-06-30": "1.23310", "2017-03-31": "0.79750", "2016-12-31": "4.31110", "2016-09-30": "1.89740", "2016-06-30": "1.89860", "2016-03-31": "3.89020", "2015-12-31": "3.45290", "2015-09-30": "3.47080", "2015-06-30": "1.30440", "2015-03-31": "3.59390", "2014-12-31": "-0.49470", "2014-09-30": "3.11030", "2014-06-30": "2.70470", "2014-03-31": "-0.14970", "2013-12-31": "1.36610", "2013-09-30": "-3.06070", "2013-06-30": "1.20220", "2013-03-31": "1.45160", "2012-12-31": "-2.86550", "2012-09-30": "2.76140", "2012-06-30": "2.42370", "2012-03-31": "1.07040", "2011-12-31": "2.59990", "2011-09-30": "1.21220", "2011-06-30": "2.49340", "2011-03-31": "1.97100", "2010-12-31": "2.42260", "2010-09-30": "1.87460", "2010-06-30": "16.96090", "2010-03-31": "0.82670", "2009-12-31": "-0.08190", "2009-09-30": "1.99720", "2009-06-30": "3.82420", "2009-03-31": "-2.39550", "2008-12-31": "-2.33890", "2008-09-30": "3.93730", "2008-06-30": "9.65860", "2008-03-31": "4.15000", "2007-12-31": "5.24690", "2007-09-30": "5.53370", "2007-06-30": "2.89960", "2007-03-31": "0.25750", "2006-12-31": "4.95030", "2006-09-30": "3.83920", "2006-06-30": "0.70990", "2006-03-31": "1.38590", "2005-12-31": "3.80300", "2005-09-30": "4.67030", "2005-06-30": "3.37210", "2005-03-31": "3.17870"}, "ROA - Return On Assets": {"2020-09-30": "1.28610", "2020-06-30": "2.81270", "2020-03-31": "-1.03790", "2019-12-31": "-0.38760", "2019-09-30": "-7.95320", "2019-06-30": "1.03800", "2019-03-31": "0.24350", "2018-12-31": "-0.28830", "2018-09-30": "1.71130", "2018-06-30": "-0.07680", "2018-03-31": "-0.07360", "2017-12-31": "-0.28090", "2017-09-30": "0.44760", "2017-06-30": "0.39640", "2017-03-31": "0.26190", "2016-12-31": "1.49050", "2016-09-30": "0.62360", "2016-06-30": "0.56120", "2016-03-31": "1.27250", "2015-12-31": "1.13880", "2015-09-30": "1.15520", "2015-06-30": "0.47350", "2015-03-31": "1.33110", "2014-12-31": "-0.18660", "2014-09-30": "1.14720", "2014-06-30": "1.00730", "2014-03-31": "-0.05100", "2013-12-31": "0.47800", "2013-09-30": "-1.03860", "2013-06-30": "0.39880", "2013-03-31": "0.52510", "2012-12-31": "-1.11440", "2012-09-30": "1.04420", "2012-06-30": "0.96960", "2012-03-31": "0.48070", "2011-12-31": "1.13000", "2011-09-30": "0.53410", "2011-06-30": "1.17700", "2011-03-31": "0.88770", "2010-12-31": "1.06530", "2010-09-30": "0.89170", "2010-06-30": "8.08820", "2010-03-31": "0.35480", "2009-12-31": "-0.03760", "2009-09-30": "0.90120", "2009-06-30": "1.47650", "2009-03-31": "-0.96760", "2008-12-31": "-0.88980", "2008-09-30": "1.31490", "2008-06-30": "3.10900", "2008-03-31": "1.36170", "2007-12-31": "1.77800", "2007-09-30": "1.68540", "2007-06-30": "0.93180", "2007-03-31": "0.09100", "2006-12-31": "1.84010", "2006-09-30": "1.27830", "2006-06-30": "0.24150", "2006-03-31": "0.50090", "2005-12-31": "1.30180", "2005-09-30": "1.39310", "2005-06-30": "0.93990", "2005-03-31": "0.88690"}, "ROI - Return On Investment": {"2020-09-30": "2.70520", "2020-06-30": "5.68070", "2020-03-31": "-2.21200", "2019-12-31": "-0.72850", "2019-09-30": "-16.05630", "2019-06-30": "2.00680", "2019-03-31": "0.47410", "2018-12-31": "-0.52930", "2018-09-30": "3.21960", "2018-06-30": "-0.14440", "2018-03-31": "-0.13360", "2017-12-31": "-0.46020", "2017-09-30": "0.76690", "2017-06-30": "0.71350", "2017-03-31": "0.49550", "2016-12-31": "2.74680", "2016-09-30": "1.16560", "2016-06-30": "1.16020", "2016-03-31": "2.22980", "2015-12-31": "2.12990", "2015-09-30": "2.30420", "2015-06-30": "0.90860", "2015-03-31": "2.51890", "2014-12-31": "-0.34650", "2014-09-30": "2.25530", "2014-06-30": "1.79180", "2014-03-31": "-0.10050", "2013-12-31": "0.96480", "2013-09-30": "-2.19800", "2013-06-30": "0.85090", "2013-03-31": "1.02270", "2012-12-31": "-2.05590", "2012-09-30": "1.85130", "2012-06-30": "1.60680", "2012-03-31": "0.71920", "2011-12-31": "1.84790", "2011-09-30": "0.85820", "2011-06-30": "1.80820", "2011-03-31": "1.45550", "2010-12-31": "1.83380", "2010-09-30": "1.41940", "2010-06-30": "12.31140", "2010-03-31": "0.55490", "2009-12-31": "-0.05720", "2009-09-30": "1.40530", "2009-06-30": "2.50950", "2009-03-31": "-1.63360", "2008-12-31": "-1.61290", "2008-09-30": "2.77610", "2008-06-30": "6.51420", "2008-03-31": "2.77470", "2007-12-31": "3.43590", "2007-09-30": "3.44590", "2007-06-30": "1.71110", "2007-03-31": "0.15300", "2006-12-31": "3.09060", "2006-09-30": "2.15890", "2006-06-30": "0.40470", "2006-03-31": "0.83010", "2005-12-31": "2.19670", "2005-09-30": "2.46630", "2005-06-30": "1.64840", "2005-03-31": "1.59430"}, "Book Value Per Share": {"2020-09-30": "39.03440", "2020-06-30": "37.30310", "2020-03-31": "34.97810", "2019-12-31": "42.52080", "2019-09-30": "32.83660", "2019-06-30": "46.10200", "2019-03-31": "47.53690", "2018-12-31": "45.19850", "2018-09-30": "45.98040", "2018-06-30": "48.09100", "2018-03-31": "51.64510", "2017-12-31": "52.30830", "2017-09-30": "55.11740", "2017-06-30": "52.88350", "2017-03-31": "54.37310", "2016-12-31": "52.63760", "2016-09-30": "52.18250", "2016-06-30": "52.35380", "2016-03-31": "49.84110", "2015-12-31": "46.68630", "2015-09-30": "46.75900", "2015-06-30": "53.04360", "2015-03-31": "51.73360", "2014-12-31": "59.64190", "2014-09-30": "65.92030", "2014-06-30": "71.22440", "2014-03-31": "68.37890", "2013-12-31": "68.25580", "2013-09-30": "69.82030", "2013-06-30": "72.73680", "2013-03-31": "77.88390", "2012-12-31": "76.90570", "2012-09-30": "82.19210", "2012-06-30": "81.29560", "2012-03-31": "87.52090", "2011-12-31": "82.92700", "2011-09-30": "82.66440", "2011-06-30": "93.32520", "2011-03-31": "89.02490", "2010-12-31": "85.61400", "2010-09-30": "87.82600", "2010-06-30": "81.91980", "2010-03-31": "75.42680", "2009-12-31": "77.29480", "2009-09-30": "77.51570", "2009-06-30": "73.01060", "2009-03-31": "63.73300", "2008-12-31": "66.82450", "2008-09-30": "71.61360", "2008-06-30": "77.92200", "2008-03-31": "68.16110", "2007-12-31": "65.53880", "2007-09-30": "55.46320", "2007-06-30": "50.89570", "2007-03-31": "47.84430", "2006-12-31": "47.25070", "2006-09-30": "39.37060", "2006-06-30": "37.94340", "2006-03-31": "37.71250", "2005-12-31": "35.45750", "2005-09-30": "36.02170", "2005-06-30": "33.43380", "2005-03-31": "30.85210"}, "Operating Cash Flow Per Share": {"2020-09-30": -4.3253, "2020-06-30": -6.906, "2020-03-31": "-3.09380", "2019-12-31": 3.5645, "2019-09-30": -2.0617, "2019-06-30": -4.3736, "2019-03-31": "-2.83980", "2018-12-31": 12.9939, "2018-09-30": 3.2636, "2018-06-30": -12.5795, "2018-03-31": "-12.59800", "2017-12-31": 0.388, "2017-09-30": -5.1113, "2017-06-30": -4.9778, "2017-03-31": "-4.27970", "2016-12-31": -1.5291, "2016-09-30": 9.4319, "2016-06-30": -5.4099, "2016-03-31": "0.51600", "2015-12-31": 0.5351, "2015-09-30": 5.5461, "2015-06-30": -4.0767, "2015-03-31": "2.00240", "2014-12-31": 2.2643, "2014-09-30": 12.3397, "2014-06-30": 2.0643, "2014-03-31": "-7.16620", "2013-12-31": 8.9133, "2013-09-30": 9.5636, "2013-06-30": -4.1658, "2013-03-31": "0.69660", "2012-12-31": 15.4656, "2012-09-30": -1.0996, "2012-06-30": -15.4117, "2012-03-31": "-2.06030", "2011-12-31": 7.6094, "2011-09-30": 7.542, "2011-06-30": -3.0254, "2011-03-31": "4.71580", "2010-12-31": -4.635, "2010-09-30": -9.9493, "2010-06-30": -6.3763, "2010-03-31": "5.37910", "2009-12-31": 0.9284, "2009-09-30": 8.9385, "2009-06-30": -9.7673, "2009-03-31": "-2.98200", "2008-12-31": 5.9532, "2008-09-30": 16.0345, "2008-06-30": -0.9401, "2008-03-31": "-2.56530", "2007-12-31": 1.803, "2007-09-30": 1.0465, "2007-06-30": -4.4965, "2007-03-31": "-1.49630", "2006-12-31": 2.1448, "2006-09-30": -1.2231, "2006-06-30": -2.8653, "2006-03-31": "-0.44780", "2005-12-31": 3.5741, "2005-09-30": 2.4736, "2005-06-30": -1.0135, "2005-03-31": "-1.87340"}, "Free Cash Flow Per Share": {"2020-09-30": -5.0281, "2020-06-30": -7.364, "2020-03-31": "-3.48130", "2019-12-31": 2.5313, "2019-09-30": -2.9668, "2019-06-30": -5.2981, "2019-03-31": "-3.68040", "2018-12-31": 11.6361, "2018-09-30": 2.703, "2018-06-30": -13.3942, "2018-03-31": "-13.34400", "2017-12-31": -0.872, "2017-09-30": -6.1188, "2017-06-30": -6.1048, "2017-03-31": "-5.57140", "2016-12-31": -3.1486, "2016-09-30": 7.912, "2016-06-30": -6.6403, "2016-03-31": "-0.22120", "2015-12-31": -1.8309, "2015-09-30": 5.2694, "2015-06-30": -4.851, "2015-03-31": "1.24170", "2014-12-31": 0.0552, "2014-09-30": 11.2637, "2014-06-30": 0.919, "2014-03-31": "-8.28490", "2013-12-31": 7.1626, "2013-09-30": 7.8556, "2013-06-30": -5.8293, "2013-03-31": "-0.81830", "2012-12-31": 12.5269, "2012-09-30": -2.3508, "2012-06-30": -16.9455, "2012-03-31": "-3.58840", "2011-12-31": 6.045, "2011-09-30": 5.6736, "2011-06-30": -4.6025, "2011-03-31": "3.38590", "2010-12-31": -8.4112, "2010-09-30": -9.5228, "2010-06-30": 16.6005, "2010-03-31": "3.36200", "2009-12-31": -2.0997, "2009-09-30": 7.5368, "2009-06-30": -11.3341, "2009-03-31": "-3.89390", "2008-12-31": 3.7728, "2008-09-30": 14.4829, "2008-06-30": -2.4556, "2008-03-31": "-3.54640", "2007-12-31": -0.0043, "2007-09-30": -0.2442, "2007-06-30": -5.4182, "2007-03-31": "-2.08830", "2006-12-31": 0.9293, "2006-09-30": -2.2983, "2006-06-30": -3.751, "2006-03-31": "-1.02820", "2005-12-31": 2.4873, "2005-09-30": 1.4416, "2005-06-30": -1.9465, "2005-03-31": "-2.65260"}}, "revenue": {"Bunge Annual Revenue (Millions of US $)": {"2019": "$41,140", "2018": "$45,743", "2017": "$45,794", "2016": "$42,679", "2015": "$43,455", "2014": "$57,161", "2013": "$61,347", "2012": "$60,991", "2011": "$56,097", "2010": "$43,953", "2009": "$41,926", "2008": "$52,574", "2007": "$37,842", "2006": "$26,274", "2005": "$24,377"}, "Bunge Quarterly Revenue (Millions of US $)": {"2020-09-30": "$10,159", "2020-06-30": "$9,462", "2020-03-31": "$9,173", "2019-12-31": "$10,783", "2019-09-30": "$10,323", "2019-06-30": "$10,096", "2019-03-31": "$9,938", "2018-12-31": "$11,543", "2018-09-30": "$11,412", "2018-06-30": "$12,147", "2018-03-31": "$10,641", "2017-12-31": "$11,605", "2017-09-30": "$11,423", "2017-06-30": "$11,645", "2017-03-31": "$11,121", "2016-12-31": "$11,799", "2016-09-30": "$11,423", "2016-06-30": "$10,541", "2016-03-31": "$8,916", "2015-12-31": "$11,105", "2015-09-30": "$10,762", "2015-06-30": "$10,782", "2015-03-31": "$10,806", "2014-12-31": "$13,231", "2014-09-30": "$13,676", "2014-06-30": "$16,793", "2014-03-31": "$13,461", "2013-12-31": "$16,370", "2013-09-30": "$14,701", "2013-06-30": "$15,491", "2013-03-31": "$14,785", "2012-12-31": "$17,040", "2012-09-30": "$16,543", "2012-06-30": "$14,499", "2012-03-31": "$12,909", "2011-12-31": "$13,799", "2011-09-30": "$15,616", "2011-06-30": "$14,488", "2011-03-31": "$12,194", "2010-12-31": "$10,972", "2010-09-30": "$11,662", "2010-06-30": "$10,974", "2010-03-31": "$10,345", "2009-12-31": "$10,436", "2009-09-30": "$11,298", "2009-06-30": "$10,994", "2009-03-31": "$9,198", "2008-12-31": "$10,943", "2008-09-30": "$14,797", "2008-06-30": "$14,365", "2008-03-31": "$12,469", "2007-12-31": "$12,472", "2007-09-30": "$9,729", "2007-06-30": "$8,298", "2007-03-31": "$7,343", "2006-12-31": "$7,683", "2006-09-30": "$6,965", "2006-06-30": "$6,001", "2006-03-31": "$5,625", "2005-12-31": "$6,806", "2005-09-30": "$6,248", "2005-06-30": "$5,872", "2005-03-31": "$5,451"}}, "gross-profit": {"Bunge Annual Gross Profit (Millions of US $)": {"2019": "$542", "2018": "$2,266", "2017": "$1,765", "2016": "$2,410", "2015": "$2,693", "2014": "$2,621", "2013": "$2,760", "2012": "$2,573", "2011": "$2,627", "2010": "$2,313", "2009": "$1,204", "2008": "$4,036", "2007": "$2,515", "2006": "$1,571", "2005": "$1,571"}, "Bunge Quarterly Gross Profit (Millions of US $)": {"2020-09-30": "$602", "2020-06-30": "$1,105", "2020-03-31": "$174", "2019-12-31": "$571", "2019-09-30": "$-978", "2019-06-30": "$512", "2019-03-31": "$437", "2018-12-31": "$422", "2018-09-30": "$918", "2018-06-30": "$542", "2018-03-31": "$384", "2017-12-31": "$461", "2017-09-30": "$489", "2017-06-30": "$355", "2017-03-31": "$460", "2016-12-31": "$704", "2016-09-30": "$556", "2016-06-30": "$530", "2016-03-31": "$620", "2015-12-31": "$703", "2015-09-30": "$745", "2015-06-30": "$535", "2015-03-31": "$710", "2014-12-31": "$695", "2014-09-30": "$719", "2014-06-30": "$793", "2014-03-31": "$414", "2013-12-31": "$809", "2013-09-30": "$688", "2013-06-30": "$616", "2013-03-31": "$647", "2012-12-31": "$550", "2012-09-30": "$843", "2012-06-30": "$643", "2012-03-31": "$537", "2011-12-31": "$635", "2011-09-30": "$706", "2011-06-30": "$647", "2011-03-31": "$639", "2010-12-31": "$631", "2010-09-30": "$712", "2010-06-30": "$425", "2010-03-31": "$545", "2009-12-31": "$314", "2009-09-30": "$343", "2009-06-30": "$412", "2009-03-31": "$135", "2008-12-31": "$509", "2008-09-30": "$1,209", "2008-06-30": "$1,451", "2008-03-31": "$867", "2007-12-31": "$776", "2007-09-30": "$907", "2007-06-30": "$532", "2007-03-31": "$300", "2006-12-31": "$514", "2006-09-30": "$485", "2006-06-30": "$288", "2006-03-31": "$284", "2005-12-31": "$352", "2005-09-30": "$407", "2005-06-30": "$427", "2005-03-31": "$385"}}, "operating-income": {"Bunge Annual Operating Income (Millions of US $)": {"2019": "$-809", "2018": "$843", "2017": "$328", "2016": "$1,067", "2015": "$1,258", "2014": "$930", "2013": "$1,201", "2012": "$1,010", "2011": "$1,191", "2010": "$858", "2009": "$-138", "2008": "$2,423", "2007": "$1,156", "2006": "$593", "2005": "$615"}, "Bunge Quarterly Operating Income (Millions of US $)": {"2020-09-30": "$250", "2020-06-30": "$759", "2020-03-31": "$-121", "2019-12-31": "$189", "2019-09-30": "$-1,307", "2019-06-30": "$177", "2019-03-31": "$132", "2018-12-31": "$53", "2018-09-30": "$585", "2018-06-30": "$165", "2018-03-31": "$40", "2017-12-31": "$67", "2017-09-30": "$150", "2017-06-30": "$29", "2017-03-31": "$82", "2016-12-31": "$302", "2016-09-30": "$232", "2016-06-30": "$227", "2016-03-31": "$306", "2015-12-31": "$318", "2015-09-30": "$387", "2015-06-30": "$174", "2015-03-31": "$379", "2014-12-31": "$165", "2014-09-30": "$316", "2014-06-30": "$401", "2014-03-31": "$48", "2013-12-31": "$360", "2013-09-30": "$306", "2013-06-30": "$237", "2013-03-31": "$298", "2012-12-31": "$150", "2012-09-30": "$447", "2012-06-30": "$269", "2012-03-31": "$144", "2011-12-31": "$320", "2011-09-30": "$312", "2011-06-30": "$264", "2011-03-31": "$295", "2010-12-31": "$295", "2010-09-30": "$355", "2010-06-30": "$10", "2010-03-31": "$198", "2009-12-31": "$-76", "2009-09-30": "$-6", "2009-06-30": "$103", "2009-03-31": "$-159", "2008-12-31": "$140", "2008-09-30": "$827", "2008-06-30": "$991", "2008-03-31": "$465", "2007-12-31": "$342", "2007-09-30": "$554", "2007-06-30": "$225", "2007-03-31": "$35", "2006-12-31": "$236", "2006-09-30": "$230", "2006-06-30": "$70", "2006-03-31": "$57", "2005-12-31": "$65", "2005-09-30": "$177", "2005-06-30": "$184", "2005-03-31": "$189"}}, "ebitda": {"Bunge Annual EBITDA (Millions of US $)": {"2019": "$-261", "2018": "$1,465", "2017": "$937", "2016": "$1,614", "2015": "$1,803", "2014": "$1,537", "2013": "$1,769", "2012": "$1,580", "2011": "$1,717", "2010": "$1,301", "2009": "$305", "2008": "$2,862", "2007": "$1,541", "2006": "$917", "2005": "$893"}, "Bunge Quarterly EBITDA (Millions of US $)": {"2020-09-30": "$356", "2020-06-30": "$863", "2020-03-31": "$-8", "2019-12-31": "$309", "2019-09-30": "$-1,173", "2019-06-30": "$332", "2019-03-31": "$271", "2018-12-31": "$212", "2018-09-30": "$744", "2018-06-30": "$327", "2018-03-31": "$182", "2017-12-31": "$228", "2017-09-30": "$316", "2017-06-30": "$181", "2017-03-31": "$212", "2016-12-31": "$447", "2016-09-30": "$380", "2016-06-30": "$368", "2016-03-31": "$419", "2015-12-31": "$460", "2015-09-30": "$523", "2015-06-30": "$321", "2015-03-31": "$499", "2014-12-31": "$324", "2014-09-30": "$478", "2014-06-30": "$563", "2014-03-31": "$172", "2013-12-31": "$505", "2013-09-30": "$459", "2013-06-30": "$386", "2013-03-31": "$419", "2012-12-31": "$306", "2012-09-30": "$597", "2012-06-30": "$413", "2012-03-31": "$264", "2011-12-31": "$448", "2011-09-30": "$463", "2011-06-30": "$407", "2011-03-31": "$399", "2010-12-31": "$412", "2010-09-30": "$466", "2010-06-30": "$123", "2010-03-31": "$300", "2009-12-31": "$48", "2009-09-30": "$113", "2009-06-30": "$208", "2009-03-31": "$-64", "2008-12-31": "$235", "2008-09-30": "$944", "2008-06-30": "$1,110", "2008-03-31": "$573", "2007-12-31": "$456", "2007-09-30": "$649", "2007-06-30": "$315", "2007-03-31": "$121", "2006-12-31": "$321", "2006-09-30": "$312", "2006-06-30": "$149", "2006-03-31": "$135", "2005-12-31": "$142", "2005-09-30": "$247", "2005-06-30": "$252", "2005-03-31": "$252"}}, "net-income": {"Bunge Annual Net Income (Millions of US $)": {"2019": "$-1,322", "2018": "$233", "2017": "$126", "2016": "$709", "2015": "$738", "2014": "$467", "2013": "$230", "2012": "$28", "2011": "$908", "2010": "$2,287", "2009": "$283", "2008": "$986", "2007": "$738", "2006": "$517", "2005": "$530"}, "Bunge Quarterly Net Income (Millions of US $)": {"2020-09-30": "$266", "2020-06-30": "$512", "2020-03-31": "$-207", "2019-12-31": "$-68", "2019-09-30": "$-1,496", "2019-06-30": "$205", "2019-03-31": "$37", "2018-12-31": "$-74", "2018-09-30": "$357", "2018-06-30": "$-21", "2018-03-31": "$-29", "2017-12-31": "$-69", "2017-09-30": "$84", "2017-06-30": "$72", "2017-03-31": "$39", "2016-12-31": "$262", "2016-09-30": "$116", "2016-06-30": "$109", "2016-03-31": "$222", "2015-12-31": "$188", "2015-09-30": "$229", "2015-06-30": "$72", "2015-03-31": "$249", "2014-12-31": "$-62", "2014-09-30": "$284", "2014-06-30": "$272", "2014-03-31": "$-27", "2013-12-31": "$115", "2013-09-30": "$-165", "2013-06-30": "$110", "2013-03-31": "$170", "2012-12-31": "$-610", "2012-09-30": "$289", "2012-06-30": "$265", "2012-03-31": "$84", "2011-12-31": "$245", "2011-09-30": "$132", "2011-06-30": "$307", "2011-03-31": "$224", "2010-12-31": "$292", "2010-09-30": "$193", "2010-06-30": "$1,758", "2010-03-31": "$44", "2009-12-31": "$-28", "2009-09-30": "$232", "2009-06-30": "$293", "2009-03-31": "$-214", "2008-12-31": "$-230", "2008-09-30": "$215", "2008-06-30": "$731", "2008-03-31": "$270", "2007-12-31": "$230", "2007-09-30": "$343", "2007-06-30": "$159", "2007-03-31": "$6", "2006-12-31": "$260", "2006-09-30": "$169", "2006-06-30": "$30", "2006-03-31": "$58", "2005-12-31": "$149", "2005-09-30": "$170", "2005-06-30": "$113", "2005-03-31": "$98"}}, "eps-earnings-per-share-diluted": {"Bunge Annual EPS": {"2019": "$-9.34", "2018": "$1.64", "2017": "$0.89", "2016": "$5.01", "2015": "$5.07", "2014": "$3.17", "2013": "$1.55", "2012": "$0.19", "2011": "$6.07", "2010": "$15.06", "2009": "$2.22", "2008": "$7.73", "2007": "$5.95", "2006": "$4.28", "2005": "$4.43"}, "Bunge Quarterly EPS": {"2020-09-30": "$1.84", "2020-06-30": "$3.47", "2020-03-31": "$-1.46", "2019-12-31": "$-0.46", "2019-09-30": "$-10.57", "2019-06-30": "$1.43", "2019-03-31": "$0.26", "2018-12-31": "$-0.44", "2018-09-30": "$2.44", "2018-06-30": "$-0.15", "2018-03-31": "$-0.21", "2017-12-31": "$-0.48", "2017-09-30": "$0.59", "2017-06-30": "$0.51", "2017-03-31": "$0.27", "2016-12-31": "$1.86", "2016-09-30": "$0.83", "2016-06-30": "$0.78", "2016-03-31": "$1.54", "2015-12-31": "$1.34", "2015-09-30": "$1.56", "2015-06-30": "$0.50", "2015-03-31": "$1.67", "2014-12-31": "$-0.36", "2014-09-30": "$1.90", "2014-06-30": "$1.81", "2014-03-31": "$-0.18", "2013-12-31": "$0.78", "2013-09-30": "$-1.13", "2013-06-30": "$0.75", "2013-03-31": "$1.15", "2012-12-31": "$-4.08", "2012-09-30": "$1.92", "2012-06-30": "$1.78", "2012-03-31": "$0.57", "2011-12-31": "$1.67", "2011-09-30": "$0.89", "2011-06-30": "$2.02", "2011-03-31": "$1.49", "2010-12-31": "$2.24", "2010-09-30": "$1.36", "2010-06-30": "$11.15", "2010-03-31": "$0.31", "2009-12-31": "$0.08", "2009-09-30": "$1.62", "2009-06-30": "$2.28", "2009-03-31": "$-1.76", "2008-12-31": "$-1.52", "2008-09-30": "$1.70", "2008-06-30": "$5.45", "2008-03-31": "$2.10", "2007-12-31": "$1.90", "2007-09-30": "$2.70", "2007-06-30": "$1.30", "2007-03-31": "$0.05", "2006-12-31": "$2.15", "2006-09-30": "$1.40", "2006-06-30": "$0.25", "2006-03-31": "$0.48", "2005-12-31": "$1.26", "2005-09-30": "$1.41", "2005-06-30": "$0.94", "2005-03-31": "$0.82"}}, "shares-outstanding": {"Bunge Annual Shares Outstanding (Millions of Shares)": {"2019": "141", "2018": "142", "2017": "141", "2016": "148", "2015": "152", "2014": "147", "2013": "148", "2012": "147", "2011": "155", "2010": "156", "2009": "128", "2008": "138", "2007": "131", "2006": "121", "2005": "121"}, "Bunge Quarterly Shares Outstanding (Millions of Shares)": {"2020-09-30": "149", "2020-06-30": "150", "2020-03-31": "142", "2019-12-31": "141", "2019-09-30": "142", "2019-06-30": "150", "2019-03-31": "142", "2018-12-31": "142", "2018-09-30": "150", "2018-06-30": "141", "2018-03-31": "141", "2017-12-31": "141", "2017-09-30": "142", "2017-06-30": "141", "2017-03-31": "141", "2016-12-31": "148", "2016-09-30": "140", "2016-06-30": "140", "2016-03-31": "149", "2015-12-31": "152", "2015-09-30": "152", "2015-06-30": "145", "2015-03-31": "154", "2014-12-31": "147", "2014-09-30": "154", "2014-06-30": "155", "2014-03-31": "147", "2013-12-31": "148", "2013-09-30": "147", "2013-06-30": "148", "2013-03-31": "148", "2012-12-31": "147", "2012-09-30": "155", "2012-06-30": "154", "2012-03-31": "147", "2011-12-31": "155", "2011-09-30": "148", "2011-06-30": "156", "2011-03-31": "156", "2010-12-31": "156", "2010-09-30": "148", "2010-06-30": "159", "2010-03-31": "141", "2009-12-31": "128", "2009-09-30": "144", "2009-06-30": "138", "2009-03-31": "122", "2008-12-31": "138", "2008-09-30": "138", "2008-06-30": "138", "2008-03-31": "138", "2007-12-31": "131", "2007-09-30": "130", "2007-06-30": "129", "2007-03-31": "122", "2006-12-31": "121", "2006-09-30": "121", "2006-06-30": "121", "2006-03-31": "121", "2005-12-31": "121", "2005-09-30": "121", "2005-06-30": "121", "2005-03-31": "121"}}, "total-assets": {"Bunge Annual Total Assets (Millions of US $)": {"2019": "$18,317", "2018": "$19,425", "2017": "$18,871", "2016": "$19,188", "2015": "$17,914", "2014": "$21,432", "2013": "$26,781", "2012": "$27,280", "2011": "$25,221", "2010": "$26,001", "2009": "$21,286", "2008": "$20,230", "2007": "$21,991", "2006": "$14,347", "2005": "$11,446"}, "Bunge Quarterly Total Assets (Millions of US $)": {"2020-09-30": "$20,761", "2020-06-30": "$18,559", "2020-03-31": "$18,596", "2019-12-31": "$18,317", "2019-09-30": "$18,634", "2019-06-30": "$20,424", "2019-03-31": "$20,535", "2018-12-31": "$19,425", "2018-09-30": "$21,446", "2018-06-30": "$22,124", "2018-03-31": "$23,084", "2017-12-31": "$18,871", "2017-09-30": "$20,552", "2017-06-30": "$20,433", "2017-03-31": "$20,620", "2016-12-31": "$19,188", "2016-09-30": "$20,045", "2016-06-30": "$22,095", "2016-03-31": "$18,939", "2015-12-31": "$17,914", "2015-09-30": "$18,439", "2015-06-30": "$19,429", "2015-03-31": "$18,481", "2014-12-31": "$21,432", "2014-09-30": "$24,145", "2014-06-30": "$26,011", "2014-03-31": "$27,434", "2013-12-31": "$26,781", "2013-09-30": "$28,500", "2013-06-30": "$30,343", "2013-03-31": "$29,899", "2012-12-31": "$27,280", "2012-09-30": "$28,635", "2012-06-30": "$26,713", "2012-03-31": "$25,796", "2011-12-31": "$25,221", "2011-09-30": "$24,901", "2011-06-30": "$26,508", "2011-03-31": "$26,473", "2010-12-31": "$26,001", "2010-09-30": "$23,101", "2010-06-30": "$22,094", "2010-03-31": "$22,550", "2009-12-31": "$21,286", "2009-09-30": "$21,860", "2009-06-30": "$21,808", "2009-03-31": "$18,189", "2008-12-31": "$20,230", "2008-09-30": "$24,640", "2008-06-30": "$27,662", "2008-03-31": "$23,647", "2007-12-31": "$21,991", "2007-09-30": "$20,826", "2007-06-30": "$18,029", "2007-03-31": "$15,386", "2006-12-31": "$14,347", "2006-09-30": "$13,221", "2006-06-30": "$12,424", "2006-03-31": "$11,579", "2005-12-31": "$11,446", "2005-09-30": "$12,203", "2005-06-30": "$12,023", "2005-03-31": "$11,050"}}, "cash-on-hand": {"Bunge Annual Cash on Hand (Millions of US $)": {"2019": "$320", "2018": "$389", "2017": "$601", "2016": "$934", "2015": "$411", "2014": "$362", "2013": "$742", "2012": "$569", "2011": "$835", "2010": "$578", "2009": "$553", "2008": "$1,004", "2007": "$981", "2006": "$365", "2005": "$354"}, "Bunge Quarterly Cash on Hand (Millions of US $)": {"2020-09-30": "$291", "2020-06-30": "$277", "2020-03-31": "$193", "2019-12-31": "$320", "2019-09-30": "$291", "2019-06-30": "$238", "2019-03-31": "$464", "2018-12-31": "$389", "2018-09-30": "$267", "2018-06-30": "$221", "2018-03-31": "$287", "2017-12-31": "$601", "2017-09-30": "$389", "2017-06-30": "$575", "2017-03-31": "$676", "2016-12-31": "$934", "2016-09-30": "$297", "2016-06-30": "$548", "2016-03-31": "$523", "2015-12-31": "$411", "2015-09-30": "$303", "2015-06-30": "$426", "2015-03-31": "$380", "2014-12-31": "$362", "2014-09-30": "$357", "2014-06-30": "$523", "2014-03-31": "$632", "2013-12-31": "$742", "2013-09-30": "$1,482", "2013-06-30": "$726", "2013-03-31": "$801", "2012-12-31": "$569", "2012-09-30": "$690", "2012-06-30": "$467", "2012-03-31": "$1,250", "2011-12-31": "$835", "2011-09-30": "$1,055", "2011-06-30": "$470", "2011-03-31": "$812", "2010-12-31": "$578", "2010-09-30": "$350", "2010-06-30": "$2,771", "2010-03-31": "$473", "2009-12-31": "$553", "2009-09-30": "$1,101", "2009-06-30": "$489", "2009-03-31": "$498", "2008-12-31": "$1,004", "2008-09-30": "$1,494", "2008-06-30": "$1,100", "2008-03-31": "$723", "2007-12-31": "$981", "2007-09-30": "$845", "2007-06-30": "$466", "2007-03-31": "$485", "2006-12-31": "$365", "2006-09-30": "$287", "2006-06-30": "$279", "2006-03-31": "$280", "2005-12-31": "$354", "2005-09-30": "$326", "2005-06-30": "$414", "2005-03-31": "$339"}}, "long-term-debt": {"Bunge Annual Long Term Debt (Millions of US $)": {"2019": "$3,716", "2018": "$4,203", "2017": "$4,160", "2016": "$3,069", "2015": "$2,926", "2014": "$2,855", "2013": "$3,179", "2012": "$3,532", "2011": "$3,348", "2010": "$2,551", "2009": "$3,618", "2008": "$3,032", "2007": "$3,435", "2006": "$2,874", "2005": "$2,557"}, "Bunge Quarterly Long Term Debt (Millions of US $)": {"2020-09-30": "$4,419", "2020-06-30": "$3,980", "2020-03-31": "$3,753", "2019-12-31": "$3,716", "2019-09-30": "$4,581", "2019-06-30": "$4,039", "2019-03-31": "$3,821", "2018-12-31": "$4,203", "2018-09-30": "$4,912", "2018-06-30": "$4,992", "2018-03-31": "$5,446", "2017-12-31": "$4,160", "2017-09-30": "$4,246", "2017-06-30": "$3,918", "2017-03-31": "$3,266", "2016-12-31": "$3,069", "2016-09-30": "$3,447", "2016-06-30": "$3,388", "2016-03-31": "$3,845", "2015-12-31": "$2,926", "2015-09-30": "$2,583", "2015-06-30": "$2,496", "2015-03-31": "$2,337", "2014-12-31": "$2,855", "2014-09-30": "$2,720", "2014-06-30": "$4,231", "2014-03-31": "$3,875", "2013-12-31": "$3,179", "2013-09-30": "$3,169", "2013-06-30": "$3,513", "2013-03-31": "$3,897", "2012-12-31": "$3,532", "2012-09-30": "$4,142", "2012-06-30": "$4,247", "2012-03-31": "$4,471", "2011-12-31": "$3,348", "2011-09-30": "$3,468", "2011-06-30": "$3,504", "2011-03-31": "$3,041", "2010-12-31": "$2,551", "2010-09-30": "$2,378", "2010-06-30": "$2,828", "2010-03-31": "$3,544", "2009-12-31": "$3,618", "2009-09-30": "$3,625", "2009-06-30": "$3,921", "2009-03-31": "$2,998", "2008-12-31": "$3,032", "2008-09-30": "$2,961", "2008-06-30": "$3,727", "2008-03-31": "$3,322", "2007-12-31": "$3,435", "2007-09-30": "$3,480", "2007-06-30": "$3,670", "2007-03-31": "$3,373", "2006-12-31": "$2,874", "2006-09-30": "$3,114", "2006-06-30": "$2,872", "2006-03-31": "$2,485", "2005-12-31": "$2,557", "2005-09-30": "$2,875", "2005-06-30": "$3,137", "2005-03-31": "$2,728"}}, "total-liabilities": {"Bunge Annual Total Liabilities (Millions of US $)": {"2019": "$12,287", "2018": "$13,047", "2017": "$11,514", "2016": "$11,845", "2015": "$11,262", "2014": "$12,742", "2013": "$16,693", "2012": "$16,025", "2011": "$13,146", "2010": "$13,447", "2009": "$10,921", "2008": "$12,102", "2007": "$14,046", "2006": "$8,679", "2005": "$7,220"}, "Bunge Quarterly Total Liabilities (Millions of US $)": {"2020-09-30": "$15,310", "2020-06-30": "$13,350", "2020-03-31": "$13,624", "2019-12-31": "$12,287", "2019-09-30": "$13,985", "2019-06-30": "$13,899", "2019-03-31": "$13,810", "2018-12-31": "$13,047", "2018-09-30": "$14,959", "2018-06-30": "$15,340", "2018-03-31": "$15,807", "2017-12-31": "$11,514", "2017-09-30": "$12,802", "2017-06-30": "$12,998", "2017-03-31": "$12,987", "2016-12-31": "$11,845", "2016-09-30": "$12,768", "2016-06-30": "$14,795", "2016-03-31": "$11,976", "2015-12-31": "$11,262", "2015-09-30": "$11,778", "2015-06-30": "$11,799", "2015-03-31": "$11,052", "2014-12-31": "$12,742", "2014-09-30": "$14,583", "2014-06-30": "$15,620", "2014-03-31": "$17,373", "2013-12-31": "$16,693", "2013-09-30": "$18,202", "2013-06-30": "$19,636", "2013-03-31": "$18,445", "2012-12-31": "$16,025", "2012-09-30": "$16,626", "2012-06-30": "$14,841", "2012-03-31": "$13,026", "2011-12-31": "$13,146", "2011-09-30": "$12,872", "2011-06-30": "$12,757", "2011-03-31": "$13,368", "2010-12-31": "$13,447", "2010-09-30": "$10,966", "2010-06-30": "$10,407", "2010-03-31": "$11,677", "2009-12-31": "$10,921", "2009-09-30": "$11,467", "2009-06-30": "$12,898", "2009-03-31": "$10,413", "2008-12-31": "$12,102", "2008-09-30": "$15,930", "2008-06-30": "$18,187", "2008-03-31": "$15,364", "2007-12-31": "$14,046", "2007-09-30": "$14,120", "2007-06-30": "$11,881", "2007-03-31": "$9,611", "2006-12-31": "$8,679", "2006-09-30": "$8,507", "2006-06-30": "$7,884", "2006-03-31": "$7,077", "2005-12-31": "$7,220", "2005-09-30": "$8,185", "2005-06-30": "$8,305", "2005-03-31": "$7,631"}}, "total-share-holder-equity": {"Bunge Annual Share Holder Equity (Millions of US $)": {"2019": "$6,030", "2018": "$6,378", "2017": "$7,357", "2016": "$7,343", "2015": "$6,652", "2014": "$8,690", "2013": "$10,088", "2012": "$11,255", "2011": "$12,075", "2010": "$12,554", "2009": "$10,365", "2008": "$8,128", "2007": "$7,945", "2006": "$5,668", "2005": "$4,226"}, "Bunge Quarterly Share Holder Equity (Millions of US $)": {"2020-09-30": "$5,451", "2020-06-30": "$5,209", "2020-03-31": "$4,972", "2019-12-31": "$6,030", "2019-09-30": "$4,649", "2019-06-30": "$6,525", "2019-03-31": "$6,725", "2018-12-31": "$6,378", "2018-09-30": "$6,487", "2018-06-30": "$6,784", "2018-03-31": "$7,277", "2017-12-31": "$7,357", "2017-09-30": "$7,750", "2017-06-30": "$7,435", "2017-03-31": "$7,633", "2016-12-31": "$7,343", "2016-09-30": "$7,277", "2016-06-30": "$7,300", "2016-03-31": "$6,963", "2015-12-31": "$6,652", "2015-09-30": "$6,661", "2015-06-30": "$7,630", "2015-03-31": "$7,429", "2014-12-31": "$8,690", "2014-09-30": "$9,562", "2014-06-30": "$10,391", "2014-03-31": "$10,061", "2013-12-31": "$10,088", "2013-09-30": "$10,298", "2013-06-30": "$10,707", "2013-03-31": "$11,454", "2012-12-31": "$11,255", "2012-09-30": "$12,009", "2012-06-30": "$11,872", "2012-03-31": "$12,770", "2011-12-31": "$12,075", "2011-09-30": "$12,029", "2011-06-30": "$13,751", "2011-03-31": "$13,105", "2010-12-31": "$12,554", "2010-09-30": "$12,135", "2010-06-30": "$11,687", "2010-03-31": "$10,873", "2009-12-31": "$10,365", "2009-09-30": "$10,393", "2009-06-30": "$8,910", "2009-03-31": "$7,776", "2008-12-31": "$8,128", "2008-09-30": "$8,710", "2008-06-30": "$9,475", "2008-03-31": "$8,283", "2007-12-31": "$7,945", "2007-09-30": "$6,706", "2007-06-30": "$6,148", "2007-03-31": "$5,775", "2006-12-31": "$5,668", "2006-09-30": "$4,714", "2006-06-30": "$4,540", "2006-03-31": "$4,502", "2005-12-31": "$4,226", "2005-09-30": "$4,018", "2005-06-30": "$3,718", "2005-03-31": "$3,419"}}, "profit-margins": {"current": "1.34%"}, "gross margin": {"2020-09-30": "6.20%", "2020-06-30": "2.19%", "2020-03-31": "0.69%", "2019-12-31": "1.32%", "2019-09-30": "0.94%", "2019-06-30": "5.32%", "2019-03-31": "5.15%", "2018-12-31": "4.95%", "2018-09-30": "5.03%", "2018-06-30": "4.09%", "2018-03-31": "3.73%", "2017-12-31": "3.85%", "2017-09-30": "4.37%", "2017-06-30": "4.51%", "2017-03-31": "5.01%", "2016-12-31": "5.65%", "2016-09-30": "5.74%", "2016-06-30": "6.29%", "2016-03-31": "6.26%", "2015-12-31": "6.20%", "2015-09-30": "5.89%", "2015-06-30": "5.48%", "2015-03-31": "5.35%", "2014-12-31": "4.59%", "2014-09-30": "4.54%", "2014-06-30": "4.41%", "2014-03-31": "4.21%", "2013-12-31": "4.50%", "2013-09-30": "4.03%", "2013-06-30": "4.16%", "2013-03-31": "4.27%", "2012-12-31": "4.22%", "2012-09-30": "4.60%", "2012-06-30": "4.44%", "2012-03-31": "4.44%", "2011-12-31": "4.68%", "2011-09-30": "4.92%", "2011-06-30": "5.33%", "2011-03-31": "5.26%", "2010-12-31": "5.26%", "2010-09-30": "4.60%", "2010-06-30": "3.78%", "2010-03-31": "3.75%", "2009-12-31": "2.87%", "2009-09-30": "3.30%", "2009-06-30": "4.93%", "2009-03-31": "6.70%", "2008-12-31": "7.68%", "2008-09-30": "7.95%", "2008-06-30": "8.16%", "2008-03-31": "7.17%", "2007-12-31": "6.65%", "2007-09-30": "6.82%", "2007-06-30": "6.05%", "2007-03-31": "5.67%", "2006-12-31": "5.98%", "2006-09-30": "5.55%", "2006-06-30": "5.39%", "2006-03-31": "5.99%", "2005-12-31": "6.44%"}, "operating margin": {"2020-09-30": "2.72%", "2020-06-30": "-1.21%", "2020-03-31": "-2.63%", "2019-12-31": "-1.97%", "2019-09-30": "-2.26%", "2019-06-30": "2.20%", "2019-03-31": "2.08%", "2018-12-31": "1.84%", "2018-09-30": "1.87%", "2018-06-30": "0.92%", "2018-03-31": "0.63%", "2017-12-31": "0.72%", "2017-09-30": "1.22%", "2017-06-30": "1.40%", "2017-03-31": "1.88%", "2016-12-31": "2.50%", "2016-09-30": "2.58%", "2016-06-30": "3.00%", "2016-03-31": "2.85%", "2015-12-31": "2.89%", "2015-09-30": "2.42%", "2015-06-30": "2.13%", "2015-03-31": "2.31%", "2014-12-31": "1.63%", "2014-09-30": "1.87%", "2014-06-30": "1.82%", "2014-03-31": "1.58%", "2013-12-31": "1.96%", "2013-09-30": "1.60%", "2013-06-30": "1.77%", "2013-03-31": "1.85%", "2012-12-31": "1.66%", "2012-09-30": "2.04%", "2012-06-30": "1.84%", "2012-03-31": "1.83%", "2011-12-31": "2.12%", "2011-09-30": "2.19%", "2011-06-30": "2.45%", "2011-03-31": "2.09%", "2010-12-31": "1.95%", "2010-09-30": "1.12%", "2010-06-30": "0.29%", "2010-03-31": "0.51%", "2009-12-31": "-0.33%", "2009-09-30": "0.18%", "2009-06-30": "1.98%", "2009-03-31": "3.65%", "2008-12-31": "4.61%", "2008-09-30": "4.85%", "2008-06-30": "4.80%", "2008-03-31": "3.69%", "2007-12-31": "3.05%", "2007-09-30": "3.18%", "2007-06-30": "2.40%", "2007-03-31": "2.04%", "2006-12-31": "2.26%", "2006-09-30": "1.66%", "2006-06-30": "1.50%", "2006-03-31": "1.97%", "2005-12-31": "2.52%"}, "ebitda margin": {"2020-09-30": "3.84%", "2020-06-30": "-0.02%", "2020-03-31": "-1.34%", "2019-12-31": "-0.63%", "2019-09-30": "-0.85%", "2019-06-30": "3.63%", "2019-03-31": "3.45%", "2018-12-31": "3.20%", "2018-09-30": "3.23%", "2018-06-30": "2.30%", "2018-03-31": "2.00%", "2017-12-31": "2.05%", "2017-09-30": "2.51%", "2017-06-30": "2.65%", "2017-03-31": "3.13%", "2016-12-31": "3.78%", "2016-09-30": "3.88%", "2016-06-30": "4.28%", "2016-03-31": "4.15%", "2015-12-31": "4.15%", "2015-09-30": "3.66%", "2015-06-30": "3.34%", "2015-03-31": "3.42%", "2014-12-31": "2.69%", "2014-09-30": "2.85%", "2014-06-30": "2.77%", "2014-03-31": "2.54%", "2013-12-31": "2.88%", "2013-09-30": "2.53%", "2013-06-30": "2.67%", "2013-03-31": "2.76%", "2012-12-31": "2.59%", "2012-09-30": "2.98%", "2012-06-30": "2.79%", "2012-03-31": "2.78%", "2011-12-31": "3.06%", "2011-09-30": "3.16%", "2011-06-30": "3.41%", "2011-03-31": "3.06%", "2010-12-31": "2.96%", "2010-09-30": "2.16%", "2010-06-30": "1.36%", "2010-03-31": "1.55%", "2009-12-31": "0.73%", "2009-09-30": "1.16%", "2009-06-30": "2.88%", "2009-03-31": "4.51%", "2008-12-31": "5.44%", "2008-09-30": "5.70%", "2008-06-30": "5.69%", "2008-03-31": "4.64%", "2007-12-31": "4.07%", "2007-09-30": "4.25%", "2007-06-30": "3.53%", "2007-03-31": "3.23%", "2006-12-31": "3.49%", "2006-09-30": "2.91%", "2006-06-30": "2.73%", "2006-03-31": "3.16%", "2005-12-31": "3.66%"}, "pre tax profit margin": {"2020-09-30": "1.75%", "2020-06-30": "-2.83%", "2020-03-31": "-3.82%", "2019-12-31": "-2.93%", "2019-09-30": "-2.70%", "2019-06-30": "1.93%", "2019-03-31": "1.20%", "2018-12-31": "1.00%", "2018-09-30": "0.96%", "2018-06-30": "0.24%", "2018-03-31": "0.33%", "2017-12-31": "0.50%", "2017-09-30": "1.34%", "2017-06-30": "1.45%", "2017-03-31": "1.79%", "2016-12-31": "2.33%", "2016-09-30": "2.00%", "2016-06-30": "2.47%", "2016-03-31": "2.39%", "2015-12-31": "2.42%", "2015-09-30": "1.93%", "2015-06-30": "1.68%", "2015-03-31": "1.92%", "2014-12-31": "1.28%", "2014-09-30": "1.67%", "2014-06-30": "1.65%", "2014-03-31": "1.33%", "2013-12-31": "1.65%", "2013-09-30": "0.29%", "2013-06-30": "0.41%", "2013-03-31": "0.70%", "2012-12-31": "0.61%", "2012-09-30": "2.00%", "2012-06-30": "1.60%", "2012-03-31": "1.59%", "2011-12-31": "1.82%", "2011-09-30": "2.04%", "2011-06-30": "2.53%", "2011-03-31": "7.07%", "2010-12-31": "6.94%", "2010-09-30": "5.92%", "2010-06-30": "5.51%", "2010-03-31": "1.04%", "2009-12-31": "0.35%", "2009-09-30": "-0.29%", "2009-06-30": "0.20%", "2009-03-31": "1.83%", "2008-12-31": "2.92%", "2008-09-30": "4.23%", "2008-06-30": "5.14%", "2008-03-31": "3.71%", "2007-12-31": "3.17%", "2007-09-30": "3.27%", "2007-06-30": "2.43%", "2007-03-31": "1.72%", "2006-12-31": "1.99%", "2006-09-30": "1.14%", "2006-06-30": "1.01%", "2006-03-31": "1.67%", "2005-12-31": "2.00%"}, "net profit margin": {"2020-09-30": "1.27%", "2020-06-30": "-3.17%", "2020-03-31": "-3.88%", "2019-12-31": "-3.21%", "2019-09-30": "-3.17%", "2019-06-30": "1.22%", "2019-03-31": "0.66%", "2018-12-31": "0.51%", "2018-09-30": "0.52%", "2018-06-30": "-0.08%", "2018-03-31": "0.13%", "2017-12-31": "0.28%", "2017-09-30": "0.99%", "2017-06-30": "1.06%", "2017-03-31": "1.17%", "2016-12-31": "1.66%", "2016-09-30": "1.51%", "2016-06-30": "1.81%", "2016-03-31": "1.71%", "2015-12-31": "1.70%", "2015-09-30": "1.07%", "2015-06-30": "1.12%", "2015-03-31": "1.36%", "2014-12-31": "0.82%", "2014-09-30": "1.07%", "2014-06-30": "0.32%", "2014-03-31": "0.05%", "2013-12-31": "0.37%", "2013-09-30": "-0.80%", "2013-06-30": "-0.06%", "2013-03-31": "0.18%", "2012-12-31": "0.05%", "2012-09-30": "1.53%", "2012-06-30": "1.28%", "2012-03-31": "1.35%", "2011-12-31": "1.62%", "2011-09-30": "1.79%", "2011-06-30": "2.06%", "2011-03-31": "5.39%", "2010-12-31": "5.20%", "2010-09-30": "4.53%", "2010-06-30": "4.66%", "2010-03-31": "1.26%", "2009-12-31": "0.67%", "2009-09-30": "0.19%", "2009-06-30": "0.14%", "2009-03-31": "1.02%", "2008-12-31": "1.88%", "2008-09-30": "2.67%", "2008-06-30": "3.21%", "2008-03-31": "2.33%", "2007-12-31": "1.95%", "2007-09-30": "2.32%", "2007-06-30": "1.96%", "2007-03-31": "1.66%", "2006-12-31": "1.97%", "2006-09-30": "1.60%", "2006-06-30": "1.65%", "2006-03-31": "2.00%", "2005-12-31": "2.17%"}, "pe ratio": {"current": "11.64", "2021-02-05": "21.69", "2020-09-30": "13.45", "2020-06-30": "0.00", "2020-03-31": "0.00", "2019-12-31": "0.00", "2019-09-30": "0.00", "2019-06-30": "14.53", "2019-03-31": "24.37", "2018-12-31": "31.64", "2018-09-30": "39.32", "2018-06-30": "0.00", "2018-03-31": "162.78", "2017-12-31": "67.63", "2017-09-30": "19.40", "2017-06-30": "19.26", "2017-03-31": "18.86", "2016-12-31": "12.72", "2016-09-30": "11.57", "2016-06-30": "9.86", "2016-03-31": "9.93", "2015-12-31": "11.57", "2015-09-30": "14.48", "2015-06-30": "15.99", "2015-03-31": "11.65", "2014-12-31": "18.59", "2014-09-30": "16.29", "2014-06-30": "42.70", "2014-03-31": "160.32", "2013-12-31": "38.86", "2013-09-30": "0.00", "2013-06-30": "0.00", "2013-03-31": "88.40", "2012-12-31": "589.68", "2012-09-30": "9.15", "2012-06-30": "10.33", "2012-03-31": "10.69", "2011-12-31": "7.55", "2011-09-30": "7.30", "2011-06-30": "8.01", "2011-03-31": "3.58", "2010-12-31": "3.49", "2010-09-30": "3.68", "2010-06-30": "2.98", "2010-03-31": "11.98", "2009-12-31": "25.62", "2009-09-30": "193.33", "2009-06-30": "140.47", "2009-03-31": "12.41", "2008-12-31": "5.37", "2008-09-30": "4.34", "2008-06-30": "6.77", "2008-03-31": "8.38", "2007-12-31": "15.18", "2007-09-30": "13.30", "2007-06-30": "13.27", "2007-03-31": "16.19", "2006-12-31": "12.80"}, "price sales": {"2021-02-05": "0.27", "2020-09-30": "0.17", "2020-06-30": "0.15", "2020-03-31": "0.14", "2019-12-31": "0.19", "2019-09-30": "0.18", "2019-06-30": "0.18", "2019-03-31": "0.16", "2018-12-31": "0.15", "2018-09-30": "0.20", "2018-06-30": "0.20", "2018-03-31": "0.21", "2017-12-31": "0.19", "2017-09-30": "0.19", "2017-06-30": "0.20", "2017-03-31": "0.22", "2016-12-31": "0.21", "2016-09-30": "0.18", "2016-06-30": "0.18", "2016-03-31": "0.17", "2015-12-31": "0.20", "2015-09-30": "0.20", "2015-06-30": "0.23", "2015-03-31": "0.19", "2014-12-31": "0.20", "2014-09-30": "0.18", "2014-06-30": "0.15", "2014-03-31": "0.16", "2013-12-31": "0.16", "2013-09-30": "0.15", "2013-06-30": "0.14", "2013-03-31": "0.14", "2012-12-31": "0.15", "2012-09-30": "0.14", "2012-06-30": "0.13", "2012-03-31": "0.15", "2011-12-31": "0.12", "2011-09-30": "0.13", "2011-06-30": "0.17", "2011-03-31": "0.19", "2010-12-31": "0.18", "2010-09-30": "0.15", "2010-06-30": "0.13", "2010-03-31": "0.15", "2009-12-31": "0.16", "2009-09-30": "0.15", "2009-06-30": "0.14", "2009-03-31": "0.12", "2008-12-31": "0.10", "2008-09-30": "0.12", "2008-06-30": "0.22", "2008-03-31": "0.20", "2007-12-31": "0.30", "2007-09-30": "0.31", "2007-06-30": "0.26", "2007-03-31": "0.27", "2006-12-31": "0.25"}, "price book": {"current": "2.14", "2021-02-05": "1.87", "2020-09-30": "1.16", "2020-06-30": "1.08", "2020-03-31": "1.13", "2019-12-31": "1.30", "2019-09-30": "1.64", "2019-06-30": "1.14", "2019-03-31": "1.04", "2018-12-31": "1.09", "2018-09-30": "1.37", "2018-06-30": "1.32", "2018-03-31": "1.29", "2017-12-31": "1.15", "2017-09-30": "1.12", "2017-06-30": "1.25", "2017-03-31": "1.28", "2016-12-31": "1.20", "2016-09-30": "0.99", "2016-06-30": "0.98", "2016-03-31": "0.98", "2015-12-31": "1.25", "2015-09-30": "1.33", "2015-06-30": "1.40", "2015-03-31": "1.34", "2014-12-31": "1.28", "2014-09-30": "1.06", "2014-06-30": "0.88", "2014-03-31": "0.96", "2013-12-31": "0.99", "2013-09-30": "0.89", "2013-06-30": "0.80", "2013-03-31": "0.77", "2012-12-31": "0.77", "2012-09-30": "0.66", "2012-06-30": "0.62", "2012-03-31": "0.63", "2011-12-31": "0.55", "2011-09-30": "0.56", "2011-06-30": "0.59", "2011-03-31": "0.64", "2010-12-31": "0.60", "2010-09-30": "0.53", "2010-06-30": "0.47", "2010-03-31": "0.64", "2009-12-31": "0.64", "2009-09-30": "0.62", "2009-06-30": "0.63", "2009-03-31": "0.68", "2008-12-31": "0.59", "2008-09-30": "0.67", "2008-06-30": "1.05", "2008-03-31": "0.97", "2007-12-31": "1.34", "2007-09-30": "1.46", "2007-06-30": "1.25", "2007-03-31": "1.29", "2006-12-31": "1.15", "2006-09-30": "1.10", "2006-06-30": "0.99", "2006-03-31": "1.10"}, "price fcf": {"2021-02-05": "", "2020-09-30": "$-13.34", "2020-06-30": "$-11.28", "2020-03-31": "$-9.21", "2019-12-31": "$-9.41", "2019-09-30": "$-0.31", "2019-06-30": "$5.36", "2019-03-31": "$-2.74", "2018-12-31": "$-12.40", "2018-09-30": "$-24.91", "2018-06-30": "$-33.73", "2018-03-31": "$-26.44", "2017-12-31": "$-18.67", "2017-09-30": "$-20.94", "2017-06-30": "$-6.91", "2017-03-31": "$-7.45", "2016-12-31": "$-2.10", "2016-09-30": "$-0.78", "2016-06-30": "$-3.42", "2016-03-31": "$-1.63", "2015-12-31": "$-0.17", "2015-09-30": "$1.72", "2015-06-30": "$7.71", "2015-03-31": "$13.48", "2014-12-31": "$3.95", "2014-09-30": "$11.06", "2014-06-30": "$7.65", "2014-03-31": "$0.90", "2013-12-31": "$8.37", "2013-09-30": "$13.73", "2013-06-30": "$3.53", "2013-03-31": "$-7.59", "2012-12-31": "$-10.36", "2012-09-30": "$-16.84", "2012-06-30": "$-8.82", "2012-03-31": "$3.53", "2011-12-31": "$10.50", "2011-09-30": "$-3.95", "2011-06-30": "$-19.15", "2011-03-31": "$2.05", "2010-12-31": "$2.03", "2010-09-30": "$8.34", "2010-06-30": "$25.40", "2010-03-31": "$-2.54", "2009-12-31": "$-9.79", "2009-09-30": "$-3.92", "2009-06-30": "$3.03", "2009-03-31": "$11.91", "2008-12-31": "$12.25", "2008-09-30": "$8.48", "2008-06-30": "$-6.25", "2008-03-31": "$-9.21", "2007-12-31": "$-7.76", "2007-09-30": "$-6.82", "2007-06-30": "$-8.88", "2007-03-31": "$-7.21", "2006-12-31": "$-6.15"}, "net worth": {"value": "$10.21B"}, "current ratio": {"current": "1.51", "2020-09-30": "1.51", "2020-06-30": "1.53", "2020-03-31": "1.38", "2019-12-31": "1.55", "2019-09-30": "1.47", "2019-06-30": "1.49", "2019-03-31": "1.40", "2018-12-31": "1.54", "2018-09-30": "1.58", "2018-06-30": "1.50", "2018-03-31": "1.56", "2017-12-31": "1.67", "2017-09-30": "1.61", "2017-06-30": "1.50", "2017-03-31": "1.39", "2016-12-31": "1.44", "2016-09-30": "1.44", "2016-06-30": "1.34", "2016-03-31": "1.61", "2015-12-31": "1.49", "2015-09-30": "1.41", "2015-06-30": "1.44", "2015-03-31": "1.45", "2014-12-31": "1.50", "2014-09-30": "1.43", "2014-06-30": "1.61", "2014-03-31": "1.46", "2013-12-31": "1.42", "2013-09-30": "1.38", "2013-06-30": "1.36", "2013-03-31": "1.46", "2012-12-31": "1.49", "2012-09-30": "1.56", "2012-06-30": "1.69", "2012-03-31": "1.95", "2011-12-31": "1.70", "2011-09-30": "1.76", "2011-06-30": "1.87", "2011-03-31": "1.70", "2010-12-31": "1.58", "2010-09-30": "1.74", "2010-06-30": "1.93", "2010-03-31": "1.64", "2009-12-31": "1.90", "2009-09-30": "1.87", "2009-06-30": "1.69", "2009-03-31": "1.72", "2008-12-31": "1.63", "2008-09-30": "1.56", "2008-06-30": "1.59", "2008-03-31": "1.55", "2007-12-31": "1.64", "2007-09-30": "1.54", "2007-06-30": "1.74", "2007-03-31": "1.89", "2006-12-31": "1.86", "2006-09-30": "1.82", "2006-06-30": "1.85", "2006-03-31": "1.83", "2005-12-31": "1.82", "2005-09-30": "1.76", "2005-06-30": "1.84", "2005-03-31": "1.76"}, "quick ratio": {"2020-09-30": "0.79", "2020-06-30": "0.73", "2020-03-31": "0.70", "2019-12-31": "0.79", "2019-09-30": "0.73", "2019-06-30": "0.70", "2019-03-31": "0.66", "2018-12-31": "0.73", "2018-09-30": "0.71", "2018-06-30": "0.71", "2018-03-31": "0.75", "2017-12-31": "0.86", "2017-09-30": "0.82", "2017-06-30": "0.81", "2017-03-31": "0.79", "2016-12-31": "0.82", "2016-09-30": "0.82", "2016-06-30": "0.77", "2016-03-31": "0.93", "2015-12-31": "0.88", "2015-09-30": "0.80", "2015-06-30": "0.78", "2015-03-31": "0.82", "2014-12-31": "0.87", "2014-09-30": "0.97", "2014-06-30": "1.01", "2014-03-31": "0.94", "2013-12-31": "0.96", "2013-09-30": "0.96", "2013-06-30": "0.94", "2013-03-31": "1.01", "2012-12-31": "0.92", "2012-09-30": "0.86", "2012-06-30": "0.87", "2012-03-31": "1.11", "2011-12-31": "1.05", "2011-09-30": "1.04", "2011-06-30": "1.04", "2011-03-31": "0.98", "2010-12-31": "0.92", "2010-09-30": "1.01", "2010-06-30": "1.25", "2010-03-31": "1.08", "2009-12-31": "1.12", "2009-09-30": "1.15", "2009-06-30": "0.84", "2009-03-31": "0.95", "2008-12-31": "0.93", "2008-09-30": "0.93", "2008-06-30": "0.87", "2008-03-31": "0.92", "2007-12-31": "0.97", "2007-09-30": "0.91", "2007-06-30": "1.00", "2007-03-31": "1.08", "2006-12-31": "1.04", "2006-09-30": "1.02", "2006-06-30": "1.00", "2006-03-31": "1.06", "2005-12-31": "1.05", "2005-09-30": "1.03", "2005-06-30": "0.96", "2005-03-31": "1.01"}, "debt equity ratio": {"current": "0.93", "2020-09-30": "2.81", "2020-06-30": "2.56", "2020-03-31": "2.74", "2019-12-31": "2.04", "2019-09-30": "3.01", "2019-06-30": "2.13", "2019-03-31": "2.05", "2018-12-31": "2.05", "2018-09-30": "2.31", "2018-06-30": "2.26", "2018-03-31": "2.17", "2017-12-31": "1.57", "2017-09-30": "1.65", "2017-06-30": "1.75", "2017-03-31": "1.70", "2016-12-31": "1.61", "2016-09-30": "1.76", "2016-06-30": "2.03", "2016-03-31": "1.72", "2015-12-31": "1.69", "2015-09-30": "1.77", "2015-06-30": "1.55", "2015-03-31": "1.49", "2014-12-31": "1.47", "2014-09-30": "1.53", "2014-06-30": "1.50", "2014-03-31": "1.73", "2013-12-31": "1.66", "2013-09-30": "1.77", "2013-06-30": "1.83", "2013-03-31": "1.61", "2012-12-31": "1.42", "2012-09-30": "1.38", "2012-06-30": "1.25", "2012-03-31": "1.02", "2011-12-31": "1.09", "2011-09-30": "1.07", "2011-06-30": "0.93", "2011-03-31": "1.02", "2010-12-31": "1.07", "2010-09-30": "0.90", "2010-06-30": "0.89", "2010-03-31": "1.07", "2009-12-31": "1.05", "2009-09-30": "1.10", "2009-06-30": "1.45", "2009-03-31": "1.34", "2008-12-31": "1.49", "2008-09-30": "1.83", "2008-06-30": "1.92", "2008-03-31": "1.86", "2007-12-31": "1.77", "2007-09-30": "2.11", "2007-06-30": "1.93", "2007-03-31": "1.66", "2006-12-31": "1.53", "2006-09-30": "1.81", "2006-06-30": "1.74", "2006-03-31": "1.57", "2005-12-31": "1.71", "2005-09-30": "2.04", "2005-06-30": "2.23", "2005-03-31": "2.23"}, "return on equity": {"2020-09-30": "9.29%", "2020-06-30": "-24.14%", "2020-03-31": "-28.25%", "2019-12-31": "-22.10%", "2019-09-30": "-21.88%", "2019-06-30": "8.04%", "2019-03-31": "4.53%", "2018-12-31": "3.46%", "2018-09-30": "3.41%", "2018-06-30": "-0.48%", "2018-03-31": "0.78%", "2017-12-31": "1.67%", "2017-09-30": "6.06%", "2017-06-30": "6.59%", "2017-03-31": "7.12%", "2016-12-31": "9.82%", "2016-09-30": "9.01%", "2016-06-30": "10.85%", "2016-03-31": "10.19%", "2015-12-31": "10.40%", "2015-09-30": "6.42%", "2015-06-30": "6.52%", "2015-03-31": "8.24%", "2014-12-31": "4.83%", "2014-09-30": "6.42%", "2014-06-30": "1.91%", "2014-03-31": "0.32%", "2013-12-31": "2.16%", "2013-09-30": "-4.53%", "2013-06-30": "-0.36%", "2013-03-31": "0.98%", "2012-12-31": "0.23%", "2012-09-30": "7.25%", "2012-06-30": "5.96%", "2012-03-31": "6.07%", "2011-12-31": "7.13%", "2011-09-30": "7.43%", "2011-06-30": "7.88%", "2011-03-31": "19.94%", "2010-12-31": "19.36%", "2010-09-30": "17.46%", "2010-06-30": "18.52%", "2010-03-31": "5.34%", "2009-12-31": "3.02%", "2009-09-30": "0.92%", "2009-06-30": "0.76%", "2009-03-31": "5.89%", "2008-12-31": "11.40%", "2008-09-30": "16.81%", "2008-06-30": "19.43%", "2008-03-31": "13.78%", "2007-12-31": "11.11%", "2007-09-30": "12.64%", "2007-06-30": "10.65%", "2007-03-31": "8.99%", "2006-12-31": "10.65%", "2006-09-30": "9.03%", "2006-06-30": "9.42%", "2006-03-31": "11.90%", "2005-12-31": "13.78%"}, "return on assets": {"2020-09-30": "2.64%", "2020-06-30": "-6.80%", "2020-03-31": "-8.25%", "2019-12-31": "-6.79%", "2019-09-30": "-6.72%", "2019-06-30": "2.57%", "2019-03-31": "1.43%", "2018-12-31": "1.08%", "2018-09-30": "1.11%", "2018-06-30": "-0.17%", "2018-03-31": "0.28%", "2017-12-31": "0.63%", "2017-09-30": "2.26%", "2017-06-30": "2.44%", "2017-03-31": "2.57%", "2016-12-31": "3.53%", "2016-09-30": "3.22%", "2016-06-30": "3.87%", "2016-03-31": "3.81%", "2015-12-31": "3.98%", "2015-09-30": "2.51%", "2015-06-30": "2.60%", "2015-03-31": "3.30%", "2014-12-31": "1.89%", "2014-09-30": "2.47%", "2014-06-30": "0.72%", "2014-03-31": "0.12%", "2013-12-31": "0.80%", "2013-09-30": "-1.71%", "2013-06-30": "-0.14%", "2013-03-31": "0.41%", "2012-12-31": "0.10%", "2012-09-30": "3.32%", "2012-06-30": "2.83%", "2012-03-31": "3.00%", "2011-12-31": "3.52%", "2011-09-30": "3.68%", "2011-06-30": "3.98%", "2011-03-31": "10.10%", "2010-12-31": "9.76%", "2010-09-30": "8.84%", "2010-06-30": "9.14%", "2010-03-31": "2.47%", "2009-12-31": "1.36%", "2009-09-30": "0.39%", "2009-06-30": "0.30%", "2009-03-31": "2.21%", "2008-12-31": "4.10%", "2008-09-30": "5.91%", "2008-06-30": "6.69%", "2008-03-31": "4.74%", "2007-12-31": "3.87%", "2007-09-30": "4.48%", "2007-06-30": "3.90%", "2007-03-31": "3.36%", "2006-12-31": "4.01%", "2006-09-30": "3.34%", "2006-06-30": "3.42%", "2006-03-31": "4.15%", "2005-12-31": "4.54%"}, "return on investments": {"2020-09-30": "11.48%", "2020-06-30": "-5.20%", "2020-03-31": "-11.10%", "2019-12-31": "-8.07%", "2019-09-30": "-9.24%", "2019-06-30": "8.79%", "2019-03-31": "8.44%", "2018-12-31": "7.25%", "2018-09-30": "7.23%", "2018-06-30": "3.52%", "2018-03-31": "2.40%", "2017-12-31": "2.87%", "2017-09-30": "5.04%", "2017-06-30": "5.95%", "2017-03-31": "7.89%", "2016-12-31": "10.01%", "2016-09-30": "10.36%", "2016-06-30": "12.28%", "2016-03-31": "11.92%", "2015-12-31": "13.00%", "2015-09-30": "10.87%", "2015-06-30": "9.46%", "2015-03-31": "10.46%", "2014-12-31": "7.10%", "2014-09-30": "8.32%", "2014-06-30": "8.07%", "2014-03-31": "6.93%", "2013-12-31": "8.53%", "2013-09-30": "6.86%", "2013-06-30": "7.48%", "2013-03-31": "7.46%", "2012-12-31": "6.28%", "2012-09-30": "7.27%", "2012-06-30": "6.50%", "2012-03-31": "6.36%", "2011-12-31": "7.41%", "2011-09-30": "7.29%", "2011-06-30": "7.67%", "2011-03-31": "6.34%", "2010-12-31": "5.86%", "2010-09-30": "3.39%", "2010-06-30": "0.89%", "2010-03-31": "1.59%", "2009-12-31": "-1.07%", "2009-09-30": "0.64%", "2009-06-30": "7.85%", "2009-03-31": "15.37%", "2008-12-31": "20.35%", "2008-09-30": "21.94%", "2008-06-30": "20.29%", "2008-03-31": "14.76%", "2007-12-31": "11.41%", "2007-09-30": "11.14%", "2007-06-30": "8.22%", "2007-03-31": "6.94%", "2006-12-31": "7.71%", "2006-09-30": "5.82%", "2006-06-30": "5.26%", "2006-03-31": "7.02%", "2005-12-31": "9.22%"}, "return on tangible equity": {"2020-09-30": "11.68%", "2020-06-30": "-31.09%", "2020-03-31": "-36.38%", "2019-12-31": "-28.31%", "2019-09-30": "-28.26%", "2019-06-30": "10.24%", "2019-03-31": "5.79%", "2018-12-31": "4.44%", "2018-09-30": "4.22%", "2018-06-30": "-0.57%", "2018-03-31": "0.90%", "2017-12-31": "1.88%", "2017-09-30": "6.80%", "2017-06-30": "7.36%", "2017-03-31": "7.93%", "2016-12-31": "10.93%", "2016-09-30": "10.07%", "2016-06-30": "12.08%", "2016-03-31": "11.24%", "2015-12-31": "11.38%", "2015-09-30": "6.94%", "2015-06-30": "7.03%", "2015-03-31": "8.87%", "2014-12-31": "5.18%", "2014-09-30": "6.90%", "2014-06-30": "2.05%", "2014-03-31": "0.34%", "2013-12-31": "2.30%", "2013-09-30": "-4.81%", "2013-06-30": "-0.39%", "2013-03-31": "1.06%", "2012-12-31": "0.26%", "2012-09-30": "8.02%", "2012-06-30": "6.57%", "2012-03-31": "6.67%", "2011-12-31": "7.83%", "2011-09-30": "8.16%", "2011-06-30": "8.67%", "2011-03-31": "21.99%", "2010-12-31": "21.46%", "2010-09-30": "19.20%", "2010-06-30": "20.14%", "2010-03-31": "5.74%", "2009-12-31": "3.20%", "2009-09-30": "0.97%", "2009-06-30": "0.81%", "2009-03-31": "6.24%", "2008-12-31": "12.10%", "2008-09-30": "17.88%", "2008-06-30": "20.67%", "2008-03-31": "14.66%", "2007-12-31": "11.80%", "2007-09-30": "13.41%", "2007-06-30": "11.33%", "2007-03-31": "9.59%", "2006-12-31": "11.40%", "2006-09-30": "9.71%", "2006-06-30": "10.19%", "2006-03-31": "12.99%", "2005-12-31": "15.15%"}, "dividend yield history": {"last payout": "$2.00", "last yield": "2.74%"}}