{"ticker": "BURL", "price": {"title": "Burlington Stores Historical Annual Stock Price Data", "value": 255.99, "historical": {"2020": {"Average Stock Price": "204.1278", "Year Open": "229.1800", "Year High": "261.5500", "Year Low": "120.4500", "Year Close": "261.5500", "Annual % Change": "14.70%"}, "2019": {"Average Stock Price": "179.6696", "Year Open": "160.1600", "Year High": "229.5800", "Year Low": "139.8900", "Year Close": "228.0300", "Annual % Change": "40.18%"}, "2018": {"Average Stock Price": "146.8983", "Year Open": "122.2400", "Year High": "175.6400", "Year Low": "113.0500", "Year Close": "162.6700", "Annual % Change": "32.22%"}, "2017": {"Average Stock Price": "93.5932", "Year Open": "84.7800", "Year High": "123.0300", "Year Low": "80.2700", "Year Close": "123.0300", "Annual % Change": "45.17%"}, "2016": {"Average Stock Price": "67.3752", "Year Open": "43.2100", "Year High": "89.6800", "Year Low": "41.5900", "Year Close": "84.7500", "Annual % Change": "97.55%"}, "2015": {"Average Stock Price": "51.6733", "Year Open": "47.9800", "Year High": "61.0200", "Year Low": "40.7000", "Year Close": "42.9000", "Annual % Change": "-9.23%"}, "2014": {"Average Stock Price": "33.4739", "Year Open": "32.5000", "Year High": "49.0000", "Year Low": "24.2600", "Year Close": "47.2600", "Annual % Change": "47.69%"}, "2013": {"Average Stock Price": "27.9403", "Year Open": "25.0100", "Year High": "32.0000", "Year Low": "24.8600", "Year Close": "32.0000", "Annual % Change": "0.00%"}}}, "market cap": {"value": "$16.96B"}, "income statement": {"Revenue": {"2020-01-31": "7286.39800", "2019-01-31": "6668.47900", "2018-01-31": "6110.04300", "2017-01-31": "5590.95000", "2016-01-31": "5129.84300", "2015-01-31": "4849.63400", "2014-01-31": "4461.98700", "2013-01-31": "4165.50400", "2012-01-31": "3887.53100", "2011-01-31": "3701.08900"}, "Cost Of Goods Sold": {"2020-01-31": "4228.74000", "2019-01-31": "3868.11900", "2018-01-31": "3559.15800", "2017-01-31": "3297.37300", "2016-01-31": "3059.64100", "2015-01-31": "2900.81900", "2014-01-31": "2695.95700", "2013-01-31": "2530.12400", "2012-01-31": "2363.46400", "2011-01-31": "2252.34600"}, "Gross Profit": {"2020-01-31": "3057.65800", "2019-01-31": "2800.36000", "2018-01-31": "2550.88500", "2017-01-31": "2293.57700", "2016-01-31": "2070.20200", "2015-01-31": "1948.81500", "2014-01-31": "1766.03000", "2013-01-31": "1635.38000", "2012-01-31": "1524.06700", "2011-01-31": "1448.74300"}, "Research And Development Expenses": {"2020-01-31": "", "2019-01-31": "", "2018-01-31": "", "2017-01-31": "", "2016-01-31": "", "2015-01-31": "", "2014-01-31": "", "2013-01-31": "", "2012-01-31": "", "2011-01-31": ""}, "SG&A Expenses": {"2020-01-31": "2228.17800", "2019-01-31": "2018.73700", "2018-01-31": "1863.64300", "2017-01-31": "1723.85200", "2016-01-31": "1599.08600", "2015-01-31": "1523.86900", "2014-01-31": "1402.20600", "2013-01-31": "1312.68200", "2012-01-31": "1215.77400", "2011-01-31": "1153.57300"}, "Other Operating Income Or Expenses": {"2020-01-31": "12.59100", "2019-01-31": "1.65800", "2018-01-31": "4.49900", "2017-01-31": "7.03900", "2016-01-31": "-0.49300", "2015-01-31": "5.76200", "2014-01-31": "-17.26700", "2013-01-31": "-7.59900", "2012-01-31": "8.68000", "2011-01-31": "6.22600"}, "Operating Expenses": {"2020-01-31": "6655.04800", "2019-01-31": "6103.08200", "2018-01-31": "5619.40500", "2017-01-31": "5197.77200", "2016-01-31": "4831.31900", "2015-01-31": "4586.50600", "2014-01-31": "4285.79600", "2013-01-31": "4020.19000", "2012-01-31": "3731.06600", "2011-01-31": "3548.65200"}, "Operating Income": {"2020-01-31": "631.35010", "2019-01-31": "565.39700", "2018-01-31": "490.63820", "2017-01-31": "393.17820", "2016-01-31": "298.52340", "2015-01-31": "263.12790", "2014-01-31": "176.19090", "2013-01-31": "145.31400", "2012-01-31": "156.46480", "2011-01-31": "152.43730"}, "Total Non-Operating Income/Expense": {"2020-01-31": "-50.82600", "2019-01-31": "-57.81300", "2018-01-31": "-61.65800", "2017-01-31": "-59.96600", "2016-01-31": "-59.64800", "2015-01-31": "-158.09200", "2014-01-31": "-143.83300", "2013-01-31": "-116.14900", "2012-01-31": "-166.88500", "2011-01-31": "-99.30900"}, "Pre-Tax Income": {"2020-01-31": "580.52500", "2019-01-31": "507.58400", "2018-01-31": "428.98000", "2017-01-31": "333.21200", "2016-01-31": "238.87600", "2015-01-31": "105.03600", "2014-01-31": "32.35800", "2013-01-31": "29.16500", "2012-01-31": "-10.42000", "2011-01-31": "53.12800"}, "Income Taxes": {"2020-01-31": "115.40900", "2019-01-31": "92.83900", "2018-01-31": "44.12800", "2017-01-31": "117.33900", "2016-01-31": "88.39400", "2015-01-31": "39.08100", "2014-01-31": "16.20800", "2013-01-31": "3.86400", "2012-01-31": "-4.14800", "2011-01-31": "22.13000"}, "Income After Taxes": {"2020-01-31": "465.11600", "2019-01-31": "414.74500", "2018-01-31": "384.85200", "2017-01-31": "215.87300", "2016-01-31": "150.48200", "2015-01-31": "65.95500", "2014-01-31": "16.15000", "2013-01-31": "25.30100", "2012-01-31": "-6.27200", "2011-01-31": "30.99800"}, "Other Income": {"2020-01-31": "", "2019-01-31": "", "2018-01-31": "", "2017-01-31": "", "2016-01-31": "", "2015-01-31": "", "2014-01-31": "", "2013-01-31": "", "2012-01-31": "", "2011-01-31": ""}, "Income From Continuous Operations": {"2020-01-31": "465.11600", "2019-01-31": "414.74500", "2018-01-31": "384.85200", "2017-01-31": "215.87300", "2016-01-31": "150.48200", "2015-01-31": "65.95500", "2014-01-31": "16.15000", "2013-01-31": "25.30100", "2012-01-31": "-6.27200", "2011-01-31": "30.99800"}, "Income From Discontinued Operations": {"2020-01-31": "", "2019-01-31": "", "2018-01-31": "", "2017-01-31": "", "2016-01-31": "", "2015-01-31": "", "2014-01-31": "", "2013-01-31": "", "2012-01-31": "", "2011-01-31": ""}, "Net Income": {"2020-01-31": "465.11600", "2019-01-31": "414.74500", "2018-01-31": "384.85200", "2017-01-31": "215.87300", "2016-01-31": "150.48200", "2015-01-31": "65.95500", "2014-01-31": "-95.13200", "2013-01-31": "-121.62200", "2012-01-31": "-129.54200", "2011-01-31": "-74.61500"}, "EBITDA": {"2020-01-31": "843.31710", "2019-01-31": "784.87700", "2018-01-31": "694.20420", "2017-01-31": "579.44320", "2016-01-31": "473.49040", "2015-01-31": "436.76500", "2014-01-31": "353.95990", "2013-01-31": "317.90500", "2012-01-31": "321.43880", "2011-01-31": "311.54220"}, "EBIT": {"2020-01-31": "631.35010", "2019-01-31": "565.39700", "2018-01-31": "490.63820", "2017-01-31": "393.17820", "2016-01-31": "298.52340", "2015-01-31": "263.12790", "2014-01-31": "176.19090", "2013-01-31": "145.31400", "2012-01-31": "156.46480", "2011-01-31": "152.43730"}, "Basic Shares Outstanding": {"2020-01-31": "65.94300", "2019-01-31": "66.81200", "2018-01-31": "68.28600", "2017-01-31": "70.48000", "2016-01-31": "74.11100", "2015-01-31": "74.10100", "2014-01-31": "373.05200", "2013-01-31": "510.91100", "2012-01-31": "501.62200", "2011-01-31": "50.06700"}, "Shares Outstanding": {"2020-01-31": "67.29300", "2019-01-31": "68.67900", "2018-01-31": "70.28800", "2017-01-31": "71.72100", "2016-01-31": "75.44300", "2015-01-31": "75.86500", "2014-01-31": "373.52500", "2013-01-31": "510.91100", "2012-01-31": "501.62200", "2011-01-31": "50.06700"}, "Basic EPS": {"2020-01-31": "7.05000", "2019-01-31": "6.21000", "2018-01-31": "5.64000", "2017-01-31": "3.06000", "2016-01-31": "2.03000", "2015-01-31": "0.89000", "2014-01-31": "-0.26000", "2013-01-31": "-0.24000", "2012-01-31": "-0.26000", "2011-01-31": "-1.49000"}, "EPS - Earnings Per Share": {"2020-01-31": "6.91000", "2019-01-31": "6.04000", "2018-01-31": "5.48000", "2017-01-31": "3.01000", "2016-01-31": "1.99000", "2015-01-31": "0.87000", "2014-01-31": "-0.25000", "2013-01-31": "-0.27000", "2012-01-31": "-0.28000", "2011-01-31": "-1.49000"}}, "income statement, quarterly": {"Revenue": {"2020-10-31": "1667.23500", "2020-07-31": "1012.32800", "2020-04-30": "801.52300", "2020-01-31": "2208.59900", "2019-10-31": "1781.58300", "2019-07-31": "1662.02200", "2019-04-30": "1634.19400", "2019-01-31": "1998.07100", "2018-10-31": "1640.95800", "2018-07-31": "1504.74200", "2018-04-30": "1524.70800", "2018-01-31": "1944.27200", "2017-10-31": "1444.57200", "2017-07-31": "1368.98000", "2017-04-30": "1352.21900", "2017-01-31": "1692.30300", "2016-10-31": "1349.04700", "2016-07-31": "1260.71600", "2016-04-30": "1288.88400", "2016-01-31": "1548.68200", "2015-10-31": "1238.66900", "2015-07-31": "1151.57300", "2015-04-30": "1190.91900", "2015-01-31": "1496.54200", "2014-10-31": "1166.10800", "2014-07-31": "1051.12600", "2014-04-30": "1135.85800", "2014-01-31": "1344.66300", "2013-10-31": "1072.85500", "2013-07-31": "971.48000", "2013-04-30": "1072.98900", "2013-01-31": "", "2012-10-31": "975.85200", "2012-01-31": "", "2011-01-31": ""}, "Cost Of Goods Sold": {"2020-10-31": "915.84700", "2020-07-31": "547.55000", "2020-04-30": "782.18400", "2020-01-31": "1274.08900", "2019-10-31": "1022.91200", "2019-07-31": "970.42100", "2019-04-30": "961.31800", "2019-01-31": "1155.95400", "2018-10-31": "942.00900", "2018-07-31": "877.47400", "2018-04-30": "892.68200", "2018-01-31": "1122.90800", "2017-10-31": "831.72800", "2017-07-31": "808.12600", "2017-04-30": "796.39600", "2017-01-31": "981.21200", "2016-10-31": "789.85800", "2016-07-31": "757.62200", "2016-04-30": "768.68100", "2016-01-31": "909.21210", "2015-10-31": "741.58400", "2015-07-31": "695.91500", "2015-04-30": "712.93000", "2015-01-31": "858.74100", "2014-10-31": "698.59000", "2014-07-31": "645.02700", "2014-04-30": "698.46100", "2014-01-31": "778.34700", "2013-10-31": "649.63700", "2013-07-31": "600.32000", "2013-04-30": "667.65300", "2013-01-31": "", "2012-10-31": "594.38900", "2012-01-31": "", "2011-01-31": ""}, "Gross Profit": {"2020-10-31": "751.38800", "2020-07-31": "464.77800", "2020-04-30": "19.33900", "2020-01-31": "934.50990", "2019-10-31": "758.67100", "2019-07-31": "691.60100", "2019-04-30": "672.87600", "2019-01-31": "842.11730", "2018-10-31": "698.94900", "2018-07-31": "627.26790", "2018-04-30": "632.02600", "2018-01-31": "821.36380", "2017-10-31": "612.84400", "2017-07-31": "560.85400", "2017-04-30": "555.82300", "2017-01-31": "711.09140", "2016-10-31": "559.18900", "2016-07-31": "503.09390", "2016-04-30": "520.20300", "2016-01-31": "639.46980", "2015-10-31": "497.08500", "2015-07-31": "455.65800", "2015-04-30": "477.98900", "2015-01-31": "637.80080", "2014-10-31": "467.51800", "2014-07-31": "406.09900", "2014-04-30": "437.39700", "2014-01-31": "566.31590", "2013-10-31": "423.21800", "2013-07-31": "371.16000", "2013-04-30": "405.33600", "2013-01-31": "", "2012-10-31": "381.46300", "2012-01-31": "", "2011-01-31": ""}, "Research And Development Expenses": {"2020-10-31": "", "2020-07-31": "", "2020-04-30": "", "2020-01-31": "", "2019-10-31": "", "2019-07-31": "", "2019-04-30": "", "2019-01-31": "", "2018-10-31": "", "2018-07-31": "", "2018-04-30": "", "2018-01-31": "", "2017-10-31": "", "2017-07-31": "", "2017-04-30": "", "2017-01-31": "", "2016-10-31": "", "2016-07-31": "", "2016-04-30": "", "2016-01-31": "", "2015-10-31": "", "2015-07-31": "", "2015-04-30": "", "2015-01-31": "", "2014-10-31": "", "2014-07-31": "", "2014-04-30": "", "2014-01-31": "", "2013-10-31": "", "2013-07-31": "", "2013-04-30": "", "2013-01-31": "", "2012-10-31": "", "2012-01-31": "", "2011-01-31": ""}, "SG&A Expenses": {"2020-10-31": "645.27800", "2020-07-31": "491.59800", "2020-04-30": "485.08800", "2020-01-31": "595.31600", "2019-10-31": "583.64100", "2019-07-31": "531.84300", "2019-04-30": "517.37800", "2019-01-31": "533.19200", "2018-10-31": "538.12000", "2018-07-31": "479.07700", "2018-04-30": "468.34800", "2018-01-31": "525.26600", "2017-10-31": "480.22000", "2017-07-31": "437.23800", "2017-04-30": "420.91900", "2017-01-31": "461.77290", "2016-10-31": "451.17800", "2016-07-31": "407.28000", "2016-04-30": "403.62100", "2016-01-31": "422.47720", "2015-10-31": "416.52900", "2015-07-31": "381.94100", "2015-04-30": "378.13900", "2015-01-31": "427.68980", "2014-10-31": "397.34100", "2014-07-31": "350.98900", "2014-04-30": "347.84900", "2014-01-31": "375.56490", "2013-10-31": "364.91700", "2013-07-31": "334.02000", "2013-04-30": "327.70400", "2013-01-31": "", "2012-10-31": "334.97500", "2012-01-31": "", "2011-01-31": ""}, "Other Operating Income Or Expenses": {"2020-10-31": "-0.56600", "2020-07-31": "-0.25300", "2020-04-30": "-4.15200", "2020-01-31": "-0.80300", "2019-10-31": "9.26400", "2019-07-31": "1.65600", "2019-04-30": "2.47400", "2019-01-31": "-3.55400", "2018-10-31": "-0.08200", "2018-07-31": "3.94300", "2018-04-30": "1.35100", "2018-01-31": "-1.46100", "2017-10-31": "1.36200", "2017-07-31": "2.69200", "2017-04-30": "1.90600", "2017-01-31": "1.13500", "2016-10-31": "1.47300", "2016-07-31": "0.37100", "2016-04-30": "4.06000", "2016-01-31": "-2.48400", "2015-10-31": "1.68000", "2015-07-31": "1.21300", "2015-04-30": "-0.90200", "2015-01-31": "2.97700", "2014-10-31": "1.11000", "2014-07-31": "0.22200", "2014-04-30": "1.45300", "2014-01-31": "-1.23000", "2013-10-31": "-9.04600", "2013-07-31": "-0.63200", "2013-04-30": "-6.35900", "2013-01-31": "", "2012-10-31": "0.76100", "2012-01-31": "", "2011-01-31": ""}, "Operating Expenses": {"2020-10-31": "1616.67500", "2020-07-31": "1093.80500", "2020-04-30": "1325.71500", "2020-01-31": "1925.29800", "2019-10-31": "1650.01800", "2019-07-31": "1552.86900", "2019-04-30": "1526.86300", "2019-01-31": "1749.38200", "2018-10-31": "1533.98100", "2018-07-31": "1409.53100", "2018-04-30": "1410.18800", "2018-01-31": "1703.19000", "2017-10-31": "1361.42200", "2017-07-31": "1291.37200", "2017-04-30": "1263.42100", "2017-01-31": "1488.80600", "2016-10-31": "1286.03500", "2016-07-31": "1209.14400", "2016-04-30": "1213.78700", "2016-01-31": "1379.18600", "2015-10-31": "1199.61900", "2015-07-31": "1118.38900", "2015-04-30": "1134.12600", "2015-01-31": "1326.69300", "2014-10-31": "1137.40500", "2014-07-31": "1036.34300", "2014-04-30": "1086.06500", "2014-01-31": "1197.01900", "2013-10-31": "1064.67100", "2013-07-31": "976.77310", "2013-04-30": "1047.33300", "2013-01-31": "", "2012-10-31": "970.08200", "2012-01-31": "", "2011-01-31": ""}, "Operating Income": {"2020-10-31": "50.55990", "2020-07-31": "-81.47710", "2020-04-30": "-524.19200", "2020-01-31": "283.30140", "2019-10-31": "131.56510", "2019-07-31": "109.15300", "2019-04-30": "107.33110", "2019-01-31": "248.68900", "2018-10-31": "106.97710", "2018-07-31": "95.21090", "2018-04-30": "114.52000", "2018-01-31": "241.08190", "2017-10-31": "83.15000", "2017-07-31": "77.60800", "2017-04-30": "88.79800", "2017-01-31": "203.49740", "2016-10-31": "63.01210", "2016-07-31": "51.57190", "2016-04-30": "75.09710", "2016-01-31": "169.49620", "2015-10-31": "39.05010", "2015-07-31": "33.18410", "2015-04-30": "56.79310", "2015-01-31": "169.84910", "2014-10-31": "28.70300", "2014-07-31": "14.78310", "2014-04-30": "49.79300", "2014-01-31": "147.64380", "2013-10-31": "8.18400", "2013-07-31": "-5.29310", "2013-04-30": "25.65600", "2013-01-31": "", "2012-10-31": "5.77000", "2012-01-31": "", "2011-01-31": ""}, "Total Non-Operating Income/Expense": {"2020-10-31": "-27.45600", "2020-07-31": "-28.35900", "2020-04-30": "-14.89500", "2020-01-31": "-11.87100", "2019-10-31": "-12.14900", "2019-07-31": "-13.43500", "2019-04-30": "-13.37100", "2019-01-31": "-12.42800", "2018-10-31": "-14.92200", "2018-07-31": "-15.94200", "2018-04-30": "-14.52100", "2018-01-31": "-18.24900", "2017-10-31": "-15.35100", "2017-07-31": "-14.54400", "2017-04-30": "-13.51400", "2017-01-31": "-12.96600", "2016-10-31": "-13.15900", "2016-07-31": "-18.88900", "2016-04-30": "-14.95200", "2016-01-31": "-14.80600", "2015-10-31": "-14.79200", "2015-07-31": "-14.59800", "2015-04-30": "-15.45200", "2015-01-31": "-15.38700", "2014-10-31": "-86.92600", "2014-07-31": "-25.54600", "2014-04-30": "-30.23300", "2014-01-31": "-42.86700", "2013-10-31": "-32.71900", "2013-07-31": "-33.94400", "2013-04-30": "-34.30300", "2013-01-31": "", "2012-10-31": "-27.42100", "2012-01-31": "", "2011-01-31": ""}, "Pre-Tax Income": {"2020-10-31": "23.10400", "2020-07-31": "-109.83600", "2020-04-30": "-539.08700", "2020-01-31": "271.43100", "2019-10-31": "119.41600", "2019-07-31": "95.71800", "2019-04-30": "93.96000", "2019-01-31": "236.26100", "2018-10-31": "92.05500", "2018-07-31": "79.26900", "2018-04-30": "99.99900", "2018-01-31": "222.83300", "2017-10-31": "67.79900", "2017-07-31": "63.06400", "2017-04-30": "75.28400", "2017-01-31": "190.53100", "2016-10-31": "49.85300", "2016-07-31": "32.68300", "2016-04-30": "60.14500", "2016-01-31": "154.69100", "2015-10-31": "24.25800", "2015-07-31": "18.58600", "2015-04-30": "41.34100", "2015-01-31": "154.46200", "2014-10-31": "-58.22300", "2014-07-31": "-10.76300", "2014-04-30": "19.56000", "2014-01-31": "104.77700", "2013-10-31": "-24.53500", "2013-07-31": "-39.23700", "2013-04-30": "-8.64700", "2013-01-31": "", "2012-10-31": "-21.65100", "2012-01-31": "", "2011-01-31": ""}, "Income Taxes": {"2020-10-31": "15.08800", "2020-07-31": "-63.05500", "2020-04-30": "-205.35900", "2020-01-31": "65.10600", "2019-10-31": "22.95700", "2019-07-31": "11.15100", "2019-04-30": "16.19500", "2019-01-31": "51.91000", "2018-10-31": "15.20600", "2018-07-31": "8.31200", "2018-04-30": "17.41100", "2018-01-31": "-17.87000", "2017-10-31": "22.92000", "2017-07-31": "16.16200", "2017-04-30": "22.91600", "2017-01-31": "64.97000", "2016-10-31": "17.44900", "2016-07-31": "12.28900", "2016-04-30": "22.63100", "2016-01-31": "55.92000", "2015-10-31": "9.14200", "2015-07-31": "7.68600", "2015-04-30": "15.64600", "2015-01-31": "59.59700", "2014-10-31": "-24.00900", "2014-07-31": "-4.29300", "2014-04-30": "7.78600", "2014-01-31": "41.19300", "2013-10-31": "-7.67800", "2013-07-31": "-14.22300", "2013-04-30": "-3.08400", "2013-01-31": "", "2012-10-31": "-14.20400", "2012-01-31": "", "2011-01-31": ""}, "Income After Taxes": {"2020-10-31": "8.01600", "2020-07-31": "-46.78100", "2020-04-30": "-333.72800", "2020-01-31": "206.32500", "2019-10-31": "96.45900", "2019-07-31": "84.56700", "2019-04-30": "77.76500", "2019-01-31": "184.35100", "2018-10-31": "76.84900", "2018-07-31": "70.95700", "2018-04-30": "82.58800", "2018-01-31": "240.70300", "2017-10-31": "44.87900", "2017-07-31": "46.90200", "2017-04-30": "52.36800", "2017-01-31": "125.56100", "2016-10-31": "32.40400", "2016-07-31": "20.39400", "2016-04-30": "37.51400", "2016-01-31": "98.77100", "2015-10-31": "15.11600", "2015-07-31": "10.90000", "2015-04-30": "25.69500", "2015-01-31": "94.86500", "2014-10-31": "-34.21400", "2014-07-31": "-6.47000", "2014-04-30": "11.77400", "2014-01-31": "63.58400", "2013-10-31": "-16.85700", "2013-07-31": "-25.01400", "2013-04-30": "-5.56300", "2013-01-31": "", "2012-10-31": "-7.44700", "2012-01-31": "", "2011-01-31": ""}, "Other Income": {"2020-10-31": "", "2020-07-31": "", "2020-04-30": "", "2020-01-31": "", "2019-10-31": "", "2019-07-31": "", "2019-04-30": "", "2019-01-31": "", "2018-10-31": "", "2018-07-31": "", "2018-04-30": "", "2018-01-31": "", "2017-10-31": "", "2017-07-31": "", "2017-04-30": "", "2017-01-31": "", "2016-10-31": "", "2016-07-31": "", "2016-04-30": "", "2016-01-31": "", "2015-10-31": "", "2015-07-31": "", "2015-04-30": "", "2015-01-31": "", "2014-10-31": "", "2014-07-31": "", "2014-04-30": "", "2014-01-31": "", "2013-10-31": "", "2013-07-31": "", "2013-04-30": "", "2013-01-31": "", "2012-10-31": "", "2012-01-31": "", "2011-01-31": ""}, "Income From Continuous Operations": {"2020-10-31": "8.01600", "2020-07-31": "-46.78100", "2020-04-30": "-333.72800", "2020-01-31": "206.32500", "2019-10-31": "96.45900", "2019-07-31": "84.56700", "2019-04-30": "77.76500", "2019-01-31": "184.35100", "2018-10-31": "76.84900", "2018-07-31": "70.95700", "2018-04-30": "82.58800", "2018-01-31": "240.70300", "2017-10-31": "44.87900", "2017-07-31": "46.90200", "2017-04-30": "52.36800", "2017-01-31": "125.56100", "2016-10-31": "32.40400", "2016-07-31": "20.39400", "2016-04-30": "37.51400", "2016-01-31": "98.77100", "2015-10-31": "15.11600", "2015-07-31": "10.90000", "2015-04-30": "25.69500", "2015-01-31": "94.86500", "2014-10-31": "-34.21400", "2014-07-31": "-6.47000", "2014-04-30": "11.77400", "2014-01-31": "63.58400", "2013-10-31": "-16.85700", "2013-07-31": "-25.01400", "2013-04-30": "-5.56300", "2013-01-31": "", "2012-10-31": "-7.44700", "2012-01-31": "", "2011-01-31": ""}, "Income From Discontinued Operations": {"2020-10-31": "", "2020-07-31": "", "2020-04-30": "", "2020-01-31": "", "2019-10-31": "", "2019-07-31": "", "2019-04-30": "", "2019-01-31": "", "2018-10-31": "", "2018-07-31": "", "2018-04-30": "", "2018-01-31": "", "2017-10-31": "", "2017-07-31": "", "2017-04-30": "", "2017-01-31": "", "2016-10-31": "", "2016-07-31": "", "2016-04-30": "", "2016-01-31": "", "2015-10-31": "", "2015-07-31": "", "2015-04-30": "", "2015-01-31": "", "2014-10-31": "", "2014-07-31": "", "2014-04-30": "", "2014-01-31": "", "2013-10-31": "", "2013-07-31": "", "2013-04-30": "", "2013-01-31": "", "2012-10-31": "", "2012-01-31": "", "2011-01-31": ""}, "Net Income": {"2020-10-31": "8.01600", "2020-07-31": "-46.78100", "2020-04-30": "-333.72800", "2020-01-31": "206.32500", "2019-10-31": "96.45900", "2019-07-31": "84.56700", "2019-04-30": "77.76500", "2019-01-31": "184.35100", "2018-10-31": "76.84900", "2018-07-31": "70.95700", "2018-04-30": "82.58800", "2018-01-31": "240.70300", "2017-10-31": "44.87900", "2017-07-31": "46.90200", "2017-04-30": "52.36800", "2017-01-31": "125.56100", "2016-10-31": "32.40400", "2016-07-31": "20.39400", "2016-04-30": "37.51400", "2016-01-31": "98.77100", "2015-10-31": "15.11600", "2015-07-31": "10.90000", "2015-04-30": "25.69500", "2015-01-31": "94.86500", "2014-10-31": "-34.21400", "2014-07-31": "-6.47000", "2014-04-30": "11.77400", "2014-01-31": "63.58400", "2013-10-31": "-45.23400", "2013-07-31": "-66.94700", "2013-04-30": "-46.53500", "2013-01-31": "", "2012-10-31": "-43.88300", "2012-01-31": "", "2011-01-31": ""}, "EBITDA": {"2020-10-31": "106.86990", "2020-07-31": "-25.76710", "2020-04-30": "-469.42200", "2020-01-31": "338.69240", "2019-10-31": "184.59810", "2019-07-31": "161.72490", "2019-04-30": "158.30210", "2019-01-31": "305.70600", "2018-10-31": "161.07900", "2018-07-31": "152.56390", "2018-04-30": "165.52800", "2018-01-31": "295.20390", "2017-10-31": "134.61900", "2017-07-31": "126.94100", "2017-04-30": "137.44000", "2017-01-31": "251.08040", "2016-10-31": "110.11010", "2016-07-31": "96.89890", "2016-04-30": "121.35400", "2016-01-31": "215.22020", "2015-10-31": "82.94000", "2015-07-31": "75.64810", "2015-04-30": "99.68210", "2015-01-31": "213.84210", "2014-10-31": "72.20600", "2014-07-31": "57.48710", "2014-04-30": "93.23000", "2014-01-31": "191.85080", "2013-10-31": "51.92200", "2013-07-31": "38.49590", "2013-04-30": "71.69100", "2013-01-31": "", "2012-10-31": "5.77000", "2012-01-31": "", "2011-01-31": ""}, "EBIT": {"2020-10-31": "50.55990", "2020-07-31": "-81.47710", "2020-04-30": "-524.19200", "2020-01-31": "283.30100", "2019-10-31": "131.56510", "2019-07-31": "109.15300", "2019-04-30": "107.33110", "2019-01-31": "248.68900", "2018-10-31": "106.97710", "2018-07-31": "95.21090", "2018-04-30": "114.52000", "2018-01-31": "241.08220", "2017-10-31": "83.15000", "2017-07-31": "77.60800", "2017-04-30": "88.79800", "2017-01-31": "203.49720", "2016-10-31": "63.01210", "2016-07-31": "51.57190", "2016-04-30": "75.09710", "2016-01-31": "169.49620", "2015-10-31": "39.05010", "2015-07-31": "33.18410", "2015-04-30": "56.79310", "2015-01-31": "169.84890", "2014-10-31": "28.70300", "2014-07-31": "14.78310", "2014-04-30": "49.79300", "2014-01-31": "147.64400", "2013-10-31": "8.18400", "2013-07-31": "-5.29310", "2013-04-30": "25.65600", "2013-01-31": "", "2012-10-31": "5.77000", "2012-01-31": "", "2011-01-31": ""}, "Basic Shares Outstanding": {"2020-10-31": "66.08300", "2020-07-31": "65.94700", "2020-04-30": "65.57200", "2020-01-31": "65.94300", "2019-10-31": "65.95900", "2019-07-31": "65.91800", "2019-04-30": "66.10400", "2019-01-31": "66.81200", "2018-10-31": "66.78000", "2018-07-31": "66.89000", "2018-04-30": "66.98300", "2018-01-31": "68.28600", "2017-10-31": "67.69400", "2017-07-31": "68.80700", "2017-04-30": "69.33300", "2017-01-31": "70.48000", "2016-10-31": "70.34700", "2016-07-31": "70.75700", "2016-04-30": "71.16600", "2016-01-31": "74.11100", "2015-10-31": "74.11500", "2015-07-31": "75.18100", "2015-04-30": "74.98200", "2015-01-31": "74.10100", "2014-10-31": "74.21800", "2014-07-31": "73.96600", "2014-04-30": "73.64600", "2014-01-31": "373.05200", "2013-10-31": "377.50600", "2013-07-31": "523.26700", "2013-04-30": "517.85100", "2013-01-31": "", "2012-10-31": "512.00000", "2012-01-31": "", "2011-01-31": ""}, "Shares Outstanding": {"2020-10-31": "66.72000", "2020-07-31": "65.94700", "2020-04-30": "65.57200", "2020-01-31": "67.29300", "2019-10-31": "67.15900", "2019-07-31": "67.27400", "2019-04-30": "67.73000", "2019-01-31": "68.67900", "2018-10-31": "68.62800", "2018-07-31": "68.76900", "2018-04-30": "68.97000", "2018-01-31": "70.28800", "2017-10-31": "69.54100", "2017-07-31": "70.80100", "2017-04-30": "71.50500", "2017-01-31": "71.72100", "2016-10-31": "71.59700", "2016-07-31": "71.98700", "2016-04-30": "72.42300", "2016-01-31": "75.44300", "2015-10-31": "75.39400", "2015-07-31": "76.51100", "2015-04-30": "76.50100", "2015-01-31": "75.86500", "2014-10-31": "74.21800", "2014-07-31": "73.96600", "2014-04-30": "75.46900", "2014-01-31": "373.52500", "2013-10-31": "377.50600", "2013-07-31": "523.26700", "2013-04-30": "517.85100", "2013-01-31": "", "2012-10-31": "512.00000", "2012-01-31": "", "2011-01-31": ""}, "Basic EPS": {"2020-10-31": "0.12000", "2020-07-31": "-0.71000", "2020-04-30": "-5.09000", "2020-01-31": "3.13000", "2019-10-31": "1.46000", "2019-07-31": "1.28000", "2019-04-30": "1.18000", "2019-01-31": "2.77000", "2018-10-31": "1.15000", "2018-07-31": "1.06000", "2018-04-30": "1.23000", "2018-01-31": "3.54000", "2017-10-31": "0.66000", "2017-07-31": "0.68000", "2017-04-30": "0.76000", "2017-01-31": "1.78000", "2016-10-31": "0.46000", "2016-07-31": "0.29000", "2016-04-30": "0.53000", "2016-01-31": "1.35000", "2015-10-31": "0.20000", "2015-07-31": "0.14000", "2015-04-30": "0.34000", "2015-01-31": "1.28000", "2014-10-31": "-0.46000", "2014-07-31": "-0.09000", "2014-04-30": "0.16000", "2014-01-31": "0.08000", "2013-10-31": "-0.12000", "2013-07-31": "-0.13000", "2013-04-30": "-0.09000", "2013-01-31": "", "2012-10-31": "-0.09000", "2012-01-31": "", "2011-01-31": ""}, "EPS - Earnings Per Share": {"2020-10-31": "0.12000", "2020-07-31": "-0.71000", "2020-04-30": "-5.09000", "2020-01-31": "3.06000", "2019-10-31": "1.44000", "2019-07-31": "1.26000", "2019-04-30": "1.15000", "2019-01-31": "2.69000", "2018-10-31": "1.12000", "2018-07-31": "1.03000", "2018-04-30": "1.20000", "2018-01-31": "3.44000", "2017-10-31": "0.65000", "2017-07-31": "0.66000", "2017-04-30": "0.73000", "2017-01-31": "1.76000", "2016-10-31": "0.45000", "2016-07-31": "0.28000", "2016-04-30": "0.52000", "2016-01-31": "1.31000", "2015-10-31": "0.20000", "2015-07-31": "0.14000", "2015-04-30": "0.34000", "2015-01-31": "1.26000", "2014-10-31": "-0.46000", "2014-07-31": "-0.09000", "2014-04-30": "0.16000", "2014-01-31": "0.18000", "2013-10-31": "-0.12000", "2013-07-31": "-0.22000", "2013-04-30": "-0.09000", "2013-01-31": "0.00000", "2012-10-31": "-0.09000", "2012-01-31": "0.00000", "2011-01-31": "0.00000"}}, "balance sheet": {"Cash On Hand": {"2020-01-31": "409.65600", "2019-01-31": "134.15600", "2018-01-31": "161.08600", "2017-01-31": "109.39700", "2016-01-31": "48.71500", "2015-01-31": "53.14900", "2014-01-31": "165.08400", "2013-01-31": "78.13600", "2012-01-31": "70.46400", "2011-01-31": ""}, "Receivables": {"2020-01-31": "91.50800", "2019-01-31": "58.75200", "2018-01-31": "71.64900", "2017-01-31": "43.25200", "2016-01-31": "38.57100", "2015-01-31": "49.71600", "2014-01-31": "35.67800", "2013-01-31": "41.73400", "2012-01-31": "40.11900", "2011-01-31": ""}, "Inventory": {"2020-01-31": "777.24800", "2019-01-31": "954.18300", "2018-01-31": "752.56200", "2017-01-31": "701.89100", "2016-01-31": "783.52800", "2015-01-31": "788.70800", "2014-01-31": "720.05200", "2013-01-31": "680.19000", "2012-01-31": "682.26000", "2011-01-31": ""}, "Pre-Paid Expenses": {"2020-01-31": "136.69800", "2019-01-31": "124.80900", "2018-01-31": "115.13600", "2017-01-31": "73.78400", "2016-01-31": "62.16800", "2015-01-31": "58.68100", "2014-01-31": "82.23100", "2013-01-31": "73.46100", "2012-01-31": "61.38100", "2011-01-31": ""}, "Other Current Assets": {"2020-01-31": "2.26100", "2019-01-31": "", "2018-01-31": "", "2017-01-31": "", "2016-01-31": "", "2015-01-31": "", "2014-01-31": "", "2013-01-31": "", "2012-01-31": "0.52100", "2011-01-31": ""}, "Total Current Assets": {"2020-01-31": "1417.37100", "2019-01-31": "1271.90000", "2018-01-31": "1100.43300", "2017-01-31": "928.32400", "2016-01-31": "932.98200", "2015-01-31": "987.48300", "2014-01-31": "1016.52000", "2013-01-31": "879.65400", "2012-01-31": "877.98800", "2011-01-31": ""}, "Property, Plant, And Equipment": {"2020-01-31": "1403.17300", "2019-01-31": "1253.70500", "2018-01-31": "1134.77200", "2017-01-31": "1049.44700", "2016-01-31": "1018.57000", "2015-01-31": "970.41900", "2014-01-31": "902.65700", "2013-01-31": "878.30500", "2012-01-31": "865.21500", "2011-01-31": ""}, "Long-Term Investments": {"2020-01-31": "", "2019-01-31": "", "2018-01-31": "", "2017-01-31": "", "2016-01-31": "", "2015-01-31": "", "2014-01-31": "", "2013-01-31": "", "2012-01-31": "", "2011-01-31": ""}, "Goodwill And Intangible Assets": {"2020-01-31": "285.79500", "2019-01-31": "449.38800", "2018-01-31": "474.01100", "2017-01-31": "498.24400", "2016-01-31": "523.81700", "2015-01-31": "551.46100", "2014-01-31": "577.61700", "2013-01-31": "607.14500", "2012-01-31": "644.96700", "2011-01-31": "0.00000"}, "Other Long-Term Assets": {"2020-01-31": "85.73100", "2019-01-31": "99.81800", "2018-01-31": "96.66100", "2017-01-31": "90.49500", "2016-01-31": "96.44400", "2015-01-31": "115.20600", "2014-01-31": "124.29800", "2013-01-31": "112.97800", "2012-01-31": "112.97300", "2011-01-31": ""}, "Total Long-Term Assets": {"2020-01-31": "4176.48800", "2019-01-31": "1807.27200", "2018-01-31": "1712.39600", "2017-01-31": "1646.15900", "2016-01-31": "1638.83100", "2015-01-31": "1637.08600", "2014-01-31": "1604.57200", "2013-01-31": "1598.42800", "2012-01-31": "1623.15500", "2011-01-31": ""}, "Total Assets": {"2020-01-31": "5593.85900", "2019-01-31": "3079.17200", "2018-01-31": "2812.82900", "2017-01-31": "2574.48300", "2016-01-31": "2571.81300", "2015-01-31": "2624.56900", "2014-01-31": "2621.09200", "2013-01-31": "2478.08200", "2012-01-31": "2501.14300", "2011-01-31": "0.00000"}, "Total Current Liabilities": {"2020-01-31": "1461.90100", "2019-01-31": "1247.74200", "2018-01-31": "1119.63100", "2017-01-31": "996.83400", "2016-01-31": "886.58800", "2015-01-31": "933.11700", "2014-01-31": "903.81600", "2013-01-31": "740.05500", "2012-01-31": "505.28700", "2011-01-31": ""}, "Long Term Debt": {"2020-01-31": "1001.72300", "2019-01-31": "983.64300", "2018-01-31": "1113.80800", "2017-01-31": "1128.84300", "2016-01-31": "1295.16300", "2015-01-31": "1249.27600", "2014-01-31": "1369.15900", "2013-01-31": "1335.53200", "2012-01-31": "1605.46400", "2011-01-31": ""}, "Other Non-Current Liabilities": {"2020-01-31": "97.79800", "2019-01-31": "346.29800", "2018-01-31": "313.13000", "2017-01-31": "290.68300", "2016-01-31": "287.38900", "2015-01-31": "273.76700", "2014-01-31": "255.87700", "2013-01-31": "229.42500", "2012-01-31": "224.35200", "2011-01-31": ""}, "Total Long Term Liabilities": {"2020-01-31": "3603.80900", "2019-01-31": "1508.72000", "2018-01-31": "1606.42400", "2017-01-31": "1627.46100", "2016-01-31": "1784.24700", "2015-01-31": "1757.40300", "2014-01-31": "1867.74400", "2013-01-31": "1818.29600", "2012-01-31": "2106.80100", "2011-01-31": ""}, "Total Liabilities": {"2020-01-31": "5065.71000", "2019-01-31": "2756.46200", "2018-01-31": "2726.05500", "2017-01-31": "2624.29500", "2016-01-31": "2670.83500", "2015-01-31": "2690.52000", "2014-01-31": "2771.56000", "2013-01-31": "2558.35100", "2012-01-31": "2612.08800", "2011-01-31": "0.00000"}, "Common Stock Net": {"2020-01-31": "0.00700", "2019-01-31": "0.00700", "2018-01-31": "0.00700", "2017-01-31": "0.00700", "2016-01-31": "0.00700", "2015-01-31": "0.00700", "2014-01-31": "0.00700", "2013-01-31": "1029.23600", "2012-01-31": "884.99100", "2011-01-31": "0.00000"}, "Retained Earnings (Accumulated Deficit)": {"2020-01-31": "204.79700", "2019-01-31": "-260.91900", "2018-01-31": "-675.66400", "2017-01-31": "-1060.09900", "2016-01-31": "-1275.97200", "2015-01-31": "-1426.45400", "2014-01-31": "-1492.40900", "2013-01-31": "-1109.50100", "2012-01-31": "-995.93200", "2011-01-31": ""}, "Comprehensive Income": {"2020-01-31": "-18.96000", "2019-01-31": "-3.61300", "2018-01-31": "-1.88700", "2017-01-31": "-7.19100", "2016-01-31": "-8.99200", "2015-01-31": "-1.74400", "2014-01-31": "", "2013-01-31": "", "2012-01-31": "", "2011-01-31": ""}, "Other Share Holders Equity": {"2020-01-31": "", "2019-01-31": "", "2018-01-31": "", "2017-01-31": "", "2016-01-31": "", "2015-01-31": "", "2014-01-31": "", "2013-01-31": "", "2012-01-31": "", "2011-01-31": "0.00000"}, "Share Holder Equity": {"2020-01-31": "528.14900", "2019-01-31": "322.71000", "2018-01-31": "86.77400", "2017-01-31": "-49.81200", "2016-01-31": "-99.02200", "2015-01-31": "-65.95100", "2014-01-31": "-150.46800", "2013-01-31": "-80.26900", "2012-01-31": "-110.94500", "2011-01-31": "0.00000"}, "Total Liabilities And Share Holders Equity": {"2020-01-31": "5593.85900", "2019-01-31": "3079.17200", "2018-01-31": "2812.82900", "2017-01-31": "2574.48300", "2016-01-31": "2571.81300", "2015-01-31": "2624.56900", "2014-01-31": "2621.09200", "2013-01-31": "2478.08200", "2012-01-31": "2501.14300", "2011-01-31": "0.00000"}}, "balance sheet, quarterly": {"Cash On Hand": {"2020-10-31": "1355.27300", "2020-07-31": "1083.72800", "2020-04-30": "1495.05200", "2020-01-31": "409.65600", "2019-10-31": "147.09600", "2019-07-31": "119.08900", "2019-04-30": "126.91300", "2019-01-31": "134.15600", "2018-10-31": "107.25900", "2018-07-31": "111.46700", "2018-04-30": "104.89000", "2018-01-31": "161.08600", "2017-10-31": "75.88000", "2017-07-31": "60.44800", "2017-04-30": "57.38800", "2017-01-31": "109.39700", "2016-10-31": "60.59900", "2016-07-31": "58.26900", "2016-04-30": "55.90000", "2016-01-31": "48.71500", "2015-10-31": "56.64700", "2015-07-31": "55.03100", "2015-04-30": "62.54800", "2015-01-31": "53.14900", "2014-10-31": "61.53700", "2014-07-31": "61.39100", "2014-04-30": "101.59000", "2014-01-31": "165.08400", "2013-10-31": "297.11600", "2013-07-31": "68.20700", "2013-04-30": "137.47200", "2013-01-31": "", "2012-10-31": "64.96900", "2012-01-31": "70.46000", "2011-01-31": ""}, "Receivables": {"2020-10-31": "72.72800", "2020-07-31": "50.25500", "2020-04-30": "12.37500", "2020-01-31": "91.50800", "2019-10-31": "117.49300", "2019-07-31": "98.20100", "2019-04-30": "99.46100", "2019-01-31": "58.75200", "2018-10-31": "86.06900", "2018-07-31": "71.02600", "2018-04-30": "82.75800", "2018-01-31": "71.64900", "2017-10-31": "78.99500", "2017-07-31": "58.94100", "2017-04-30": "52.98000", "2017-01-31": "43.25200", "2016-10-31": "59.75700", "2016-07-31": "41.90200", "2016-04-30": "51.37100", "2016-01-31": "38.57100", "2015-10-31": "49.01800", "2015-07-31": "38.97900", "2015-04-30": "45.71700", "2015-01-31": "49.71600", "2014-10-31": "53.48400", "2014-07-31": "43.67800", "2014-04-30": "44.08400", "2014-01-31": "35.67800", "2013-10-31": "54.61900", "2013-07-31": "41.64000", "2013-04-30": "46.36200", "2013-01-31": "", "2012-10-31": "43.63800", "2012-01-31": "40.11000", "2011-01-31": ""}, "Inventory": {"2020-10-31": "866.98600", "2020-07-31": "607.55400", "2020-04-30": "625.90800", "2020-01-31": "777.24800", "2019-10-31": "1004.38600", "2019-07-31": "823.78700", "2019-04-30": "895.81300", "2019-01-31": "954.18300", "2018-10-31": "1056.59600", "2018-07-31": "843.92600", "2018-04-30": "786.55900", "2018-01-31": "752.56200", "2017-10-31": "903.66300", "2017-07-31": "726.98500", "2017-04-30": "725.53700", "2017-01-31": "701.89100", "2016-10-31": "822.46900", "2016-07-31": "744.96500", "2016-04-30": "804.69400", "2016-01-31": "783.52800", "2015-10-31": "934.01100", "2015-07-31": "802.34100", "2015-04-30": "822.31300", "2015-01-31": "788.70800", "2014-10-31": "899.88000", "2014-07-31": "711.51000", "2014-04-30": "707.62700", "2014-01-31": "720.05200", "2013-10-31": "902.42600", "2013-07-31": "748.30800", "2013-04-30": "727.21900", "2013-01-31": "", "2012-10-31": "844.99100", "2012-01-31": "682.26000", "2011-01-31": ""}, "Pre-Paid Expenses": {"2020-10-31": "339.87400", "2020-07-31": "150.25300", "2020-04-30": "94.28400", "2020-01-31": "136.69800", "2019-10-31": "146.17000", "2019-07-31": "144.83200", "2019-04-30": "129.61400", "2019-01-31": "124.80900", "2018-10-31": "148.70300", "2018-07-31": "147.57400", "2018-04-30": "126.69400", "2018-01-31": "115.13600", "2017-10-31": "91.91700", "2017-07-31": "102.08900", "2017-04-30": "78.81900", "2017-01-31": "73.78400", "2016-10-31": "104.05100", "2016-07-31": "86.89500", "2016-04-30": "69.52500", "2016-01-31": "62.16800", "2015-10-31": "68.72100", "2015-07-31": "106.22600", "2015-04-30": "90.17300", "2015-01-31": "58.68100", "2014-10-31": "123.38200", "2014-07-31": "107.82200", "2014-04-30": "82.86300", "2014-01-31": "82.23100", "2013-10-31": "96.50500", "2013-07-31": "89.02800", "2013-04-30": "81.29600", "2013-01-31": "", "2012-10-31": "78.13400", "2012-01-31": "", "2011-01-31": ""}, "Other Current Assets": {"2020-10-31": "", "2020-07-31": "", "2020-04-30": "2.26100", "2020-01-31": "2.26100", "2019-10-31": "", "2019-07-31": "", "2019-04-30": "", "2019-01-31": "", "2018-10-31": "", "2018-07-31": "", "2018-04-30": "", "2018-01-31": "", "2017-10-31": "", "2017-07-31": "", "2017-04-30": "", "2017-01-31": "", "2016-10-31": "", "2016-07-31": "", "2016-04-30": "", "2016-01-31": "", "2015-10-31": "", "2015-07-31": "", "2015-04-30": "", "2015-01-31": "", "2014-10-31": "", "2014-07-31": "", "2014-04-30": "", "2014-01-31": "", "2013-10-31": "", "2013-07-31": "", "2013-04-30": "", "2013-01-31": "", "2012-10-31": "0.48300", "2012-01-31": "85.14000", "2011-01-31": ""}, "Total Current Assets": {"2020-10-31": "2634.86100", "2020-07-31": "1891.79000", "2020-04-30": "2229.88000", "2020-01-31": "1417.37100", "2019-10-31": "1415.14500", "2019-07-31": "1185.90900", "2019-04-30": "1251.80100", "2019-01-31": "1271.90000", "2018-10-31": "1398.62700", "2018-07-31": "1173.99300", "2018-04-30": "1100.90100", "2018-01-31": "1100.43300", "2017-10-31": "1150.45500", "2017-07-31": "948.46300", "2017-04-30": "914.72400", "2017-01-31": "928.32400", "2016-10-31": "1046.87600", "2016-07-31": "932.03100", "2016-04-30": "981.49000", "2016-01-31": "932.98200", "2015-10-31": "1145.33100", "2015-07-31": "1037.02300", "2015-04-30": "1056.57200", "2015-01-31": "987.48300", "2014-10-31": "1156.49900", "2014-07-31": "938.57300", "2014-04-30": "951.01400", "2014-01-31": "1016.52000", "2013-10-31": "1364.87500", "2013-07-31": "959.59400", "2013-04-30": "1001.68600", "2013-01-31": "", "2012-10-31": "1048.49800", "2012-01-31": "877.98000", "2011-01-31": ""}, "Property, Plant, And Equipment": {"2020-10-31": "1442.35800", "2020-07-31": "1431.47600", "2020-04-30": "1407.08200", "2020-01-31": "1403.17300", "2019-10-31": "1375.48400", "2019-07-31": "1317.56200", "2019-04-30": "1288.18000", "2019-01-31": "1253.70500", "2018-10-31": "1239.48300", "2018-07-31": "1178.98900", "2018-04-30": "1148.25700", "2018-01-31": "1134.77200", "2017-10-31": "1111.94900", "2017-07-31": "1080.18100", "2017-04-30": "1055.17100", "2017-01-31": "1049.44700", "2016-10-31": "1040.29700", "2016-07-31": "1024.91900", "2016-04-30": "1011.86900", "2016-01-31": "1018.57000", "2015-10-31": "1018.18800", "2015-07-31": "986.39500", "2015-04-30": "967.05400", "2015-01-31": "970.41900", "2014-10-31": "964.21700", "2014-07-31": "932.56600", "2014-04-30": "907.77200", "2014-01-31": "902.65700", "2013-10-31": "895.41200", "2013-07-31": "882.19000", "2013-04-30": "871.61000", "2013-01-31": "", "2012-10-31": "893.69000", "2012-01-31": "1482.16000", "2011-01-31": ""}, "Long-Term Investments": {"2020-10-31": "", "2020-07-31": "", "2020-04-30": "", "2020-01-31": "", "2019-10-31": "", "2019-07-31": "", "2019-04-30": "", "2019-01-31": "", "2018-10-31": "", "2018-07-31": "", "2018-04-30": "", "2018-01-31": "", "2017-10-31": "", "2017-07-31": "", "2017-04-30": "", "2017-01-31": "", "2016-10-31": "", "2016-07-31": "", "2016-04-30": "", "2016-01-31": "", "2015-10-31": "", "2015-07-31": "", "2015-04-30": "", "2015-01-31": "", "2014-10-31": "", "2014-07-31": "", "2014-04-30": "", "2014-01-31": "", "2013-10-31": "", "2013-07-31": "", "2013-04-30": "", "2013-01-31": "", "2012-10-31": "", "2012-01-31": "", "2011-01-31": ""}, "Goodwill And Intangible Assets": {"2020-10-31": "285.64900", "2020-07-31": "285.69800", "2020-04-30": "285.74700", "2020-01-31": "285.79500", "2019-10-31": "285.84400", "2019-07-31": "285.89300", "2019-04-30": "286.00500", "2019-01-31": "449.38800", "2018-10-31": "458.21300", "2018-07-31": "463.51200", "2018-04-30": "468.66900", "2018-01-31": "474.01100", "2017-10-31": "480.43800", "2017-07-31": "486.28500", "2017-04-30": "492.21400", "2017-01-31": "498.24400", "2016-10-31": "505.74400", "2016-07-31": "511.64500", "2016-04-30": "517.54600", "2016-01-31": "523.81700", "2015-10-31": "533.27400", "2015-07-31": "539.31400", "2015-04-30": "545.35500", "2015-01-31": "551.46100", "2014-10-31": "557.87100", "2014-07-31": "564.41300", "2014-04-30": "570.99700", "2014-01-31": "577.61700", "2013-10-31": "584.49300", "2013-07-31": "591.37900", "2013-04-30": "598.26400", "2013-01-31": "", "2012-10-31": "623.50700", "2012-01-31": "644.96000", "2011-01-31": "0.00000"}, "Other Long-Term Assets": {"2020-10-31": "75.94500", "2020-07-31": "299.37300", "2020-04-30": "276.54590", "2020-01-31": "85.73100", "2019-10-31": "88.86900", "2019-07-31": "92.12010", "2019-04-30": "90.30490", "2019-01-31": "99.81800", "2018-10-31": "105.58700", "2018-07-31": "107.63100", "2018-04-30": "100.89500", "2018-01-31": "96.66100", "2017-10-31": "92.58200", "2017-07-31": "89.55700", "2017-04-30": "89.07100", "2017-01-31": "90.49500", "2016-10-31": "95.20300", "2016-07-31": "97.65900", "2016-04-30": "94.99600", "2016-01-31": "96.44400", "2015-10-31": "99.81500", "2015-07-31": "101.79900", "2015-04-30": "104.66600", "2015-01-31": "115.20600", "2014-10-31": "118.31400", "2014-07-31": "119.75000", "2014-04-30": "117.97600", "2014-01-31": "124.29800", "2013-10-31": "136.11200", "2013-07-31": "132.73700", "2013-04-30": "122.64000", "2013-01-31": "", "2012-10-31": "114.30700", "2012-01-31": "112.97000", "2011-01-31": ""}, "Total Long-Term Assets": {"2020-10-31": "4273.93500", "2020-07-31": "4478.14400", "2020-04-30": "4410.79700", "2020-01-31": "4176.48800", "2019-10-31": "4092.44200", "2019-07-31": "3860.52800", "2019-04-30": "3813.43800", "2019-01-31": "1807.27200", "2018-10-31": "1808.28700", "2018-07-31": "1756.62800", "2018-04-30": "1724.54500", "2018-01-31": "1712.39600", "2017-10-31": "1692.90800", "2017-07-31": "1663.30500", "2017-04-30": "1644.13400", "2017-01-31": "1646.15900", "2016-10-31": "1641.24400", "2016-07-31": "1634.22300", "2016-04-30": "1624.41100", "2016-01-31": "1638.83100", "2015-10-31": "1651.27700", "2015-07-31": "1627.50800", "2015-04-30": "1617.07500", "2015-01-31": "1637.08600", "2014-10-31": "1640.40200", "2014-07-31": "1616.72900", "2014-04-30": "1596.74500", "2014-01-31": "1604.57200", "2013-10-31": "1616.01700", "2013-07-31": "1606.30600", "2013-04-30": "1592.51400", "2013-01-31": "", "2012-10-31": "1631.50400", "2012-01-31": "2240.09000", "2011-01-31": ""}, "Total Assets": {"2020-10-31": "6908.79600", "2020-07-31": "6369.93400", "2020-04-30": "6640.67700", "2020-01-31": "5593.85900", "2019-10-31": "5507.58700", "2019-07-31": "5046.43700", "2019-04-30": "5065.23900", "2019-01-31": "3079.17200", "2018-10-31": "3206.91400", "2018-07-31": "2930.62100", "2018-04-30": "2825.44600", "2018-01-31": "2812.82900", "2017-10-31": "2843.36300", "2017-07-31": "2611.76800", "2017-04-30": "2558.85800", "2017-01-31": "2574.48300", "2016-10-31": "2688.12000", "2016-07-31": "2566.25400", "2016-04-30": "2605.90100", "2016-01-31": "2571.81300", "2015-10-31": "2796.60800", "2015-07-31": "2664.53100", "2015-04-30": "2673.64700", "2015-01-31": "2624.56900", "2014-10-31": "2796.90100", "2014-07-31": "2555.30200", "2014-04-30": "2547.75900", "2014-01-31": "2621.09200", "2013-10-31": "2980.89200", "2013-07-31": "2565.90000", "2013-04-30": "2594.20000", "2013-01-31": "0.00000", "2012-10-31": "2680.00200", "2012-01-31": "2501.14000", "2011-01-31": "0.00000"}, "Total Current Liabilities": {"2020-10-31": "1740.64600", "2020-07-31": "1225.19700", "2020-04-30": "1355.40600", "2020-01-31": "1461.90100", "2019-10-31": "1607.64600", "2019-07-31": "1315.76800", "2019-04-30": "1343.89000", "2019-01-31": "1247.74200", "2018-10-31": "1403.39600", "2018-07-31": "1120.08900", "2018-04-30": "1091.64900", "2018-01-31": "1119.63100", "2017-10-31": "1127.67500", "2017-07-31": "923.29600", "2017-04-30": "947.32000", "2017-01-31": "996.83400", "2016-10-31": "1019.65900", "2016-07-31": "838.90000", "2016-04-30": "874.90900", "2016-01-31": "886.58800", "2015-10-31": "1032.71900", "2015-07-31": "870.43100", "2015-04-30": "894.67600", "2015-01-31": "933.11700", "2014-10-31": "1078.90700", "2014-07-31": "836.25600", "2014-04-30": "826.17000", "2014-01-31": "903.81600", "2013-10-31": "1219.02100", "2013-07-31": "836.04200", "2013-04-30": "861.97200", "2013-01-31": "", "2012-10-31": "936.52300", "2012-01-31": "505.28000", "2011-01-31": ""}, "Long Term Debt": {"2020-10-31": "2169.49500", "2020-07-31": "2161.16600", "2020-04-30": "2304.09400", "2020-01-31": "1001.72300", "2019-10-31": "982.34800", "2019-07-31": "1079.77500", "2019-04-30": "1133.38500", "2019-01-31": "983.64300", "2018-10-31": "1089.11400", "2018-07-31": "1155.67100", "2018-04-30": "1122.55200", "2018-01-31": "1113.80800", "2017-10-31": "1294.30000", "2017-07-31": "1276.44300", "2017-04-30": "1152.18600", "2017-01-31": "1128.84300", "2016-10-31": "1303.00100", "2016-07-31": "1351.83000", "2016-04-30": "1350.17600", "2016-01-31": "1295.16300", "2015-10-31": "1403.72200", "2015-07-31": "1340.85700", "2015-04-30": "1306.57000", "2015-01-31": "1249.27600", "2014-10-31": "1410.83800", "2014-07-31": "1371.81900", "2014-04-30": "1366.41400", "2014-01-31": "1369.15900", "2013-10-31": "1484.28500", "2013-07-31": "1684.67500", "2013-04-30": "1671.65800", "2013-01-31": "", "2012-10-31": "1422.57100", "2012-01-31": "1605.46000", "2011-01-31": ""}, "Other Non-Current Liabilities": {"2020-10-31": "111.01900", "2020-07-31": "113.58000", "2020-04-30": "112.09200", "2020-01-31": "97.79800", "2019-10-31": "96.24900", "2019-07-31": "94.60100", "2019-04-30": "83.39300", "2019-01-31": "346.29800", "2018-10-31": "340.86600", "2018-07-31": "320.34300", "2018-04-30": "318.36700", "2018-01-31": "313.13000", "2017-10-31": "309.84800", "2017-07-31": "289.89100", "2017-04-30": "287.76000", "2017-01-31": "290.68300", "2016-10-31": "294.74000", "2016-07-31": "284.08300", "2016-04-30": "285.55400", "2016-01-31": "287.38900", "2015-10-31": "272.77400", "2015-07-31": "270.57500", "2015-04-30": "273.33500", "2015-01-31": "273.76700", "2014-10-31": "257.83200", "2014-07-31": "258.24100", "2014-04-30": "255.45600", "2014-01-31": "255.87700", "2013-10-31": "243.78500", "2013-07-31": "237.03100", "2013-04-30": "230.66100", "2013-01-31": "", "2012-10-31": "217.31300", "2012-01-31": "224.35000", "2011-01-31": ""}, "Total Long Term Liabilities": {"2020-10-31": "4881.57400", "2020-07-31": "4882.47800", "2020-04-30": "5006.17000", "2020-01-31": "3603.80900", "2019-10-31": "3508.35300", "2019-07-31": "3415.53200", "2019-04-30": "3442.80100", "2019-01-31": "1508.72000", "2018-10-31": "1610.13500", "2018-07-31": "1657.23900", "2018-04-30": "1622.52600", "2018-01-31": "1606.42400", "2017-10-31": "1826.22100", "2017-07-31": "1784.37200", "2017-04-30": "1652.44600", "2017-01-31": "1627.46100", "2016-10-31": "1803.86500", "2016-07-31": "1831.08800", "2016-04-30": "1836.23000", "2016-01-31": "1784.24700", "2015-10-31": "1885.82600", "2015-07-31": "1834.73700", "2015-04-30": "1809.32300", "2015-01-31": "1757.40300", "2014-10-31": "1885.85900", "2014-07-31": "1859.19200", "2014-04-30": "1857.85600", "2014-01-31": "1867.74400", "2013-10-31": "1977.65500", "2013-07-31": "2168.77100", "2013-04-30": "2153.48600", "2013-01-31": "", "2012-10-31": "1893.96600", "2012-01-31": "2106.79000", "2011-01-31": ""}, "Total Liabilities": {"2020-10-31": "6622.22000", "2020-07-31": "6107.67400", "2020-04-30": "6361.57600", "2020-01-31": "5065.71000", "2019-10-31": "5115.99900", "2019-07-31": "4731.30000", "2019-04-30": "4786.69100", "2019-01-31": "2756.46200", "2018-10-31": "3013.53100", "2018-07-31": "2777.32800", "2018-04-30": "2714.17500", "2018-01-31": "2726.05500", "2017-10-31": "2953.89600", "2017-07-31": "2707.66800", "2017-04-30": "2599.76600", "2017-01-31": "2624.29500", "2016-10-31": "2823.52400", "2016-07-31": "2669.98800", "2016-04-30": "2711.13900", "2016-01-31": "2670.83500", "2015-10-31": "2918.54500", "2015-07-31": "2705.16800", "2015-04-30": "2703.99900", "2015-01-31": "2690.52000", "2014-10-31": "2964.76600", "2014-07-31": "2695.44800", "2014-04-30": "2684.02600", "2014-01-31": "2771.56000", "2013-10-31": "3196.67600", "2013-07-31": "3004.81300", "2013-04-30": "3015.45800", "2013-01-31": "", "2012-10-31": "2830.48900", "2012-01-31": "2612.08000", "2011-01-31": "0.00000"}, "Common Stock Net": {"2020-10-31": "0.00700", "2020-07-31": "0.00700", "2020-04-30": "0.00700", "2020-01-31": "0.00700", "2019-10-31": "0.00700", "2019-07-31": "0.00700", "2019-04-30": "0.00700", "2019-01-31": "0.00700", "2018-10-31": "0.00700", "2018-07-31": "0.00700", "2018-04-30": "0.00700", "2018-01-31": "0.00700", "2017-10-31": "0.00700", "2017-07-31": "0.00700", "2017-04-30": "0.00700", "2017-01-31": "0.00700", "2016-10-31": "0.00700", "2016-07-31": "0.00700", "2016-04-30": "0.00700", "2016-01-31": "0.00700", "2015-10-31": "0.00700", "2015-07-31": "0.00700", "2015-04-30": "0.00700", "2015-01-31": "0.00700", "2014-10-31": "0.00700", "2014-07-31": "0.00700", "2014-04-30": "0.00700", "2014-01-31": "0.00700", "2013-10-31": "0.00700", "2013-07-31": "1076.29100", "2013-04-30": "1034.77600", "2013-01-31": "", "2012-10-31": "988.57100", "2012-01-31": "884.99000", "2011-01-31": "0.00000"}, "Retained Earnings (Accumulated Deficit)": {"2020-10-31": "-167.69600", "2020-07-31": "-175.71200", "2020-04-30": "-128.93100", "2020-01-31": "204.79700", "2019-10-31": "-1.52800", "2019-07-31": "-97.98700", "2019-04-30": "-182.55400", "2019-01-31": "-260.91900", "2018-10-31": "-445.27000", "2018-07-31": "-522.12000", "2018-04-30": "-593.07700", "2018-01-31": "-675.66400", "2017-10-31": "-916.36700", "2017-07-31": "-961.24600", "2017-04-30": "-1008.14800", "2017-01-31": "-1060.09900", "2016-10-31": "-1185.66000", "2016-07-31": "-1218.06400", "2016-04-30": "-1238.45800", "2016-01-31": "-1275.97200", "2015-10-31": "-1374.74500", "2015-07-31": "-1389.86000", "2015-04-30": "-1400.75900", "2015-01-31": "-1426.45400", "2014-10-31": "-1521.31900", "2014-07-31": "-1487.10500", "2014-04-30": "-1480.63500", "2014-01-31": "-1492.40900", "2013-10-31": "-1555.99300", "2013-07-31": "-1515.20000", "2013-04-30": "-1456.03000", "2013-01-31": "", "2012-10-31": "-1139.05400", "2012-01-31": "-995.93000", "2011-01-31": ""}, "Comprehensive Income": {"2020-10-31": "-24.69200", "2020-07-31": "-27.39400", "2020-04-30": "-27.46100", "2020-01-31": "-18.96000", "2019-10-31": "-17.64500", "2019-07-31": "-17.14200", "2019-04-30": "-7.07000", "2019-01-31": "-3.61300", "2018-10-31": "0.62400", "2018-07-31": "0.10200", "2018-04-30": "-0.24400", "2018-01-31": "-1.88700", "2017-10-31": "-4.49200", "2017-07-31": "-6.54400", "2017-04-30": "-6.79700", "2017-01-31": "-7.19100", "2016-10-31": "-11.18600", "2016-07-31": "-11.86700", "2016-04-30": "-9.98600", "2016-01-31": "-8.99200", "2015-10-31": "-5.84400", "2015-07-31": "-2.54100", "2015-04-30": "-0.84300", "2015-01-31": "-1.74400", "2014-10-31": "-0.74500", "2014-07-31": "0.00000", "2014-04-30": "0.00000", "2014-01-31": "", "2013-10-31": "", "2013-07-31": "", "2013-04-30": "", "2013-01-31": "", "2012-10-31": "0.00000", "2012-01-31": "", "2011-01-31": ""}, "Other Share Holders Equity": {"2020-10-31": "", "2020-07-31": "", "2020-04-30": "", "2020-01-31": "", "2019-10-31": "", "2019-07-31": "", "2019-04-30": "", "2019-01-31": "", "2018-10-31": "", "2018-07-31": "", "2018-04-30": "", "2018-01-31": "", "2017-10-31": "", "2017-07-31": "", "2017-04-30": "", "2017-01-31": "", "2016-10-31": "", "2016-07-31": "", "2016-04-30": "", "2016-01-31": "", "2015-10-31": "", "2015-07-31": "", "2015-04-30": "", "2015-01-31": "", "2014-10-31": "", "2014-07-31": "", "2014-04-30": "", "2014-01-31": "", "2013-10-31": "", "2013-07-31": "", "2013-04-30": "", "2013-01-31": "", "2012-10-31": "", "2012-01-31": "0.00000", "2011-01-31": "0.00000"}, "Share Holder Equity": {"2020-10-31": "286.57600", "2020-07-31": "262.26000", "2020-04-30": "279.10100", "2020-01-31": "528.14900", "2019-10-31": "391.58800", "2019-07-31": "315.13700", "2019-04-30": "278.54800", "2019-01-31": "322.71000", "2018-10-31": "193.38300", "2018-07-31": "153.29300", "2018-04-30": "111.27100", "2018-01-31": "86.77400", "2017-10-31": "-110.53300", "2017-07-31": "-95.90000", "2017-04-30": "-40.90800", "2017-01-31": "-49.81200", "2016-10-31": "-135.40400", "2016-07-31": "-103.73400", "2016-04-30": "-105.23800", "2016-01-31": "-99.02200", "2015-10-31": "-121.93700", "2015-07-31": "-40.63700", "2015-04-30": "-30.35200", "2015-01-31": "-65.95100", "2014-10-31": "-167.86500", "2014-07-31": "-140.14600", "2014-04-30": "-136.26700", "2014-01-31": "-150.46800", "2013-10-31": "-215.78400", "2013-07-31": "-438.90500", "2013-04-30": "-421.25000", "2013-01-31": "", "2012-10-31": "-150.48700", "2012-01-31": "-110.94000", "2011-01-31": "0.00000"}, "Total Liabilities And Share Holders Equity": {"2020-10-31": "6908.79600", "2020-07-31": "6369.93400", "2020-04-30": "6640.67700", "2020-01-31": "5593.85900", "2019-10-31": "5507.58700", "2019-07-31": "5046.43700", "2019-04-30": "5065.23900", "2019-01-31": "3079.17200", "2018-10-31": "3206.91400", "2018-07-31": "2930.62100", "2018-04-30": "2825.44600", "2018-01-31": "2812.82900", "2017-10-31": "2843.36300", "2017-07-31": "2611.76800", "2017-04-30": "2558.85800", "2017-01-31": "2574.48300", "2016-10-31": "2688.12000", "2016-07-31": "2566.25400", "2016-04-30": "2605.90100", "2016-01-31": "2571.81300", "2015-10-31": "2796.60800", "2015-07-31": "2664.53100", "2015-04-30": "2673.64700", "2015-01-31": "2624.56900", "2014-10-31": "2796.90100", "2014-07-31": "2555.30200", "2014-04-30": "2547.75900", "2014-01-31": "2621.09200", "2013-10-31": "2980.89200", "2013-07-31": "2565.90000", "2013-04-30": "2594.20000", "2013-01-31": "", "2012-10-31": "2680.00200", "2012-01-31": "2501.14000", "2011-01-31": "0.00000"}}, "cash flow statement": {"Net Income/Loss": {"2020-01-31": "465.11600", "2019-01-31": "414.74500", "2018-01-31": "384.85200", "2017-01-31": "215.87300", "2016-01-31": "150.48200", "2015-01-31": "65.95500", "2014-01-31": "16.15000", "2013-01-31": "25.30100", "2012-01-31": "-6.27200", "2011-01-31": "30.99800"}, "Total Depreciation And Amortization - Cash Flow": {"2020-01-31": "211.96700", "2019-01-31": "219.48000", "2018-01-31": "203.56600", "2017-01-31": "186.26500", "2016-01-31": "174.96700", "2015-01-31": "173.63700", "2014-01-31": "177.76900", "2013-01-31": "172.59100", "2012-01-31": "164.97400", "2011-01-31": "159.10500"}, "Other Non-Cash Items": {"2020-01-31": "127.00500", "2019-01-31": "72.70000", "2018-01-31": "26.50800", "2017-01-31": "-7.67900", "2016-01-31": "0.49600", "2015-01-31": "-27.39100", "2014-01-31": "2.42800", "2013-01-31": "8.23100", "2012-01-31": "24.63100", "2011-01-31": "13.34100"}, "Total Non-Cash Items": {"2020-01-31": "338.97200", "2019-01-31": "292.18000", "2018-01-31": "230.07400", "2017-01-31": "178.58600", "2016-01-31": "175.46300", "2015-01-31": "146.24600", "2014-01-31": "180.19700", "2013-01-31": "180.82200", "2012-01-31": "189.60500", "2011-01-31": "172.44600"}, "Change In Accounts Receivable": {"2020-01-31": "-8.81600", "2019-01-31": "3.48200", "2018-01-31": "-19.98300", "2017-01-31": "-3.48900", "2016-01-31": "1.26300", "2015-01-31": "-8.61600", "2014-01-31": "1.57300", "2013-01-31": "-11.81400", "2012-01-31": "-1.65000", "2011-01-31": "-1.16800"}, "Change In Inventories": {"2020-01-31": "176.43000", "2019-01-31": "-201.62100", "2018-01-31": "-50.67100", "2017-01-31": "81.04800", "2016-01-31": "5.18000", "2015-01-31": "-68.65800", "2014-01-31": "-39.86200", "2013-01-31": "2.07000", "2012-01-31": "-38.03300", "2011-01-31": "-30.93300"}, "Change In Accounts Payable": {"2020-01-31": "-90.89900", "2019-01-31": "111.02300", "2018-01-31": "97.00300", "2017-01-31": "41.54300", "2016-01-31": "-23.48300", "2015-01-31": "78.69500", "2014-01-31": "42.58100", "2013-01-31": "224.12100", "2012-01-31": "85.82400", "2011-01-31": "50.65900"}, "Change In Assets/Liabilities": {"2020-01-31": "14.78000", "2019-01-31": "15.01900", "2018-01-31": "-42.45500", "2017-01-31": "99.47900", "2016-01-31": "28.54000", "2015-01-31": "87.47400", "2014-01-31": "87.18300", "2013-01-31": "32.34600", "2012-01-31": "20.50900", "2011-01-31": "-13.29800"}, "Total Change In Assets/Liabilities": {"2020-01-31": "91.49500", "2019-01-31": "-72.09700", "2018-01-31": "-16.10600", "2017-01-31": "218.58100", "2016-01-31": "11.50000", "2015-01-31": "88.89500", "2014-01-31": "91.47500", "2013-01-31": "246.72300", "2012-01-31": "66.65000", "2011-01-31": "5.26000"}, "Cash Flow From Operating Activities": {"2020-01-31": "891.72500", "2019-01-31": "639.65300", "2018-01-31": "607.25000", "2017-01-31": "615.91600", "2016-01-31": "339.40200", "2015-01-31": "302.33500", "2014-01-31": "289.35100", "2013-01-31": "452.50900", "2012-01-31": "249.98300", "2011-01-31": "208.70400"}, "Net Change In Property, Plant, And Equipment": {"2020-01-31": "-328.35700", "2019-01-31": "-289.75200", "2018-01-31": "-268.19700", "2017-01-31": "-180.21900", "2016-01-31": "-197.53700", "2015-01-31": "-220.80600", "2014-01-31": "-167.49400", "2013-01-31": "-165.28600", "2012-01-31": "-152.61600", "2011-01-31": "-132.16900"}, "Net Change In Intangible Assets": {"2020-01-31": "", "2019-01-31": "", "2018-01-31": "", "2017-01-31": "", "2016-01-31": "", "2015-01-31": "", "2014-01-31": "", "2013-01-31": "", "2012-01-31": "", "2011-01-31": ""}, "Net Acquisitions/Divestitures": {"2020-01-31": "", "2019-01-31": "", "2018-01-31": "", "2017-01-31": "", "2016-01-31": "", "2015-01-31": "", "2014-01-31": "", "2013-01-31": "", "2012-01-31": "", "2011-01-31": ""}, "Net Change In Short-term Investments": {"2020-01-31": "", "2019-01-31": "", "2018-01-31": "", "2017-01-31": "", "2016-01-31": "", "2015-01-31": "", "2014-01-31": "", "2013-01-31": "", "2012-01-31": "", "2011-01-31": ""}, "Net Change In Long-Term Investments": {"2020-01-31": "", "2019-01-31": "", "2018-01-31": "", "2017-01-31": "", "2016-01-31": "", "2015-01-31": "", "2014-01-31": "", "2013-01-31": "", "2012-01-31": "", "2011-01-31": "0.24000"}, "Net Change In Investments - Total": {"2020-01-31": "", "2019-01-31": "", "2018-01-31": "", "2017-01-31": "", "2016-01-31": "", "2015-01-31": "", "2014-01-31": "", "2013-01-31": "", "2012-01-31": "", "2011-01-31": "0.24000"}, "Investing Activities - Other": {"2020-01-31": "3.75900", "2019-01-31": "-8.75600", "2018-01-31": "5.98900", "2017-01-31": "-0.13200", "2016-01-31": "2.80500", "2015-01-31": "4.30000", "2014-01-31": "2.70000", "2013-01-31": "-0.53000", "2012-01-31": "-6.15700", "2011-01-31": "-28.03300"}, "Cash Flow From Investing Activities": {"2020-01-31": "-324.59800", "2019-01-31": "-298.50800", "2018-01-31": "-262.20800", "2017-01-31": "-180.35100", "2016-01-31": "-194.73200", "2015-01-31": "-216.50600", "2014-01-31": "-164.79400", "2013-01-31": "-165.81600", "2012-01-31": "-158.77300", "2011-01-31": "-159.96200"}, "Net Long-Term Debt": {"2020-01-31": "", "2019-01-31": "-152.79300", "2018-01-31": "-5.58590", "2017-01-31": "-170.19210", "2016-01-31": "54.10000", "2015-01-31": "-188.42990", "2014-01-31": "84.69010", "2013-01-31": "-279.60400", "2012-01-31": "240.77910", "2011-01-31": "-41.80000"}, "Net Current Debt": {"2020-01-31": "", "2019-01-31": "", "2018-01-31": "", "2017-01-31": "", "2016-01-31": "", "2015-01-31": "", "2014-01-31": "", "2013-01-31": "", "2012-01-31": "", "2011-01-31": ""}, "Debt Issuance/Retirement Net - Total": {"2020-01-31": "", "2019-01-31": "-152.79300", "2018-01-31": "-5.58590", "2017-01-31": "-170.19210", "2016-01-31": "54.10000", "2015-01-31": "-188.42990", "2014-01-31": "84.69010", "2013-01-31": "-279.60400", "2012-01-31": "240.77910", "2011-01-31": "-41.80000"}, "Net Common Equity Issued/Repurchased": {"2020-01-31": "-288.85800", "2019-01-31": "-212.56800", "2018-01-31": "-280.60400", "2017-01-31": "-197.88700", "2016-01-31": "-199.57000", "2015-01-31": "-1.41900", "2014-01-31": "263.19400", "2013-01-31": "2.75300", "2012-01-31": "2.01800", "2011-01-31": "-0.25100"}, "Net Total Equity Issued/Repurchased": {"2020-01-31": "-288.85800", "2019-01-31": "-212.56800", "2018-01-31": "-280.60400", "2017-01-31": "-197.88700", "2016-01-31": "-199.57000", "2015-01-31": "-1.41900", "2014-01-31": "263.19400", "2013-01-31": "2.75300", "2012-01-31": "2.01800", "2011-01-31": "-0.25100"}, "Total Common And Preferred Stock Dividends Paid": {"2020-01-31": "", "2019-01-31": "", "2018-01-31": "", "2017-01-31": "", "2016-01-31": "", "2015-01-31": "", "2014-01-31": "-336.00000", "2013-01-31": "-1.71100", "2012-01-31": "-297.91700", "2011-01-31": ""}, "Financial Activities - Other": {"2020-01-31": "-2.76900", "2019-01-31": "-2.71400", "2018-01-31": "-7.16300", "2017-01-31": "-6.80400", "2016-01-31": "-3.63400", "2015-01-31": "-3.61500", "2014-01-31": "-46.79300", "2013-01-31": "-0.45900", "2012-01-31": "-30.64000", "2011-01-31": "-1.22700"}, "Cash Flow From Financial Activities": {"2020-01-31": "-291.62700", "2019-01-31": "-368.07500", "2018-01-31": "-293.35300", "2017-01-31": "-374.88300", "2016-01-31": "-149.10400", "2015-01-31": "-193.46400", "2014-01-31": "-34.90900", "2013-01-31": "-279.02100", "2012-01-31": "-85.76000", "2011-01-31": "-43.27800"}, "Net Cash Flow": {"2020-01-31": "275.50000", "2019-01-31": "-26.93000", "2018-01-31": "51.68900", "2017-01-31": "60.68200", "2016-01-31": "-4.43400", "2015-01-31": "-107.63500", "2014-01-31": "89.64800", "2013-01-31": "7.67200", "2012-01-31": "5.45000", "2011-01-31": "5.46400"}, "Stock-Based Compensation": {"2020-01-31": "43.92800", "2019-01-31": "35.48500", "2018-01-31": "27.03400", "2017-01-31": "15.95300", "2016-01-31": "11.16100", "2015-01-31": "6.26400", "2014-01-31": "10.20300", "2013-01-31": "2.74700", "2012-01-31": "5.79700", "2011-01-31": "2.23000"}, "Common Stock Dividends Paid": {"2020-01-31": "", "2019-01-31": "", "2018-01-31": "", "2017-01-31": "", "2016-01-31": "", "2015-01-31": "", "2014-01-31": "-336.00000", "2013-01-31": "-1.71100", "2012-01-31": "-297.91700", "2011-01-31": ""}}, "cash flow statement, quarterly": {"Net Income/Loss": {"2020-10-31": 8.016, "2020-07-31": -46.781, "2020-04-30": "-333.72800", "2020-01-31": 206.325, "2019-10-31": 96.459, "2019-07-31": 84.567, "2019-04-30": "77.76500", "2019-01-31": 184.351, "2018-10-31": 76.85, "2018-07-31": 70.956, "2018-04-30": "82.58800", "2018-01-31": 240.703, "2017-10-31": 44.879, "2017-07-31": 46.902, "2017-04-30": "52.36800", "2017-01-31": 125.561, "2016-10-31": 32.404, "2016-07-31": 20.394, "2016-04-30": "37.51400", "2016-01-31": 98.773, "2015-10-31": 15.114, "2015-07-31": 10.9, "2015-04-30": "25.69500", "2015-01-31": 94.865, "2014-10-31": -34.214, "2014-07-31": -6.47, "2014-04-30": "11.77400", "2014-01-31": 63.584, "2013-10-31": -16.857, "2013-07-31": -25.014, "2013-04-30": "-5.56300", "2013-01-31": 67.944, "2012-10-31": -36.374, "2012-01-31": -37.26, "2011-01-31": 30.99}, "Total Depreciation And Amortization - Cash Flow": {"2020-10-31": 56.31, "2020-07-31": 55.71, "2020-04-30": "54.77000", "2020-01-31": 55.391, "2019-10-31": 53.033, "2019-07-31": 52.572, "2019-04-30": "50.97100", "2019-01-31": 57.017, "2018-10-31": 54.102, "2018-07-31": 57.353, "2018-04-30": "51.00800", "2018-01-31": 54.122, "2017-10-31": 51.469, "2017-07-31": 49.333, "2017-04-30": "48.64200", "2017-01-31": 47.583, "2016-10-31": 47.098, "2016-07-31": 45.327, "2016-04-30": "46.25700", "2016-01-31": 45.724, "2015-10-31": 43.89, "2015-07-31": 42.464, "2015-04-30": "42.88900", "2015-01-31": 43.993, "2014-10-31": 43.503, "2014-07-31": 42.704, "2014-04-30": "43.43700", "2014-01-31": 44.207, "2013-10-31": 43.738, "2013-07-31": 43.789, "2013-04-30": "46.03500", "2013-01-31": 47.704, "2012-10-31": -40.084, "2012-01-31": 5.87, "2011-01-31": 159.1}, "Other Non-Cash Items": {"2020-10-31": 23.748, "2020-07-31": 26.647, "2020-04-30": "23.87500", "2020-01-31": 50.426, "2019-10-31": 26.271, "2019-07-31": 21.415, "2019-04-30": "28.89300", "2019-01-31": 26.519, "2018-10-31": 24.44, "2018-07-31": 10.29, "2018-04-30": "11.45100", "2018-01-31": 10.614, "2017-10-31": 5.177, "2017-07-31": 7.511, "2017-04-30": "3.20600", "2017-01-31": -7.736, "2016-10-31": 8.684, "2016-07-31": -4.354, "2016-04-30": "-4.27300", "2016-01-31": 38.664, "2015-10-31": -18.08, "2015-07-31": -8.911, "2015-04-30": "-11.17700", "2015-01-31": -9.178, "2014-10-31": 2.584, "2014-07-31": -8.234, "2014-04-30": "-12.56300", "2014-01-31": 7.676, "2013-10-31": 3.285, "2013-07-31": -2.049, "2013-04-30": "-6.48400", "2013-01-31": 14.613, "2012-10-31": -14.613, "2012-01-31": 0, "2011-01-31": 0}, "Total Non-Cash Items": {"2020-10-31": 80.058, "2020-07-31": 82.357, "2020-04-30": "78.64500", "2020-01-31": 105.817, "2019-10-31": 79.304, "2019-07-31": 73.987, "2019-04-30": "79.86400", "2019-01-31": 83.536, "2018-10-31": 78.542, "2018-07-31": 67.643, "2018-04-30": "62.45900", "2018-01-31": 64.736, "2017-10-31": 56.646, "2017-07-31": 56.844, "2017-04-30": "51.84800", "2017-01-31": 39.847, "2016-10-31": 55.782, "2016-07-31": 40.973, "2016-04-30": "41.98400", "2016-01-31": 84.388, "2015-10-31": 25.81, "2015-07-31": 33.553, "2015-04-30": "31.71200", "2015-01-31": 34.815, "2014-10-31": 46.087, "2014-07-31": 34.47, "2014-04-30": "30.87400", "2014-01-31": 51.883, "2013-10-31": 47.023, "2013-07-31": 41.74, "2013-04-30": "39.55100", "2013-01-31": 62.317, "2012-10-31": -54.697, "2012-01-31": 5.87, "2011-01-31": 159.1}, "Change In Accounts Receivable": {"2020-10-31": -14.753, "2020-07-31": -30.063, "2020-04-30": "89.36700", "2020-01-31": 18.625, "2019-10-31": -4.687, "2019-07-31": -2.584, "2019-04-30": "-20.17000", "2019-01-31": 17.774, "2018-10-31": -7.795, "2018-07-31": 3.88, "2018-04-30": "-10.37700", "2018-01-31": 5.911, "2017-10-31": -14.783, "2017-07-31": -0.803, "2017-04-30": "-10.30800", "2017-01-31": 10.182, "2016-10-31": -8.637, "2016-07-31": 8.253, "2016-04-30": "-13.28700", "2016-01-31": 8.693, "2015-10-31": -9.332, "2015-07-31": 3.917, "2015-04-30": "-2.01500", "2015-01-31": 11.351, "2014-10-31": -11.701, "2014-07-31": 2.172, "2014-04-30": "-10.43800", "2014-01-31": 11.338, "2013-10-31": -4.131, "2013-07-31": 1.704, "2013-04-30": "-7.33800", "2013-01-31": 11.883, "2012-10-31": -11.883, "2012-01-31": 0, "2011-01-31": 0}, "Change In Inventories": {"2020-10-31": -259.433, "2020-07-31": 18.354, "2020-04-30": "151.34000", "2020-01-31": 227.139, "2019-10-31": -180.599, "2019-07-31": 72.026, "2019-04-30": "57.86400", "2019-01-31": 102.412, "2018-10-31": -212.67, "2018-07-31": -57.366, "2018-04-30": "-33.99700", "2018-01-31": 151.101, "2017-10-31": -176.678, "2017-07-31": -1.448, "2017-04-30": "-23.64600", "2017-01-31": 120.566, "2016-10-31": -77.781, "2016-07-31": 59.429, "2016-04-30": "-21.16600", "2016-01-31": 150.483, "2015-10-31": -131.67, "2015-07-31": 19.972, "2015-04-30": "-33.60500", "2015-01-31": 111.17, "2014-10-31": -188.369, "2014-07-31": -3.884, "2014-04-30": "12.42500", "2014-01-31": 182.374, "2013-10-31": -154.118, "2013-07-31": -21.089, "2013-04-30": "-47.02900", "2013-01-31": 162.731, "2012-10-31": -162.731, "2012-01-31": 0, "2011-01-31": 0}, "Change In Accounts Payable": {"2020-10-31": 431.067, "2020-07-31": -199.373, "2020-04-30": "-70.37700", "2020-01-31": -126.913, "2019-10-31": 194.689, "2019-07-31": -17.908, "2019-04-30": "-140.76700", "2019-01-31": -120.302, "2018-10-31": 206.145, "2018-07-31": 37.896, "2018-04-30": "-12.71600", "2018-01-31": -28.064, "2017-10-31": 160.514, "2017-07-31": -3.016, "2017-04-30": "-32.43100", "2017-01-31": -46.547, "2016-10-31": 141.328, "2016-07-31": -50.279, "2016-04-30": "-2.95900", "2016-01-31": -105.988, "2015-10-31": 113.689, "2015-07-31": -41.292, "2015-04-30": "10.10800", "2015-01-31": -144.828, "2014-10-31": 201.979, "2014-07-31": -11.381, "2014-04-30": "32.92500", "2014-01-31": -165.412, "2013-10-31": 152.806, "2013-07-31": -75.067, "2013-04-30": "130.25400", "2013-01-31": -401.807, "2012-10-31": 401.807, "2012-01-31": 0, "2011-01-31": 0}, "Change In Assets/Liabilities": {"2020-10-31": 107.71, "2020-07-31": -29.437, "2020-04-30": "-190.87300", "2020-01-31": -17.927, "2019-10-31": 68.796, "2019-07-31": -35.656, "2019-04-30": "-0.43300", "2019-01-31": -4.082, "2018-10-31": 65.971, "2018-07-31": -17.938, "2018-04-30": "-28.93200", "2018-01-31": -50.434, "2017-10-31": 76.444, "2017-07-31": -57.621, "2017-04-30": "-10.84400", "2017-01-31": 67.427, "2016-10-31": 44.175, "2016-07-31": -0.68, "2016-04-30": "-11.44300", "2016-01-31": -1.278, "2015-10-31": 90.48, "2015-07-31": -6.208, "2015-04-30": "-54.45400", "2015-01-31": 105.87, "2014-10-31": 22.838, "2014-07-31": -6.96, "2014-04-30": "-34.27400", "2014-01-31": 61.634, "2013-10-31": -0.164, "2013-07-31": 39.885, "2013-04-30": "-14.17200", "2013-01-31": -18.374, "2012-10-31": 18.374, "2012-01-31": 0, "2011-01-31": 0}, "Total Change In Assets/Liabilities": {"2020-10-31": 264.591, "2020-07-31": -240.519, "2020-04-30": "-20.54300", "2020-01-31": 100.924, "2019-10-31": 78.199, "2019-07-31": 15.878, "2019-04-30": "-103.50600", "2019-01-31": -4.198, "2018-10-31": 51.651, "2018-07-31": -33.528, "2018-04-30": "-86.02200", "2018-01-31": 78.514, "2017-10-31": 45.497, "2017-07-31": -62.888, "2017-04-30": "-77.22900", "2017-01-31": 151.628, "2016-10-31": 99.085, "2016-07-31": 16.723, "2016-04-30": "-48.85500", "2016-01-31": 51.91, "2015-10-31": 63.167, "2015-07-31": -23.611, "2015-04-30": "-79.96600", "2015-01-31": 83.563, "2014-10-31": 24.747, "2014-07-31": -20.053, "2014-04-30": "0.63800", "2014-01-31": 89.934, "2013-10-31": -5.607, "2013-07-31": -54.567, "2013-04-30": "61.71500", "2013-01-31": 5.153, "2012-10-31": 178.927, "2012-01-31": 61.38, "2011-01-31": 5.26}, "Cash Flow From Operating Activities": {"2020-10-31": 356.093, "2020-07-31": -201.295, "2020-04-30": "-271.73500", "2020-01-31": 414.852, "2019-10-31": 247.45, "2019-07-31": 175.232, "2019-04-30": "54.19100", "2019-01-31": 264.3, "2018-10-31": 209.046, "2018-07-31": 106.097, "2018-04-30": "60.21000", "2018-01-31": 385.754, "2017-10-31": 149.319, "2017-07-31": 43.593, "2017-04-30": "28.58400", "2017-01-31": 317.696, "2016-10-31": 188.573, "2016-07-31": 76.2, "2016-04-30": "33.44700", "2016-01-31": 235.703, "2015-10-31": 104.405, "2015-07-31": 21.152, "2015-04-30": "-21.85800", "2015-01-31": 213.831, "2014-10-31": 36.925, "2014-07-31": 8.061, "2014-04-30": "43.51800", "2014-01-31": 206.07, "2013-10-31": 25.419, "2013-07-31": -37.841, "2013-04-30": "95.70300", "2013-01-31": 139.304, "2012-10-31": 63.216, "2012-01-31": 41.28, "2011-01-31": 208.7}, "Net Change In Property, Plant, And Equipment": {"2020-10-31": -80.715, "2020-07-31": -71.259, "2020-04-30": "-62.46300", "2020-01-31": -68.658, "2019-10-31": -96.219, "2019-07-31": -79.699, "2019-04-30": "-83.78100", "2019-01-31": -67.251, "2018-10-31": -100.535, "2018-07-31": -67.025, "2018-04-30": "-54.94100", "2018-01-31": -75.706, "2017-10-31": -84.691, "2017-07-31": -54.887, "2017-04-30": "-52.91300", "2017-01-31": -42.576, "2016-10-31": -61.694, "2016-07-31": -45.524, "2016-04-30": "-30.42500", "2016-01-31": -43.817, "2015-10-31": -71.785, "2015-07-31": -38.955, "2015-04-30": "-42.98000", "2015-01-31": -56.442, "2014-10-31": -69.931, "2014-07-31": -48.556, "2014-04-30": "-45.87700", "2014-01-31": -45.428, "2013-10-31": -54.46, "2013-07-31": -37.956, "2013-04-30": "-29.65000", "2013-01-31": -36.433, "2012-10-31": 23.763, "2012-01-31": -20.45, "2011-01-31": -132.16}, "Net Change In Intangible Assets": {"2020-10-31": 0, "2020-07-31": 0, "2020-04-30": "", "2020-01-31": 0, "2019-10-31": 0, "2019-07-31": 0, "2019-04-30": "", "2019-01-31": 0, "2018-10-31": 0, "2018-07-31": 0, "2018-04-30": "", "2018-01-31": 0, "2017-10-31": 0, "2017-07-31": 0, "2017-04-30": "", "2017-01-31": 0, "2016-10-31": 0, "2016-07-31": 0, "2016-04-30": "", "2016-01-31": 0, "2015-10-31": 0, "2015-07-31": 0, "2015-04-30": "", "2015-01-31": 0, "2014-10-31": 0, "2014-07-31": 0, "2014-04-30": "", "2014-01-31": 0, "2013-10-31": 0, "2013-07-31": 0, "2013-04-30": "", "2013-01-31": 0, "2012-10-31": 0, "2012-01-31": 0, "2011-01-31": 0}, "Net Acquisitions/Divestitures": {"2020-10-31": 0, "2020-07-31": 0, "2020-04-30": "", "2020-01-31": 0, "2019-10-31": 0, "2019-07-31": 0, "2019-04-30": "", "2019-01-31": 0, "2018-10-31": 0, "2018-07-31": 0, "2018-04-30": "", "2018-01-31": 0, "2017-10-31": 0, "2017-07-31": 0, "2017-04-30": "", "2017-01-31": 0, "2016-10-31": 0, "2016-07-31": 0, "2016-04-30": "", "2016-01-31": 0, "2015-10-31": 0, "2015-07-31": 0, "2015-04-30": "", "2015-01-31": 0, "2014-10-31": 0, "2014-07-31": 0, "2014-04-30": "", "2014-01-31": 0, "2013-10-31": 0, "2013-07-31": 0, "2013-04-30": "", "2013-01-31": 0, "2012-10-31": 0.55, "2012-01-31": -0.13, "2011-01-31": -0.42}, "Net Change In Short-term Investments": {"2020-10-31": 0, "2020-07-31": 0, "2020-04-30": "", "2020-01-31": 0, "2019-10-31": 0, "2019-07-31": 0, "2019-04-30": "", "2019-01-31": 0, "2018-10-31": 0, "2018-07-31": 0, "2018-04-30": "", "2018-01-31": 0, "2017-10-31": 0, "2017-07-31": 0, "2017-04-30": "", "2017-01-31": 0, "2016-10-31": 0, "2016-07-31": 0, "2016-04-30": "", "2016-01-31": 0, "2015-10-31": 0, "2015-07-31": 0, "2015-04-30": "", "2015-01-31": 0, "2014-10-31": 0, "2014-07-31": 0, "2014-04-30": "", "2014-01-31": 0, "2013-10-31": 0, "2013-07-31": 0, "2013-04-30": "", "2013-01-31": 0, "2012-10-31": 0, "2012-01-31": 0, "2011-01-31": 0}, "Net Change In Long-Term Investments": {"2020-10-31": 0, "2020-07-31": 0, "2020-04-30": "", "2020-01-31": 0, "2019-10-31": 0, "2019-07-31": 0, "2019-04-30": "", "2019-01-31": 0, "2018-10-31": 0, "2018-07-31": 0, "2018-04-30": "", "2018-01-31": 0, "2017-10-31": 0, "2017-07-31": 0, "2017-04-30": "", "2017-01-31": 0, "2016-10-31": 0, "2016-07-31": 0, "2016-04-30": "", "2016-01-31": 0, "2015-10-31": 0, "2015-07-31": 0, "2015-04-30": "", "2015-01-31": 0, "2014-10-31": 0, "2014-07-31": 0, "2014-04-30": "", "2014-01-31": 0, "2013-10-31": 0, "2013-07-31": 0, "2013-04-30": "", "2013-01-31": 0, "2012-10-31": 0, "2012-01-31": 0, "2011-01-31": 0}, "Net Change In Investments - Total": {"2020-10-31": 0, "2020-07-31": 0, "2020-04-30": "", "2020-01-31": 0, "2019-10-31": 0, "2019-07-31": 0, "2019-04-30": "", "2019-01-31": 0, "2018-10-31": 0, "2018-07-31": 0, "2018-04-30": "", "2018-01-31": 0, "2017-10-31": 0, "2017-07-31": 0, "2017-04-30": "", "2017-01-31": 0, "2016-10-31": 0, "2016-07-31": 0, "2016-04-30": "", "2016-01-31": 0, "2015-10-31": 0, "2015-07-31": 0, "2015-04-30": "", "2015-01-31": 0, "2014-10-31": 0, "2014-07-31": 0, "2014-04-30": "", "2014-01-31": 0, "2013-10-31": 0, "2013-07-31": 0, "2013-04-30": "", "2013-01-31": 0, "2012-10-31": 0, "2012-01-31": -0.24, "2011-01-31": 0.24}, "Investing Activities - Other": {"2020-10-31": -0.502, "2020-07-31": -0.249, "2020-04-30": "-0.14600", "2020-01-31": 0.108, "2019-10-31": 4.154, "2019-07-31": -0.431, "2019-04-30": "-0.07200", "2019-01-31": -5.967, "2018-10-31": 0.429, "2018-07-31": -0.217, "2018-04-30": "-3.00100", "2018-01-31": 1.93, "2017-10-31": 2.959, "2017-07-31": 0.96, "2017-04-30": "0.14000", "2017-01-31": -0.236, "2016-10-31": -0.099, "2016-07-31": 0.12, "2016-04-30": "0.08300", "2016-01-31": -1.408, "2015-10-31": 4.077, "2015-07-31": 0.136, "2015-04-30": "", "2015-01-31": 4.3, "2014-10-31": 0, "2014-07-31": 0, "2014-04-30": "", "2014-01-31": 233.459, "2013-10-31": -230.759, "2013-07-31": 0, "2013-04-30": "", "2013-01-31": -0.1, "2012-10-31": 5.17, "2012-01-31": 22.01, "2011-01-31": -27.61}, "Cash Flow From Investing Activities": {"2020-10-31": -81.217, "2020-07-31": -71.508, "2020-04-30": "-62.60900", "2020-01-31": -68.55, "2019-10-31": -92.065, "2019-07-31": -80.13, "2019-04-30": "-83.85300", "2019-01-31": -73.218, "2018-10-31": -100.106, "2018-07-31": -67.242, "2018-04-30": "-57.94200", "2018-01-31": -73.776, "2017-10-31": -81.732, "2017-07-31": -53.927, "2017-04-30": "-52.77300", "2017-01-31": -42.812, "2016-10-31": -61.793, "2016-07-31": -45.404, "2016-04-30": "-30.34200", "2016-01-31": -45.225, "2015-10-31": -67.708, "2015-07-31": -38.819, "2015-04-30": "-42.98000", "2015-01-31": -52.142, "2014-10-31": -69.931, "2014-07-31": -48.556, "2014-04-30": "-45.87700", "2014-01-31": 188.031, "2013-10-31": -285.219, "2013-07-31": -37.956, "2013-04-30": "-29.65000", "2013-01-31": -36.533, "2012-10-31": 29.493, "2012-01-31": 1.19, "2011-01-31": -159.96}, "Net Long-Term Debt": {"2020-10-31": 0, "2020-07-31": -150, "2020-04-30": "1505.00000", "2020-01-31": 0, "2019-10-31": -96.9, "2019-07-31": -53.1, "2019-04-30": "150.00000", "2019-01-31": -105, "2018-10-31": -65.285, "2018-07-31": 8.485, "2018-04-30": "9.00700", "2018-01-31": -170.786, "2017-10-31": 17.8001, "2017-07-31": 124.2, "2017-04-30": "23.20000", "2017-01-31": -174.3, "2016-10-31": -49.0001, "2016-07-31": -1.692, "2016-04-30": "54.80000", "2016-01-31": -108.8, "2015-10-31": 62.5, "2015-07-31": 33.7, "2015-04-30": "66.70000", "2015-01-31": -171.1629, "2014-10-31": 45.174, "2014-07-31": -0.246, "2014-04-30": "-62.19500", "2014-01-31": -291.271, "2013-10-31": 20.5921, "2013-07-31": 12.622, "2013-04-30": "342.74700", "2013-01-31": 187.657, "2012-10-31": -187.657, "2012-01-31": 0, "2011-01-31": 0}, "Net Current Debt": {"2020-10-31": 0, "2020-07-31": 0, "2020-04-30": "", "2020-01-31": 0, "2019-10-31": 0, "2019-07-31": 0, "2019-04-30": "", "2019-01-31": 0, "2018-10-31": 0, "2018-07-31": 0, "2018-04-30": "", "2018-01-31": 0, "2017-10-31": 0, "2017-07-31": 0, "2017-04-30": "", "2017-01-31": 0, "2016-10-31": 0, "2016-07-31": 0, "2016-04-30": "", "2016-01-31": 0, "2015-10-31": 0, "2015-07-31": 0, "2015-04-30": "", "2015-01-31": 0, "2014-10-31": 0, "2014-07-31": 0, "2014-04-30": "", "2014-01-31": 0, "2013-10-31": 0, "2013-07-31": 0, "2013-04-30": "", "2013-01-31": 0, "2012-10-31": 0, "2012-01-31": 0, "2011-01-31": 0}, "Debt Issuance/Retirement Net - Total": {"2020-10-31": 0, "2020-07-31": -150, "2020-04-30": "1505.00000", "2020-01-31": 0, "2019-10-31": -96.9, "2019-07-31": -53.1, "2019-04-30": "150.00000", "2019-01-31": -105, "2018-10-31": -65.285, "2018-07-31": 8.485, "2018-04-30": "9.00700", "2018-01-31": -170.786, "2017-10-31": 17.8001, "2017-07-31": 124.2, "2017-04-30": "23.20000", "2017-01-31": -174.3, "2016-10-31": -49.0001, "2016-07-31": -1.692, "2016-04-30": "54.80000", "2016-01-31": -108.8, "2015-10-31": 62.5, "2015-07-31": 33.7, "2015-04-30": "66.70000", "2015-01-31": -171.1629, "2014-10-31": 45.174, "2014-07-31": -0.246, "2014-04-30": "-62.19500", "2014-01-31": -291.271, "2013-10-31": 20.5921, "2013-07-31": 12.622, "2013-04-30": "342.74700", "2013-01-31": -91.943, "2012-10-31": -428.427, "2012-01-31": 282.57, "2011-01-31": -41.8}, "Net Common Equity Issued/Repurchased": {"2020-10-31": 0.191, "2020-07-31": 17.181, "2020-04-30": "-56.08800", "2020-01-31": -81.836, "2019-10-31": -29.073, "2019-07-31": -49.451, "2019-04-30": "-128.49800", "2019-01-31": -60.058, "2018-10-31": -46.747, "2018-07-31": -39.007, "2018-04-30": "-66.75600", "2018-01-31": -53.382, "2017-10-31": -68.732, "2017-07-31": -109.551, "2017-04-30": "-48.93900", "2017-01-31": -50.025, "2016-10-31": -74.214, "2016-07-31": -24.558, "2016-04-30": "-49.09000", "2016-01-31": -77.365, "2015-10-31": -97.915, "2015-07-31": -24.862, "2015-04-30": "0.57200", "2015-01-31": 0.082, "2014-10-31": 0.656, "2014-07-31": 0.187, "2014-04-30": "-2.34400", "2014-01-31": -0.004, "2013-10-31": 260.95, "2013-07-31": 2.184, "2013-04-30": "0.06400", "2013-01-31": -0.761, "2012-10-31": 0.761, "2012-01-31": 0, "2011-01-31": 0}, "Net Total Equity Issued/Repurchased": {"2020-10-31": 0.191, "2020-07-31": 17.181, "2020-04-30": "-56.08800", "2020-01-31": -81.836, "2019-10-31": -29.073, "2019-07-31": -49.451, "2019-04-30": "-128.49800", "2019-01-31": -60.058, "2018-10-31": -46.747, "2018-07-31": -39.007, "2018-04-30": "-66.75600", "2018-01-31": -53.382, "2017-10-31": -68.732, "2017-07-31": -109.551, "2017-04-30": "-48.93900", "2017-01-31": -50.025, "2016-10-31": -74.214, "2016-07-31": -24.558, "2016-04-30": "-49.09000", "2016-01-31": -77.365, "2015-10-31": -97.915, "2015-07-31": -24.862, "2015-04-30": "0.57200", "2015-01-31": 0.082, "2014-10-31": 0.656, "2014-07-31": 0.187, "2014-04-30": "-2.34400", "2014-01-31": -0.004, "2013-10-31": 260.95, "2013-07-31": 2.184, "2013-04-30": "0.06400", "2013-01-31": 1.989, "2012-10-31": -1.249, "2012-01-31": 2.26, "2011-01-31": -0.25}, "Total Common And Preferred Stock Dividends Paid": {"2020-10-31": 0, "2020-07-31": 0, "2020-04-30": "", "2020-01-31": 0, "2019-10-31": 0, "2019-07-31": 0, "2019-04-30": "", "2019-01-31": 0, "2018-10-31": 0, "2018-07-31": 0, "2018-04-30": "", "2018-01-31": 0, "2017-10-31": 0, "2017-07-31": 0, "2017-04-30": "", "2017-01-31": 0, "2016-10-31": 0, "2016-07-31": 0, "2016-04-30": "", "2016-01-31": 0, "2015-10-31": 0, "2015-07-31": 0, "2015-04-30": "", "2015-01-31": 0, "2014-10-31": 0, "2014-07-31": 0, "2014-04-30": "", "2014-01-31": 0, "2013-10-31": -0.324, "2013-07-31": 0.324, "2013-04-30": "-336.00000", "2013-01-31": 0.001, "2012-10-31": 296.199, "2012-01-31": -297.91, "2011-01-31": 0}, "Financial Activities - Other": {"2020-10-31": -3.522, "2020-07-31": -5.702, "2020-04-30": "-29.17200", "2020-01-31": -1.906, "2019-10-31": -1.405, "2019-07-31": -0.375, "2019-04-30": "0.91700", "2019-01-31": 0.873, "2018-10-31": -1.116, "2018-07-31": -1.756, "2018-04-30": "-0.71500", "2018-01-31": -2.604, "2017-10-31": -1.223, "2017-07-31": -1.255, "2017-04-30": "-2.08100", "2017-01-31": -1.761, "2016-10-31": -1.236, "2016-07-31": -2.177, "2016-04-30": "-1.63000", "2016-01-31": -12.245, "2015-10-31": 0.334, "2015-07-31": 1.312, "2015-04-30": "6.96500", "2015-01-31": 5.304, "2014-10-31": -12.678, "2014-07-31": 0.355, "2014-04-30": "3.40400", "2014-01-31": -1.399, "2013-10-31": -23.268, "2013-07-31": -8.598, "2013-04-30": "-13.52800", "2013-01-31": 0.357, "2012-10-31": 29.833, "2012-01-31": -29.42, "2011-01-31": -1.22}, "Cash Flow From Financial Activities": {"2020-10-31": -3.331, "2020-07-31": -138.521, "2020-04-30": "1419.74000", "2020-01-31": -83.742, "2019-10-31": -127.378, "2019-07-31": -102.926, "2019-04-30": "22.41900", "2019-01-31": -164.185, "2018-10-31": -113.148, "2018-07-31": -32.278, "2018-04-30": "-58.46400", "2018-01-31": -226.772, "2017-10-31": -52.155, "2017-07-31": 13.394, "2017-04-30": "-27.82000", "2017-01-31": -226.086, "2016-10-31": -124.45, "2016-07-31": -28.427, "2016-04-30": "4.08000", "2016-01-31": -198.41, "2015-10-31": -35.081, "2015-07-31": 10.15, "2015-04-30": "74.23700", "2015-01-31": -165.777, "2014-10-31": 33.152, "2014-07-31": 0.296, "2014-04-30": "-61.13500", "2014-01-31": -292.674, "2013-10-31": 257.95, "2013-07-31": 6.532, "2013-04-30": "-6.71700", "2013-01-31": -89.606, "2012-10-31": -103.654, "2012-01-31": -42.49, "2011-01-31": -43.27}, "Net Cash Flow": {"2020-10-31": 271.545, "2020-07-31": -411.324, "2020-04-30": "1085.39600", "2020-01-31": 262.56, "2019-10-31": 28.007, "2019-07-31": -7.824, "2019-04-30": "-7.24300", "2019-01-31": 26.897, "2018-10-31": -4.208, "2018-07-31": 6.577, "2018-04-30": "-56.19600", "2018-01-31": 85.206, "2017-10-31": 15.432, "2017-07-31": 3.06, "2017-04-30": "-52.00900", "2017-01-31": 48.798, "2016-10-31": 2.33, "2016-07-31": 2.369, "2016-04-30": "7.18500", "2016-01-31": -7.932, "2015-10-31": 1.616, "2015-07-31": -7.517, "2015-04-30": "9.39900", "2015-01-31": -4.088, "2014-10-31": 0.146, "2014-07-31": -40.199, "2014-04-30": "-63.49400", "2014-01-31": 101.427, "2013-10-31": -1.85, "2013-07-31": -69.265, "2013-04-30": "59.33600", "2013-01-31": 13.165, "2012-10-31": -10.945, "2012-01-31": -0.01, "2011-01-31": 5.46}, "Stock-Based Compensation": {"2020-10-31": 13.406, "2020-07-31": 12.693, "2020-04-30": "17.35200", "2020-01-31": 13.386, "2019-10-31": 9.568, "2019-07-31": 11.547, "2019-04-30": "9.42700", "2019-01-31": 9.27, "2018-10-31": 9.466, "2018-07-31": 9.726, "2018-04-30": "7.02300", "2018-01-31": 7.379, "2017-10-31": 7.168, "2017-07-31": 7.404, "2017-04-30": "5.08300", "2017-01-31": 4.319, "2016-10-31": 4.258, "2016-07-31": 4.093, "2016-04-30": "3.28300", "2016-01-31": 2.924, "2015-10-31": 2.979, "2015-07-31": 3.139, "2015-04-30": "2.11900", "2015-01-31": 1.648, "2014-10-31": 1.464, "2014-07-31": 1.785, "2014-04-30": "1.36700", "2014-01-31": 2.001, "2013-10-31": 2.517, "2013-07-31": 5.175, "2013-04-30": "0.51000", "2013-01-31": -1.968, "2012-10-31": 1.968, "2012-01-31": 0, "2011-01-31": 0}, "Common Stock Dividends Paid": {"2020-10-31": 0, "2020-07-31": 0, "2020-04-30": "", "2020-01-31": 0, "2019-10-31": 0, "2019-07-31": 0, "2019-04-30": "", "2019-01-31": 0, "2018-10-31": 0, "2018-07-31": 0, "2018-04-30": "", "2018-01-31": 0, "2017-10-31": 0, "2017-07-31": 0, "2017-04-30": "", "2017-01-31": 0, "2016-10-31": 0, "2016-07-31": 0, "2016-04-30": "", "2016-01-31": 0, "2015-10-31": 0, "2015-07-31": 0, "2015-04-30": "", "2015-01-31": 0, "2014-10-31": 0, "2014-07-31": 0, "2014-04-30": "", "2014-01-31": 0, "2013-10-31": -0.324, "2013-07-31": 0.324, "2013-04-30": "-336.00000", "2013-01-31": 1.711, "2012-10-31": -1.711, "2012-01-31": 0, "2011-01-31": 0}}, "financial ratios": {"Current Ratio": {"2020-01-31": "0.96950", "2019-01-31": "1.01940", "2018-01-31": "0.98290", "2017-01-31": "0.93130", "2016-01-31": "1.05230", "2015-01-31": "1.05830", "2014-01-31": "1.12470", "2013-01-31": "1.18860", "2012-01-31": "1.73760", "2011-01-31": ""}, "Long-term Debt / Capital": {"2020-01-31": "0.65480", "2019-01-31": "0.75300", "2018-01-31": "0.92770", "2017-01-31": "1.04620", "2016-01-31": "1.08280", "2015-01-31": "1.05570", "2014-01-31": "1.12350", "2013-01-31": "1.06390", "2012-01-31": "1.07420", "2011-01-31": ""}, "Debt/Equity Ratio": {"2020-01-31": "1.90340", "2019-01-31": "3.05710", "2018-01-31": "12.98740", "2017-01-31": "-22.69500", "2016-01-31": "-13.09370", "2015-01-31": "-18.96020", "2014-01-31": "-9.49160", "2013-01-31": "-16.64800", "2012-01-31": "-14.53980", "2011-01-31": ""}, "Gross Margin": {"2020-01-31": "41.96390", "2019-01-31": "41.99400", "2018-01-31": "41.74910", "2017-01-31": "41.02300", "2016-01-31": "40.35600", "2015-01-31": "40.18480", "2014-01-31": "39.57950", "2013-01-31": "39.26010", "2012-01-31": "39.20400", "2011-01-31": "39.14370"}, "Operating Margin": {"2020-01-31": "8.66480", "2019-01-31": "8.47870", "2018-01-31": "8.03000", "2017-01-31": "7.03240", "2016-01-31": "5.81930", "2015-01-31": "5.42570", "2014-01-31": "3.94870", "2013-01-31": "3.48850", "2012-01-31": "4.02480", "2011-01-31": "4.11870"}, "EBIT Margin": {"2020-01-31": "8.66480", "2019-01-31": "8.47870", "2018-01-31": "8.03000", "2017-01-31": "7.03240", "2016-01-31": "5.81930", "2015-01-31": "5.42570", "2014-01-31": "3.94870", "2013-01-31": "3.48850", "2012-01-31": "4.02480", "2011-01-31": "4.11870"}, "EBITDA Margin": {"2020-01-31": "11.57390", "2019-01-31": "11.77000", "2018-01-31": "11.36170", "2017-01-31": "10.36400", "2016-01-31": "9.23010", "2015-01-31": "9.00610", "2014-01-31": "7.93280", "2013-01-31": "7.63180", "2012-01-31": "8.26850", "2011-01-31": "8.41760"}, "Pre-Tax Profit Margin": {"2020-01-31": "7.96720", "2019-01-31": "7.61170", "2018-01-31": "7.02090", "2017-01-31": "5.95980", "2016-01-31": "4.65660", "2015-01-31": "2.16590", "2014-01-31": "0.72520", "2013-01-31": "0.70020", "2012-01-31": "-0.26800", "2011-01-31": "1.43550"}, "Net Profit Margin": {"2020-01-31": "6.38330", "2019-01-31": "6.21950", "2018-01-31": "6.29870", "2017-01-31": "3.86110", "2016-01-31": "2.93350", "2015-01-31": "1.36000", "2014-01-31": "-2.13210", "2013-01-31": "-2.91970", "2012-01-31": "-3.33220", "2011-01-31": "-2.01600"}, "Asset Turnover": {"2020-01-31": "1.30260", "2019-01-31": "2.16570", "2018-01-31": "2.17220", "2017-01-31": "2.17170", "2016-01-31": "1.99460", "2015-01-31": "1.84780", "2014-01-31": "1.70230", "2013-01-31": "1.68090", "2012-01-31": "1.55430", "2011-01-31": ""}, "Inventory Turnover Ratio": {"2020-01-31": "5.44070", "2019-01-31": "4.05390", "2018-01-31": "4.72940", "2017-01-31": "4.69780", "2016-01-31": "3.90500", "2015-01-31": "3.67790", "2014-01-31": "3.74410", "2013-01-31": "3.71970", "2012-01-31": "3.46420", "2011-01-31": ""}, "Receiveable Turnover": {"2020-01-31": "79.62580", "2019-01-31": "113.50220", "2018-01-31": "85.27740", "2017-01-31": "129.26460", "2016-01-31": "132.99740", "2015-01-31": "97.54680", "2014-01-31": "125.06270", "2013-01-31": "99.81080", "2012-01-31": "96.90000", "2011-01-31": ""}, "Days Sales In Receivables": {"2020-01-31": "4.58390", "2019-01-31": "3.21580", "2018-01-31": "4.28010", "2017-01-31": "2.82370", "2016-01-31": "2.74440", "2015-01-31": "3.74180", "2014-01-31": "2.91850", "2013-01-31": "3.65690", "2012-01-31": "3.76680", "2011-01-31": ""}, "ROE - Return On Equity": {"2020-01-31": "88.06530", "2019-01-31": "128.51940", "2018-01-31": "443.51140", "2017-01-31": "-433.37570", "2016-01-31": "-151.96820", "2015-01-31": "-100.00610", "2014-01-31": "-10.73320", "2013-01-31": "-31.52030", "2012-01-31": "5.65330", "2011-01-31": ""}, "Return On Tangible Equity": {"2020-01-31": "191.91600", "2019-01-31": "-327.40150", "2018-01-31": "-99.38420", "2017-01-31": "-39.38890", "2016-01-31": "-24.16070", "2015-01-31": "-10.68250", "2014-01-31": "-2.21810", "2013-01-31": "-3.68060", "2012-01-31": "0.82970", "2011-01-31": ""}, "ROA - Return On Assets": {"2020-01-31": "8.31480", "2019-01-31": "13.46940", "2018-01-31": "13.68200", "2017-01-31": "8.38510", "2016-01-31": "5.85120", "2015-01-31": "2.51300", "2014-01-31": "0.61620", "2013-01-31": "1.02100", "2012-01-31": "-0.25080", "2011-01-31": ""}, "ROI - Return On Investment": {"2020-01-31": "30.40230", "2019-01-31": "31.74830", "2018-01-31": "32.05550", "2017-01-31": "20.00620", "2016-01-31": "12.58060", "2015-01-31": "5.57370", "2014-01-31": "1.32520", "2013-01-31": "2.01560", "2012-01-31": "-0.41970", "2011-01-31": ""}, "Book Value Per Share": {"2020-01-31": "8.01080", "2019-01-31": "4.80620", "2018-01-31": "1.27850", "2017-01-31": "-0.70980", "2016-01-31": "-1.37400", "2015-01-31": "-0.87640", "2014-01-31": "-2.04200", "2013-01-31": "-0.15640", "2012-01-31": "-2.17340", "2011-01-31": ""}, "Operating Cash Flow Per Share": {"2020-01-31": 3.9377, "2019-01-31": 0.6742, "2018-01-31": 0.0518, "2017-01-31": 4.0889, "2016-01-31": 0.5136, "2015-01-31": 3.2106, "2014-01-31": -0.1111, "2013-01-31": 0.3874, "2012-01-31": -3.6702, "2011-01-31": 4.1685}, "Free Cash Flow Per Share": {"2020-01-31": 3.2772, "2019-01-31": 0.2709, "2018-01-31": -1.2511, "2017-01-31": 4.1945, "2016-01-31": 0.8057, "2015-01-31": 0.7485, "2014-01-31": -0.236, "2013-01-31": 0.3681, "2012-01-31": -1.3346, "2011-01-31": 1.5287}}, "financial ratios, quarterly": {"Current Ratio": {"2020-10-31": "1.51370", "2020-07-31": "1.54410", "2020-04-30": "1.64520", "2020-01-31": "0.96950", "2019-10-31": "0.88030", "2019-07-31": "0.90130", "2019-04-30": "0.93150", "2019-01-31": "1.01940", "2018-10-31": "0.99660", "2018-07-31": "1.04810", "2018-04-30": "1.00850", "2018-01-31": "0.98290", "2017-10-31": "1.02020", "2017-07-31": "1.02730", "2017-04-30": "0.96560", "2017-01-31": "0.93130", "2016-10-31": "1.02670", "2016-07-31": "1.11100", "2016-04-30": "1.12180", "2016-01-31": "1.05230", "2015-10-31": "1.10900", "2015-07-31": "1.19140", "2015-04-30": "1.18100", "2015-01-31": "1.05830", "2014-10-31": "1.07190", "2014-07-31": "1.12240", "2014-04-30": "1.15110", "2014-01-31": "1.12470", "2013-10-31": "1.11960", "2013-07-31": "1.14780", "2013-04-30": "1.16210", "2013-01-31": "", "2012-10-31": "1.11960", "2012-01-31": "", "2011-01-31": ""}, "Long-term Debt / Capital": {"2020-10-31": "0.88330", "2020-07-31": "0.89180", "2020-04-30": "0.89200", "2020-01-31": "0.65480", "2019-10-31": "0.71500", "2019-07-31": "0.77410", "2019-04-30": "0.80270", "2019-01-31": "0.75300", "2018-10-31": "0.84920", "2018-07-31": "0.88290", "2018-04-30": "0.90980", "2018-01-31": "0.92770", "2017-10-31": "1.09340", "2017-07-31": "1.08120", "2017-04-30": "1.03680", "2017-01-31": "1.04620", "2016-10-31": "1.11600", "2016-07-31": "1.08310", "2016-04-30": "1.08450", "2016-01-31": "1.08280", "2015-10-31": "1.09510", "2015-07-31": "1.03130", "2015-04-30": "1.02380", "2015-01-31": "1.05570", "2014-10-31": "1.13510", "2014-07-31": "1.11380", "2014-04-30": "1.11080", "2014-01-31": "1.12350", "2013-10-31": "1.17010", "2013-07-31": "1.35230", "2013-04-30": "1.33690", "2013-01-31": "", "2012-10-31": "1.11830", "2012-01-31": "", "2011-01-31": ""}, "Debt/Equity Ratio": {"2020-10-31": "7.58370", "2020-07-31": "8.25490", "2020-04-30": "8.26860", "2020-01-31": "1.90340", "2019-10-31": "2.51710", "2019-07-31": "3.43640", "2019-04-30": "4.07990", "2019-01-31": "3.05710", "2018-10-31": "5.64640", "2018-07-31": "7.55690", "2018-04-30": "10.20560", "2018-01-31": "12.98740", "2017-10-31": "-11.72720", "2017-07-31": "-13.32920", "2017-04-30": "-28.20680", "2017-01-31": "-22.69500", "2016-10-31": "-9.63470", "2016-07-31": "-13.04630", "2016-04-30": "-12.84350", "2016-01-31": "-13.09370", "2015-10-31": "-11.52320", "2015-07-31": "-33.02890", "2015-04-30": "-43.08660", "2015-01-31": "-18.96020", "2014-10-31": "-8.48370", "2014-07-31": "-9.79740", "2014-04-30": "-10.03530", "2014-01-31": "-9.49160", "2013-10-31": "-7.95120", "2013-07-31": "-3.86040", "2013-04-30": "-3.99140", "2013-01-31": "", "2012-10-31": "-9.48980", "2012-01-31": "", "2011-01-31": ""}, "Gross Margin": {"2020-10-31": "45.06790", "2020-07-31": "45.91180", "2020-04-30": "2.41280", "2020-01-31": "42.31230", "2019-10-31": "42.58410", "2019-07-31": "41.61200", "2019-04-30": "41.17480", "2019-01-31": "42.14650", "2018-10-31": "42.59400", "2018-07-31": "41.68610", "2018-04-30": "41.45230", "2018-01-31": "42.24530", "2017-10-31": "42.42390", "2017-07-31": "40.96880", "2017-04-30": "41.10450", "2017-01-31": "42.01910", "2016-10-31": "41.45070", "2016-07-31": "39.90540", "2016-04-30": "40.36070", "2016-01-31": "41.29120", "2015-10-31": "40.13060", "2015-07-31": "39.56830", "2015-04-30": "40.13610", "2015-01-31": "42.61830", "2014-10-31": "40.09220", "2014-07-31": "38.63470", "2014-04-30": "38.50810", "2014-01-31": "42.11580", "2013-10-31": "39.44780", "2013-07-31": "38.20560", "2013-04-30": "37.77630", "2013-01-31": "", "2012-10-31": "39.09030", "2012-01-31": "", "2011-01-31": ""}, "Operating Margin": {"2020-10-31": "3.03260", "2020-07-31": "-8.04850", "2020-04-30": "-65.39950", "2020-01-31": "12.82720", "2019-10-31": "7.38470", "2019-07-31": "6.56750", "2019-04-30": "6.56780", "2019-01-31": "12.44650", "2018-10-31": "6.51920", "2018-07-31": "6.32740", "2018-04-30": "7.51090", "2018-01-31": "12.39960", "2017-10-31": "5.75600", "2017-07-31": "5.66900", "2017-04-30": "6.56680", "2017-01-31": "12.02490", "2016-10-31": "4.67090", "2016-07-31": "4.09070", "2016-04-30": "5.82650", "2016-01-31": "10.94460", "2015-10-31": "3.15260", "2015-07-31": "2.88160", "2015-04-30": "4.76880", "2015-01-31": "11.34940", "2014-10-31": "2.46140", "2014-07-31": "1.40640", "2014-04-30": "4.38370", "2014-01-31": "10.98000", "2013-10-31": "0.76280", "2013-07-31": "-0.54480", "2013-04-30": "2.39110", "2013-01-31": "", "2012-10-31": "0.59130", "2012-01-31": "", "2011-01-31": ""}, "EBIT Margin": {"2020-10-31": "3.03260", "2020-07-31": "-8.04850", "2020-04-30": "-65.39950", "2020-01-31": "12.82720", "2019-10-31": "7.38470", "2019-07-31": "6.56750", "2019-04-30": "6.56780", "2019-01-31": "12.44650", "2018-10-31": "6.51920", "2018-07-31": "6.32740", "2018-04-30": "7.51090", "2018-01-31": "12.39960", "2017-10-31": "5.75600", "2017-07-31": "5.66900", "2017-04-30": "6.56680", "2017-01-31": "12.02490", "2016-10-31": "4.67090", "2016-07-31": "4.09070", "2016-04-30": "5.82650", "2016-01-31": "10.94460", "2015-10-31": "3.15260", "2015-07-31": "2.88160", "2015-04-30": "4.76880", "2015-01-31": "11.34940", "2014-10-31": "2.46140", "2014-07-31": "1.40640", "2014-04-30": "4.38370", "2014-01-31": "10.98000", "2013-10-31": "0.76280", "2013-07-31": "-0.54480", "2013-04-30": "2.39110", "2013-01-31": "", "2012-10-31": "0.59130", "2012-01-31": "", "2011-01-31": ""}, "EBITDA Margin": {"2020-10-31": "", "2020-07-31": "", "2020-04-30": "", "2020-01-31": "", "2019-10-31": "", "2019-07-31": "", "2019-04-30": "", "2019-01-31": "", "2018-10-31": "", "2018-07-31": "", "2018-04-30": "", "2018-01-31": "", "2017-10-31": "", "2017-07-31": "", "2017-04-30": "", "2017-01-31": "", "2016-10-31": "", "2016-07-31": "", "2016-04-30": "", "2016-01-31": "", "2015-10-31": "", "2015-07-31": "", "2015-04-30": "", "2015-01-31": "", "2014-10-31": "", "2014-07-31": "", "2014-04-30": "", "2014-01-31": "", "2013-10-31": "", "2013-07-31": "", "2013-04-30": "", "2013-01-31": "", "2012-10-31": "", "2012-01-31": "", "2011-01-31": ""}, "Pre-Tax Profit Margin": {"2020-10-31": "1.38580", "2020-07-31": "-10.84980", "2020-04-30": "-67.25780", "2020-01-31": "12.28970", "2019-10-31": "6.70280", "2019-07-31": "5.75910", "2019-04-30": "5.74960", "2019-01-31": "11.82450", "2018-10-31": "5.60980", "2018-07-31": "5.26790", "2018-04-30": "6.55860", "2018-01-31": "11.46100", "2017-10-31": "4.69340", "2017-07-31": "4.60660", "2017-04-30": "5.56740", "2017-01-31": "11.25870", "2016-10-31": "3.69540", "2016-07-31": "2.59240", "2016-04-30": "4.66640", "2016-01-31": "9.98860", "2015-10-31": "1.95840", "2015-07-31": "1.61400", "2015-04-30": "3.47140", "2015-01-31": "10.32130", "2014-10-31": "-4.99290", "2014-07-31": "-1.02400", "2014-04-30": "1.72200", "2014-01-31": "7.79210", "2013-10-31": "-2.28690", "2013-07-31": "-4.03890", "2013-04-30": "-0.80590", "2013-01-31": "", "2012-10-31": "-2.21870", "2012-01-31": "", "2011-01-31": ""}, "Net Profit Margin": {"2020-10-31": "0.48080", "2020-07-31": "-4.62110", "2020-04-30": "-41.63670", "2020-01-31": "9.34190", "2019-10-31": "5.41420", "2019-07-31": "5.08820", "2019-04-30": "4.75860", "2019-01-31": "9.22640", "2018-10-31": "4.68320", "2018-07-31": "4.71560", "2018-04-30": "5.41660", "2018-01-31": "12.38010", "2017-10-31": "3.10670", "2017-07-31": "3.42610", "2017-04-30": "3.87270", "2017-01-31": "7.41950", "2016-10-31": "2.40200", "2016-07-31": "1.61770", "2016-04-30": "2.91060", "2016-01-31": "6.37770", "2015-10-31": "1.22030", "2015-07-31": "0.94650", "2015-04-30": "2.15760", "2015-01-31": "6.33890", "2014-10-31": "-2.93400", "2014-07-31": "-0.61550", "2014-04-30": "1.03660", "2014-01-31": "4.72860", "2013-10-31": "-4.21620", "2013-07-31": "-6.89120", "2013-04-30": "-4.33700", "2013-01-31": "", "2012-10-31": "-4.49690", "2012-01-31": "", "2011-01-31": ""}, "Asset Turnover": {"2020-10-31": "0.24130", "2020-07-31": "0.15890", "2020-04-30": "0.12070", "2020-01-31": "0.39480", "2019-10-31": "0.32350", "2019-07-31": "0.32930", "2019-04-30": "0.32260", "2019-01-31": "0.64890", "2018-10-31": "0.51170", "2018-07-31": "0.51350", "2018-04-30": "0.53960", "2018-01-31": "0.69120", "2017-10-31": "0.50810", "2017-07-31": "0.52420", "2017-04-30": "0.52840", "2017-01-31": "0.65730", "2016-10-31": "0.50190", "2016-07-31": "0.49130", "2016-04-30": "0.49460", "2016-01-31": "0.60220", "2015-10-31": "0.44290", "2015-07-31": "0.43220", "2015-04-30": "0.44540", "2015-01-31": "0.57020", "2014-10-31": "0.41690", "2014-07-31": "0.41140", "2014-04-30": "0.44580", "2014-01-31": "0.51300", "2013-10-31": "0.35990", "2013-07-31": "0.37860", "2013-04-30": "0.41360", "2013-01-31": "", "2012-10-31": "0.36410", "2012-01-31": "", "2011-01-31": ""}, "Inventory Turnover Ratio": {"2020-10-31": "1.05640", "2020-07-31": "0.90120", "2020-04-30": "1.24970", "2020-01-31": "1.63920", "2019-10-31": "1.01840", "2019-07-31": "1.17800", "2019-04-30": "1.07310", "2019-01-31": "1.21150", "2018-10-31": "0.89160", "2018-07-31": "1.03980", "2018-04-30": "1.13490", "2018-01-31": "1.49210", "2017-10-31": "0.92040", "2017-07-31": "1.11160", "2017-04-30": "1.09770", "2017-01-31": "1.39800", "2016-10-31": "0.96030", "2016-07-31": "1.01700", "2016-04-30": "0.95520", "2016-01-31": "1.16040", "2015-10-31": "0.79400", "2015-07-31": "0.86740", "2015-04-30": "0.86700", "2015-01-31": "1.08880", "2014-10-31": "0.77630", "2014-07-31": "0.90660", "2014-04-30": "0.98700", "2014-01-31": "1.08100", "2013-10-31": "0.71990", "2013-07-31": "0.80220", "2013-04-30": "0.91810", "2013-01-31": "", "2012-10-31": "0.70340", "2012-01-31": "", "2011-01-31": ""}, "Receiveable Turnover": {"2020-10-31": "22.92430", "2020-07-31": "20.14380", "2020-04-30": "64.76950", "2020-01-31": "24.13560", "2019-10-31": "15.16330", "2019-07-31": "16.92470", "2019-04-30": "16.43050", "2019-01-31": "34.00860", "2018-10-31": "19.06560", "2018-07-31": "21.18580", "2018-04-30": "18.42370", "2018-01-31": "27.13610", "2017-10-31": "18.28690", "2017-07-31": "23.22630", "2017-04-30": "25.52320", "2017-01-31": "39.12660", "2016-10-31": "22.57560", "2016-07-31": "30.08730", "2016-04-30": "25.08970", "2016-01-31": "40.15150", "2015-10-31": "25.26970", "2015-07-31": "29.54340", "2015-04-30": "26.04980", "2015-01-31": "30.10180", "2014-10-31": "21.80290", "2014-07-31": "24.06530", "2014-04-30": "25.76580", "2014-01-31": "37.68890", "2013-10-31": "19.64250", "2013-07-31": "23.33050", "2013-04-30": "23.14370", "2013-01-31": "", "2012-10-31": "22.36240", "2012-01-31": "", "2011-01-31": ""}, "Days Sales In Receivables": {"2020-10-31": "3.92600", "2020-07-31": "4.46790", "2020-04-30": "1.38950", "2020-01-31": "3.72890", "2019-10-31": "5.93540", "2019-07-31": "5.31770", "2019-04-30": "5.47760", "2019-01-31": "2.64640", "2018-10-31": "4.72050", "2018-07-31": "4.24810", "2018-04-30": "4.88500", "2018-01-31": "3.31660", "2017-10-31": "4.92160", "2017-07-31": "3.87490", "2017-04-30": "3.52620", "2017-01-31": "2.30020", "2016-10-31": "3.98660", "2016-07-31": "2.99130", "2016-04-30": "3.58710", "2016-01-31": "2.24150", "2015-10-31": "3.56160", "2015-07-31": "3.04640", "2015-04-30": "3.45490", "2015-01-31": "2.98990", "2014-10-31": "4.12790", "2014-07-31": "3.73980", "2014-04-30": "3.49300", "2014-01-31": "2.38800", "2013-10-31": "4.58190", "2013-07-31": "3.85760", "2013-04-30": "3.88870", "2013-01-31": "", "2012-10-31": "4.02460", "2012-01-31": "", "2011-01-31": ""}, "ROE - Return On Equity": {"2020-10-31": "2.79720", "2020-07-31": "-17.83770", "2020-04-30": "-119.57250", "2020-01-31": "39.06570", "2019-10-31": "24.63280", "2019-07-31": "26.83500", "2019-04-30": "27.91800", "2019-01-31": "57.12590", "2018-10-31": "39.73930", "2018-07-31": "46.28850", "2018-04-30": "74.22250", "2018-01-31": "277.39110", "2017-10-31": "-40.60240", "2017-07-31": "-48.90720", "2017-04-30": "-128.01400", "2017-01-31": "-252.07000", "2016-10-31": "-23.93130", "2016-07-31": "-19.65990", "2016-04-30": "-35.64680", "2016-01-31": "-99.74650", "2015-10-31": "-12.39660", "2015-07-31": "-26.82280", "2015-04-30": "-84.65660", "2015-01-31": "-143.84170", "2014-10-31": "20.38190", "2014-07-31": "4.61660", "2014-04-30": "-8.64040", "2014-01-31": "-42.25750", "2013-10-31": "7.81200", "2013-07-31": "5.69910", "2013-04-30": "1.32060", "2013-01-31": "", "2012-10-31": "4.94860", "2012-01-31": "", "2011-01-31": ""}, "Return On Tangible Equity": {"2020-10-31": "865.03630", "2020-07-31": "199.59680", "2020-04-30": "5021.16600", "2020-01-31": "85.13380", "2019-10-31": "91.21950", "2019-07-31": "289.17530", "2019-04-30": "-1042.82400", "2019-01-31": "-145.52750", "2018-10-31": "-29.01830", "2018-07-31": "-22.87320", "2018-04-30": "-23.10810", "2018-01-31": "-62.15910", "2017-10-31": "-7.59410", "2017-07-31": "-8.05620", "2017-04-30": "-9.82290", "2017-01-31": "-22.91030", "2016-10-31": "-5.05410", "2016-07-31": "-3.31410", "2016-04-30": "-6.02360", "2016-01-31": "-15.85820", "2015-10-31": "-2.30700", "2015-07-31": "-1.87950", "2015-04-30": "-4.46320", "2015-01-31": "-15.36490", "2014-10-31": "4.71440", "2014-07-31": "0.91830", "2014-04-30": "-1.66470", "2014-01-31": "-8.73300", "2013-10-31": "2.10640", "2013-07-31": "2.42790", "2013-04-30": "0.54560", "2013-01-31": "", "2012-10-31": "0.96220", "2012-01-31": "", "2011-01-31": ""}, "ROA - Return On Assets": {"2020-10-31": "0.11600", "2020-07-31": "-0.73440", "2020-04-30": "-5.02550", "2020-01-31": "3.68840", "2019-10-31": "1.75140", "2019-07-31": "1.67580", "2019-04-30": "1.53530", "2019-01-31": "5.98700", "2018-10-31": "2.39640", "2018-07-31": "2.42120", "2018-04-30": "2.92300", "2018-01-31": "8.55730", "2017-10-31": "1.57840", "2017-07-31": "1.79580", "2017-04-30": "2.04650", "2017-01-31": "4.87710", "2016-10-31": "1.20550", "2016-07-31": "0.79470", "2016-04-30": "1.43960", "2016-01-31": "3.84050", "2015-10-31": "0.54050", "2015-07-31": "0.40910", "2015-04-30": "0.96100", "2015-01-31": "3.61450", "2014-10-31": "-1.22330", "2014-07-31": "-0.25320", "2014-04-30": "0.46210", "2014-01-31": "2.42590", "2013-10-31": "-0.56550", "2013-07-31": "-0.97490", "2013-04-30": "-0.21440", "2013-01-31": "", "2012-10-31": "-0.27790", "2012-01-31": "", "2011-01-31": ""}, "ROI - Return On Investment": {"2020-10-31": "0.32640", "2020-07-31": "-1.93040", "2020-04-30": "-12.91920", "2020-01-31": "13.48640", "2019-10-31": "7.02060", "2019-07-31": "6.06250", "2019-04-30": "5.50770", "2019-01-31": "14.11190", "2018-10-31": "5.99210", "2018-07-31": "5.42090", "2018-04-30": "6.69370", "2018-01-31": "20.04890", "2017-10-31": "3.79120", "2017-07-31": "3.97290", "2017-04-30": "4.71240", "2017-01-31": "11.63650", "2016-10-31": "2.77530", "2016-07-31": "1.63400", "2016-04-30": "3.01330", "2016-01-31": "8.25750", "2015-10-31": "1.17930", "2015-07-31": "0.83830", "2015-04-30": "2.01340", "2015-01-31": "8.01680", "2014-10-31": "-2.75260", "2014-07-31": "-0.52530", "2014-04-30": "0.95710", "2014-01-31": "5.21740", "2013-10-31": "-1.32890", "2013-07-31": "-2.00790", "2013-04-30": "-0.44490", "2013-01-31": "", "2012-10-31": "-0.58540", "2012-01-31": "", "2011-01-31": ""}, "Book Value Per Share": {"2020-10-31": "4.32630", "2020-07-31": "3.96380", "2020-04-30": "4.23860", "2020-01-31": "8.01080", "2019-10-31": "5.91080", "2019-07-31": "4.75530", "2019-04-30": "4.19710", "2019-01-31": "4.80620", "2018-10-31": "2.86880", "2018-07-31": "2.26930", "2018-04-30": "1.64570", "2018-01-31": "1.27850", "2017-10-31": "-1.61960", "2017-07-31": "-1.39040", "2017-04-30": "-0.58590", "2017-01-31": "-0.70980", "2016-10-31": "-1.91800", "2016-07-31": "-1.45410", "2016-04-30": "-1.47160", "2016-01-31": "-1.37400", "2015-10-31": "-1.65770", "2015-07-31": "-0.53920", "2015-04-30": "-0.40110", "2015-01-31": "-0.87640", "2014-10-31": "-2.22070", "2014-07-31": "-1.88980", "2014-04-30": "-1.83990", "2014-01-31": "-2.04200", "2013-10-31": "-2.93050", "2013-07-31": "-0.82900", "2013-04-30": "-0.81270", "2013-01-31": "", "2012-10-31": "-0.29360", "2012-01-31": "", "2011-01-31": ""}, "Operating Cash Flow Per Share": {"2020-10-31": 5.4202, "2020-07-31": -3.0288, "2020-04-30": "-4.14410", "2020-01-31": 6.1507, "2019-10-31": 3.6904, "2019-07-31": 2.6102, "2019-04-30": "0.80010", "2019-01-31": 3.8443, "2018-10-31": 3.0511, "2018-07-31": 1.5453, "2018-04-30": "0.87300", "2018-01-31": 5.4544, "2017-10-31": 2.1657, "2017-07-31": 0.6197, "2017-04-30": "0.39970", "2017-01-31": 4.4224, "2016-10-31": 2.6421, "2016-07-31": 1.0614, "2016-04-30": "0.46180", "2016-01-31": 3.1234, "2015-10-31": 1.3846, "2015-07-31": 0.2765, "2015-04-30": "-0.28570", "2015-01-31": 2.7927, "2014-10-31": 0.4952, "2014-07-31": 0.1207, "2014-04-30": "0.57660", "2014-01-31": 0.554, "2013-10-31": 0.11, "2013-07-31": -0.0742, "2013-04-30": "0.18480", "2013-01-31": -0.6117, "2012-10-31": 0.6117, "2012-01-31": 0, "2011-01-31": 0}, "Free Cash Flow Per Share": {"2020-10-31": 4.234, "2020-07-31": -4.1039, "2020-04-30": "-5.09670", "2020-01-31": 5.1382, "2019-10-31": 2.2535, "2019-07-31": 1.4171, "2019-04-30": "-0.43690", "2019-01-31": 2.8674, "2018-10-31": 1.5825, "2018-07-31": 0.5684, "2018-04-30": "0.07640", "2018-01-31": 4.4067, "2017-10-31": 0.9202, "2017-07-31": -0.1629, "2017-04-30": "-0.34020", "2017-01-31": 3.8321, "2016-10-31": 1.7747, "2016-07-31": 0.4264, "2016-04-30": "0.04170", "2016-01-31": 2.5439, "2015-10-31": 0.4166, "2015-07-31": -0.2326, "2015-04-30": "-0.84750", "2015-01-31": 2.0968, "2014-10-31": -0.4427, "2014-07-31": -0.5481, "2014-04-30": "-0.03130", "2014-01-31": 0.4289, "2013-10-31": -0.0841, "2013-07-31": -0.1462, "2013-04-30": "0.12760", "2013-01-31": -0.3601, "2012-10-31": 0.3601, "2012-01-31": 0, "2011-01-31": 0}}, "revenue": {"Burlington Stores Annual Revenue (Millions of US $)": {"2020": "$7,286", "2019": "$6,668", "2018": "$6,110", "2017": "$5,591", "2016": "$5,130", "2015": "$4,850", "2014": "$4,462", "2013": "$4,166", "2012": "$3,888", "2011": "$3,701"}, "Burlington Stores Quarterly Revenue (Millions of US $)": {"2020-10-31": "$1,667", "2020-07-31": "$1,012", "2020-04-30": "$802", "2020-01-31": "$2,209", "2019-10-31": "$1,782", "2019-07-31": "$1,662", "2019-04-30": "$1,634", "2019-01-31": "$1,998", "2018-10-31": "$1,641", "2018-07-31": "$1,505", "2018-04-30": "$1,525", "2018-01-31": "$1,944", "2017-10-31": "$1,445", "2017-07-31": "$1,369", "2017-04-30": "$1,352", "2017-01-31": "$1,692", "2016-10-31": "$1,349", "2016-07-31": "$1,261", "2016-04-30": "$1,289", "2016-01-31": "$1,549", "2015-10-31": "$1,239", "2015-07-31": "$1,152", "2015-04-30": "$1,191", "2015-01-31": "$1,497", "2014-10-31": "$1,166", "2014-07-31": "$1,051", "2014-04-30": "$1,136", "2014-01-31": "$1,345", "2013-10-31": "$1,073", "2013-07-31": "$971", "2013-04-30": "$1,073", "2013-01-31": "", "2012-10-31": "$976", "2012-01-31": "", "2011-01-31": ""}}, "gross-profit": {"Burlington Stores Annual Gross Profit (Millions of US $)": {"2020": "$3,058", "2019": "$2,800", "2018": "$2,551", "2017": "$2,294", "2016": "$2,070", "2015": "$1,949", "2014": "$1,766", "2013": "$1,635", "2012": "$1,524", "2011": "$1,449"}, "Burlington Stores Quarterly Gross Profit (Millions of US $)": {"2020-10-31": "$751", "2020-07-31": "$465", "2020-04-30": "$19", "2020-01-31": "$935", "2019-10-31": "$759", "2019-07-31": "$692", "2019-04-30": "$673", "2019-01-31": "$842", "2018-10-31": "$699", "2018-07-31": "$627", "2018-04-30": "$632", "2018-01-31": "$821", "2017-10-31": "$613", "2017-07-31": "$561", "2017-04-30": "$556", "2017-01-31": "$711", "2016-10-31": "$559", "2016-07-31": "$503", "2016-04-30": "$520", "2016-01-31": "$639", "2015-10-31": "$497", "2015-07-31": "$456", "2015-04-30": "$478", "2015-01-31": "$638", "2014-10-31": "$468", "2014-07-31": "$406", "2014-04-30": "$437", "2014-01-31": "$566", "2013-10-31": "$423", "2013-07-31": "$371", "2013-04-30": "$405", "2013-01-31": "", "2012-10-31": "$381", "2012-01-31": "", "2011-01-31": ""}}, "operating-income": {"Burlington Stores Annual Operating Income (Millions of US $)": {"2020": "$631", "2019": "$565", "2018": "$491", "2017": "$393", "2016": "$299", "2015": "$263", "2014": "$176", "2013": "$145", "2012": "$156", "2011": "$152"}, "Burlington Stores Quarterly Operating Income (Millions of US $)": {"2020-10-31": "$51", "2020-07-31": "$-81", "2020-04-30": "$-524", "2020-01-31": "$283", "2019-10-31": "$132", "2019-07-31": "$109", "2019-04-30": "$107", "2019-01-31": "$249", "2018-10-31": "$107", "2018-07-31": "$95", "2018-04-30": "$115", "2018-01-31": "$241", "2017-10-31": "$83", "2017-07-31": "$78", "2017-04-30": "$89", "2017-01-31": "$203", "2016-10-31": "$63", "2016-07-31": "$52", "2016-04-30": "$75", "2016-01-31": "$169", "2015-10-31": "$39", "2015-07-31": "$33", "2015-04-30": "$57", "2015-01-31": "$170", "2014-10-31": "$29", "2014-07-31": "$15", "2014-04-30": "$50", "2014-01-31": "$148", "2013-10-31": "$8", "2013-07-31": "$-5", "2013-04-30": "$26", "2013-01-31": "", "2012-10-31": "$6", "2012-01-31": "", "2011-01-31": ""}}, "ebitda": {"Burlington Stores Annual EBITDA (Millions of US $)": {"2020": "$843", "2019": "$785", "2018": "$694", "2017": "$579", "2016": "$473", "2015": "$437", "2014": "$354", "2013": "$318", "2012": "$321", "2011": "$312"}, "Burlington Stores Quarterly EBITDA (Millions of US $)": {"2020-10-31": "$107", "2020-07-31": "$-26", "2020-04-30": "$-469", "2020-01-31": "$339", "2019-10-31": "$185", "2019-07-31": "$162", "2019-04-30": "$158", "2019-01-31": "$306", "2018-10-31": "$161", "2018-07-31": "$153", "2018-04-30": "$166", "2018-01-31": "$295", "2017-10-31": "$135", "2017-07-31": "$127", "2017-04-30": "$137", "2017-01-31": "$251", "2016-10-31": "$110", "2016-07-31": "$97", "2016-04-30": "$121", "2016-01-31": "$215", "2015-10-31": "$83", "2015-07-31": "$76", "2015-04-30": "$100", "2015-01-31": "$214", "2014-10-31": "$72", "2014-07-31": "$57", "2014-04-30": "$93", "2014-01-31": "$192", "2013-10-31": "$52", "2013-07-31": "$38", "2013-04-30": "$72", "2013-01-31": "", "2012-10-31": "$6", "2012-01-31": "", "2011-01-31": ""}}, "net-income": {"Burlington Stores Annual Net Income (Millions of US $)": {"2020": "$465", "2019": "$415", "2018": "$385", "2017": "$216", "2016": "$150", "2015": "$66", "2014": "$-95", "2013": "$-122", "2012": "$-130", "2011": "$-75"}, "Burlington Stores Quarterly Net Income (Millions of US $)": {"2020-10-31": "$8", "2020-07-31": "$-47", "2020-04-30": "$-334", "2020-01-31": "$206", "2019-10-31": "$96", "2019-07-31": "$85", "2019-04-30": "$78", "2019-01-31": "$184", "2018-10-31": "$77", "2018-07-31": "$71", "2018-04-30": "$83", "2018-01-31": "$241", "2017-10-31": "$45", "2017-07-31": "$47", "2017-04-30": "$52", "2017-01-31": "$126", "2016-10-31": "$32", "2016-07-31": "$20", "2016-04-30": "$38", "2016-01-31": "$99", "2015-10-31": "$15", "2015-07-31": "$11", "2015-04-30": "$26", "2015-01-31": "$95", "2014-10-31": "$-34", "2014-07-31": "$-6", "2014-04-30": "$12", "2014-01-31": "$64", "2013-10-31": "$-45", "2013-07-31": "$-67", "2013-04-30": "$-47", "2013-01-31": "", "2012-10-31": "$-44", "2012-01-31": "", "2011-01-31": ""}}, "eps-earnings-per-share-diluted": {"Burlington Stores Annual EPS": {"2020": "$6.91", "2019": "$6.04", "2018": "$5.48", "2017": "$3.01", "2016": "$1.99", "2015": "$0.87", "2014": "$-0.25", "2013": "$-0.27", "2012": "$-0.28", "2011": "$-1.49"}, "Burlington Stores Quarterly EPS": {"2020-10-31": "$0.12", "2020-07-31": "$-0.71", "2020-04-30": "$-5.09", "2020-01-31": "$3.06", "2019-10-31": "$1.44", "2019-07-31": "$1.26", "2019-04-30": "$1.15", "2019-01-31": "$2.69", "2018-10-31": "$1.12", "2018-07-31": "$1.03", "2018-04-30": "$1.20", "2018-01-31": "$3.44", "2017-10-31": "$0.65", "2017-07-31": "$0.66", "2017-04-30": "$0.73", "2017-01-31": "$1.76", "2016-10-31": "$0.45", "2016-07-31": "$0.28", "2016-04-30": "$0.52", "2016-01-31": "$1.31", "2015-10-31": "$0.20", "2015-07-31": "$0.14", "2015-04-30": "$0.34", "2015-01-31": "$1.26", "2014-10-31": "$-0.46", "2014-07-31": "$-0.09", "2014-04-30": "$0.16", "2014-01-31": "$0.18", "2013-10-31": "$-0.12", "2013-07-31": "$-0.22", "2013-04-30": "$-0.09", "2013-01-31": "$0.00", "2012-10-31": "$-0.09", "2012-01-31": "$0.00", "2011-01-31": "$0.00"}}, "shares-outstanding": {"Burlington Stores Annual Shares Outstanding (Millions of Shares)": {"2020": "67", "2019": "69", "2018": "70", "2017": "72", "2016": "75", "2015": "76", "2014": "374", "2013": "511", "2012": "502", "2011": "50"}, "Burlington Stores Quarterly Shares Outstanding (Millions of Shares)": {"2020-10-31": "67", "2020-07-31": "66", "2020-04-30": "66", "2020-01-31": "67", "2019-10-31": "67", "2019-07-31": "67", "2019-04-30": "68", "2019-01-31": "69", "2018-10-31": "69", "2018-07-31": "69", "2018-04-30": "69", "2018-01-31": "70", "2017-10-31": "70", "2017-07-31": "71", "2017-04-30": "72", "2017-01-31": "72", "2016-10-31": "72", "2016-07-31": "72", "2016-04-30": "72", "2016-01-31": "75", "2015-10-31": "75", "2015-07-31": "77", "2015-04-30": "77", "2015-01-31": "76", "2014-10-31": "74", "2014-07-31": "74", "2014-04-30": "75", "2014-01-31": "374", "2013-10-31": "378", "2013-07-31": "523", "2013-04-30": "518", "2013-01-31": "", "2012-10-31": "512", "2012-01-31": "", "2011-01-31": ""}}, "total-assets": {"Burlington Stores Annual Total Assets (Millions of US $)": {"2020": "$5,594", "2019": "$3,079", "2018": "$2,813", "2017": "$2,574", "2016": "$2,572", "2015": "$2,625", "2014": "$2,621", "2013": "$2,478", "2012": "$2,501", "2011": "$0"}, "Burlington Stores Quarterly Total Assets (Millions of US $)": {"2020-10-31": "$6,909", "2020-07-31": "$6,370", "2020-04-30": "$6,641", "2020-01-31": "$5,594", "2019-10-31": "$5,508", "2019-07-31": "$5,046", "2019-04-30": "$5,065", "2019-01-31": "$3,079", "2018-10-31": "$3,207", "2018-07-31": "$2,931", "2018-04-30": "$2,825", "2018-01-31": "$2,813", "2017-10-31": "$2,843", "2017-07-31": "$2,612", "2017-04-30": "$2,559", "2017-01-31": "$2,574", "2016-10-31": "$2,688", "2016-07-31": "$2,566", "2016-04-30": "$2,606", "2016-01-31": "$2,572", "2015-10-31": "$2,797", "2015-07-31": "$2,665", "2015-04-30": "$2,674", "2015-01-31": "$2,625", "2014-10-31": "$2,797", "2014-07-31": "$2,555", "2014-04-30": "$2,548", "2014-01-31": "$2,621", "2013-10-31": "$2,981", "2013-07-31": "$2,566", "2013-04-30": "$2,594", "2013-01-31": "$0", "2012-10-31": "$2,680", "2012-01-31": "$2,501", "2011-01-31": "$0"}}, "cash-on-hand": {"Burlington Stores Annual Cash on Hand (Millions of US $)": {"2020": "$410", "2019": "$134", "2018": "$161", "2017": "$109", "2016": "$49", "2015": "$53", "2014": "$165", "2013": "$78", "2012": "$70", "2011": "$"}, "Burlington Stores Quarterly Cash on Hand (Millions of US $)": {"2020-10-31": "$1,355", "2020-07-31": "$1,084", "2020-04-30": "$1,495", "2020-01-31": "$410", "2019-10-31": "$147", "2019-07-31": "$119", "2019-04-30": "$127", "2019-01-31": "$134", "2018-10-31": "$107", "2018-07-31": "$111", "2018-04-30": "$105", "2018-01-31": "$161", "2017-10-31": "$76", "2017-07-31": "$60", "2017-04-30": "$57", "2017-01-31": "$109", "2016-10-31": "$61", "2016-07-31": "$58", "2016-04-30": "$56", "2016-01-31": "$49", "2015-10-31": "$57", "2015-07-31": "$55", "2015-04-30": "$63", "2015-01-31": "$53", "2014-10-31": "$62", "2014-07-31": "$61", "2014-04-30": "$102", "2014-01-31": "$165", "2013-10-31": "$297", "2013-07-31": "$68", "2013-04-30": "$137", "2013-01-31": "", "2012-10-31": "$65", "2012-01-31": "$70", "2011-01-31": ""}}, "long-term-debt": {"Burlington Stores Annual Long Term Debt (Millions of US $)": {"2020": "$1,002", "2019": "$984", "2018": "$1,114", "2017": "$1,129", "2016": "$1,295", "2015": "$1,249", "2014": "$1,369", "2013": "$1,336", "2012": "$1,605", "2011": "$"}, "Burlington Stores Quarterly Long Term Debt (Millions of US $)": {"2020-10-31": "$2,169", "2020-07-31": "$2,161", "2020-04-30": "$2,304", "2020-01-31": "$1,002", "2019-10-31": "$982", "2019-07-31": "$1,080", "2019-04-30": "$1,133", "2019-01-31": "$984", "2018-10-31": "$1,089", "2018-07-31": "$1,156", "2018-04-30": "$1,123", "2018-01-31": "$1,114", "2017-10-31": "$1,294", "2017-07-31": "$1,276", "2017-04-30": "$1,152", "2017-01-31": "$1,129", "2016-10-31": "$1,303", "2016-07-31": "$1,352", "2016-04-30": "$1,350", "2016-01-31": "$1,295", "2015-10-31": "$1,404", "2015-07-31": "$1,341", "2015-04-30": "$1,307", "2015-01-31": "$1,249", "2014-10-31": "$1,411", "2014-07-31": "$1,372", "2014-04-30": "$1,366", "2014-01-31": "$1,369", "2013-10-31": "$1,484", "2013-07-31": "$1,685", "2013-04-30": "$1,672", "2013-01-31": "", "2012-10-31": "$1,423", "2012-01-31": "$1,605", "2011-01-31": ""}}, "total-liabilities": {"Burlington Stores Annual Total Liabilities (Millions of US $)": {"2020": "$5,066", "2019": "$2,756", "2018": "$2,726", "2017": "$2,624", "2016": "$2,671", "2015": "$2,691", "2014": "$2,772", "2013": "$2,558", "2012": "$2,612", "2011": "$0"}, "Burlington Stores Quarterly Total Liabilities (Millions of US $)": {"2020-10-31": "$6,622", "2020-07-31": "$6,108", "2020-04-30": "$6,362", "2020-01-31": "$5,066", "2019-10-31": "$5,116", "2019-07-31": "$4,731", "2019-04-30": "$4,787", "2019-01-31": "$2,756", "2018-10-31": "$3,014", "2018-07-31": "$2,777", "2018-04-30": "$2,714", "2018-01-31": "$2,726", "2017-10-31": "$2,954", "2017-07-31": "$2,708", "2017-04-30": "$2,600", "2017-01-31": "$2,624", "2016-10-31": "$2,824", "2016-07-31": "$2,670", "2016-04-30": "$2,711", "2016-01-31": "$2,671", "2015-10-31": "$2,919", "2015-07-31": "$2,705", "2015-04-30": "$2,704", "2015-01-31": "$2,691", "2014-10-31": "$2,965", "2014-07-31": "$2,695", "2014-04-30": "$2,684", "2014-01-31": "$2,772", "2013-10-31": "$3,197", "2013-07-31": "$3,005", "2013-04-30": "$3,015", "2013-01-31": "", "2012-10-31": "$2,830", "2012-01-31": "$2,612", "2011-01-31": "$0"}}, "total-share-holder-equity": {"Burlington Stores Annual Share Holder Equity (Millions of US $)": {"2020": "$528", "2019": "$323", "2018": "$87", "2017": "$-50", "2016": "$-99", "2015": "$-66", "2014": "$-150", "2013": "$-80", "2012": "$-111", "2011": "$0"}, "Burlington Stores Quarterly Share Holder Equity (Millions of US $)": {"2020-10-31": "$287", "2020-07-31": "$262", "2020-04-30": "$279", "2020-01-31": "$528", "2019-10-31": "$392", "2019-07-31": "$315", "2019-04-30": "$279", "2019-01-31": "$323", "2018-10-31": "$193", "2018-07-31": "$153", "2018-04-30": "$111", "2018-01-31": "$87", "2017-10-31": "$-111", "2017-07-31": "$-96", "2017-04-30": "$-41", "2017-01-31": "$-50", "2016-10-31": "$-135", "2016-07-31": "$-104", "2016-04-30": "$-105", "2016-01-31": "$-99", "2015-10-31": "$-122", "2015-07-31": "$-41", "2015-04-30": "$-30", "2015-01-31": "$-66", "2014-10-31": "$-168", "2014-07-31": "$-140", "2014-04-30": "$-136", "2014-01-31": "$-150", "2013-10-31": "$-216", "2013-07-31": "$-439", "2013-04-30": "$-421", "2013-01-31": "", "2012-10-31": "$-150", "2012-01-31": "$-111", "2011-01-31": "$0"}}, "profit-margins": {"current": "-2.92%"}, "gross margin": {"2020-10-31": "38.14%", "2020-07-31": "37.52%", "2020-04-30": "37.26%", "2020-01-31": "41.98%", "2019-10-31": "41.92%", "2019-07-31": "41.90%", "2019-04-30": "41.92%", "2019-01-31": "41.99%", "2018-10-31": "42.01%", "2018-07-31": "41.95%", "2018-04-30": "41.81%", "2018-01-31": "41.75%", "2017-10-31": "41.67%", "2017-07-31": "41.43%", "2017-04-30": "41.19%", "2017-01-31": "41.01%", "2016-10-31": "40.77%", "2016-07-31": "40.45%", "2016-04-30": "40.39%", "2016-01-31": "40.34%", "2015-10-31": "40.74%", "2015-07-31": "40.75%", "2015-04-30": "40.57%", "2015-01-31": "40.19%", "2014-10-31": "39.95%", "2014-07-31": "39.78%", "2014-04-30": "39.71%", "2014-01-31": "39.56%", "2013-07-31": "38.31%"}, "operating margin": {"2020-10-31": "-4.76%", "2020-07-31": "-3.27%", "2020-04-30": "0.00%", "2020-01-31": "8.66%", "2019-10-31": "8.44%", "2019-07-31": "8.25%", "2019-04-30": "8.23%", "2019-01-31": "8.49%", "2018-10-31": "8.44%", "2018-07-31": "8.32%", "2018-04-30": "8.23%", "2018-01-31": "8.04%", "2017-10-31": "7.73%", "2017-07-31": "7.51%", "2017-04-30": "7.20%", "2017-01-31": "7.03%", "2016-10-31": "6.59%", "2016-07-31": "6.28%", "2016-04-30": "6.04%", "2016-01-31": "5.81%", "2015-10-31": "5.89%", "2015-07-31": "5.77%", "2015-04-30": "5.52%", "2015-01-31": "5.44%", "2014-10-31": "5.15%", "2014-07-31": "4.80%", "2014-04-30": "4.44%", "2014-01-31": "3.97%", "2013-07-31": "0.89%"}, "ebitda margin": {"2020-10-31": "-0.86%", "2020-07-31": "0.50%", "2020-04-30": "3.36%", "2020-01-31": "11.58%", "2019-10-31": "11.46%", "2019-07-31": "11.35%", "2019-04-30": "11.48%", "2019-01-31": "11.79%", "2018-10-31": "11.72%", "2018-07-31": "11.67%", "2018-04-30": "11.51%", "2018-01-31": "11.36%", "2017-10-31": "11.10%", "2017-07-31": "10.85%", "2017-04-30": "10.52%", "2017-01-31": "10.36%", "2016-10-31": "9.97%", "2016-07-31": "9.67%", "2016-04-30": "9.47%", "2016-01-31": "9.24%", "2015-10-31": "9.31%", "2015-07-31": "9.23%", "2015-04-30": "9.03%", "2015-01-31": "8.99%", "2014-10-31": "8.81%", "2014-07-31": "8.56%", "2014-04-30": "8.29%", "2014-01-31": "7.93%", "2013-07-31": "3.84%"}, "pre tax profit margin": {"2020-10-31": "-6.24%", "2020-07-31": "-4.46%", "2020-04-30": "-0.82%", "2020-01-31": "7.96%", "2019-10-31": "7.70%", "2019-07-31": "7.47%", "2019-04-30": "7.39%", "2019-01-31": "7.60%", "2018-10-31": "7.47%", "2018-07-31": "7.32%", "2018-04-30": "7.23%", "2018-01-31": "7.02%", "2017-10-31": "6.78%", "2017-07-31": "6.58%", "2017-04-30": "6.17%", "2017-01-31": "5.97%", "2016-10-31": "5.47%", "2016-07-31": "5.10%", "2016-04-30": "4.93%", "2016-01-31": "4.66%", "2015-10-31": "4.69%", "2015-07-31": "3.12%", "2015-04-30": "2.57%", "2015-01-31": "2.16%", "2014-10-31": "1.19%", "2014-07-31": "1.93%", "2014-04-30": "1.35%", "2014-01-31": "0.72%", "2013-07-31": "-2.32%"}, "net profit margin": {"2020-10-31": "-2.93%", "2020-07-31": "-1.36%", "2020-04-30": "0.82%", "2020-01-31": "6.38%", "2019-10-31": "6.26%", "2019-07-31": "6.11%", "2019-04-30": "6.05%", "2019-01-31": "6.22%", "2018-10-31": "7.14%", "2018-07-31": "6.85%", "2018-04-30": "6.62%", "2018-01-31": "6.30%", "2017-10-31": "4.61%", "2017-07-31": "4.46%", "2017-04-30": "4.07%", "2017-01-31": "3.86%", "2016-10-31": "3.47%", "2016-07-31": "3.22%", "2016-04-30": "3.12%", "2016-01-31": "2.94%", "2015-10-31": "2.89%", "2015-07-31": "1.96%", "2015-04-30": "1.65%", "2015-01-31": "1.38%", "2014-10-31": "0.77%", "2014-07-31": "0.54%", "2014-04-30": "-0.80%", "2014-01-31": "-2.13%", "2013-07-31": "-5.23%"}, "pe ratio": {"current": "0.00", "2021-02-05": "0.00", "2020-10-31": "0.00", "2020-07-31": "0.00", "2020-04-30": "264.77", "2020-01-31": "31.38", "2019-10-31": "29.34", "2019-07-31": "29.01", "2019-04-30": "28.15", "2019-01-31": "28.38", "2018-10-31": "25.15", "2018-07-31": "24.06", "2018-04-30": "22.72", "2018-01-31": "22.09", "2017-10-31": "24.64", "2017-07-31": "24.11", "2017-04-30": "30.63", "2017-01-31": "27.72", "2016-10-31": "28.82", "2016-07-31": "32.56", "2016-04-30": "25.78", "2016-01-31": "26.47", "2015-10-31": "25.04", "2015-07-31": "43.34", "2015-04-30": "49.59", "2015-01-31": "58.01", "2014-10-31": "91.17", "2014-07-31": "48.13"}, "price sales": {"2021-02-05": "3.00", "2020-10-31": "2.27", "2020-07-31": "2.16", "2020-04-30": "1.90", "2020-01-31": "2.01", "2019-10-31": "1.84", "2019-07-31": "1.77", "2019-04-30": "1.71", "2019-01-31": "1.77", "2018-10-31": "1.79", "2018-07-31": "1.65", "2018-04-30": "1.51", "2018-01-31": "1.40", "2017-10-31": "1.14", "2017-07-31": "1.08", "2017-04-30": "1.25", "2017-01-31": "1.08", "2016-10-31": "1.00", "2016-07-31": "1.06", "2016-04-30": "0.82", "2016-01-31": "0.80", "2015-10-31": "0.72", "2015-07-31": "0.83", "2015-04-30": "0.79", "2015-01-31": "0.77", "2014-10-31": "0.86", "2014-07-31": "0.92"}, "price book": {"current": "59.17", "2021-02-05": "59.17", "2020-10-31": "44.74", "2020-07-31": "47.43", "2020-04-30": "43.10", "2020-01-31": "27.15", "2019-10-31": "32.51", "2019-07-31": "38.01", "2019-04-30": "40.24", "2019-01-31": "35.73", "2018-10-31": "59.78", "2018-07-31": "67.34", "2018-04-30": "82.55", "2018-01-31": "95.20", "2017-10-31": "-57.97", "2017-07-31": "-62.59", "2017-04-30": "-168.83", "2017-01-31": "-117.92", "2016-10-31": "-39.07", "2016-07-31": "-52.62", "2016-04-30": "-38.71", "2016-01-31": "-39.10", "2015-10-31": "-29.00", "2015-07-31": "-102.08", "2015-04-30": "-128.57", "2015-01-31": "-56.93", "2014-10-31": "-18.89", "2014-07-31": "-17.32", "2014-04-30": "-14.13", "2014-01-31": "-12.53", "2013-10-31": "-9.14"}, "price fcf": {"2021-02-05": "", "2020-10-31": "$0.17", "2020-07-31": "$-1.81", "2020-04-30": "$3.71", "2020-01-31": "$8.37", "2019-10-31": "$6.10", "2019-07-31": "$5.43", "2019-04-30": "$4.58", "2019-01-31": "$5.09", "2018-10-31": "$6.63", "2018-07-31": "$5.97", "2018-04-30": "$5.24", "2018-01-31": "$4.82", "2017-10-31": "$4.25", "2017-07-31": "$5.10", "2017-04-30": "$5.69", "2017-01-31": "$6.07", "2016-10-31": "$4.79", "2016-07-31": "$3.43", "2016-04-30": "$2.77", "2016-01-31": "$1.88", "2015-10-31": "$1.43", "2015-07-31": "$0.57", "2015-04-30": "$0.26", "2015-01-31": "$1.07", "2014-10-31": "$-0.59", "2014-07-31": "$-0.25"}, "net worth": {"value": "$16.96B"}, "current ratio": {"current": "1.51", "2020-10-31": "1.51", "2020-07-31": "1.54", "2020-04-30": "1.65", "2020-01-31": "0.97", "2019-10-31": "0.88", "2019-07-31": "0.90", "2019-04-30": "0.93", "2019-01-31": "1.02", "2018-10-31": "1.00", "2018-07-31": "1.05", "2018-04-30": "1.01", "2018-01-31": "0.98", "2017-10-31": "1.02", "2017-07-31": "1.03", "2017-04-30": "0.97", "2017-01-31": "0.93", "2016-10-31": "1.03", "2016-07-31": "1.11", "2016-04-30": "1.12", "2016-01-31": "1.05", "2015-10-31": "1.11", "2015-07-31": "1.19", "2015-04-30": "1.18", "2015-01-31": "1.06", "2014-10-31": "1.07", "2014-07-31": "1.12", "2014-04-30": "1.15", "2014-01-31": "1.13", "2013-10-31": "1.12", "2013-07-31": "1.15", "2013-04-30": "1.16", "2013-01-31": "0.00", "2012-10-31": "1.12", "2012-01-31": "1.74", "2011-01-31": "0.00"}, "quick ratio": {"2020-10-31": "1.02", "2020-07-31": "1.05", "2020-04-30": "1.18", "2020-01-31": "0.44", "2019-10-31": "0.26", "2019-07-31": "0.28", "2019-04-30": "0.27", "2019-01-31": "0.26", "2018-10-31": "0.24", "2018-07-31": "0.30", "2018-04-30": "0.29", "2018-01-31": "0.31", "2017-10-31": "0.22", "2017-07-31": "0.24", "2017-04-30": "0.20", "2017-01-31": "0.23", "2016-10-31": "0.22", "2016-07-31": "0.22", "2016-04-30": "0.20", "2016-01-31": "0.17", "2015-10-31": "0.21", "2015-07-31": "0.27", "2015-04-30": "0.26", "2015-01-31": "0.21", "2014-10-31": "0.24", "2014-07-31": "0.27", "2014-04-30": "0.30", "2014-01-31": "0.33", "2013-10-31": "0.38", "2013-07-31": "0.25", "2013-04-30": "0.32", "2013-01-31": "0.00", "2012-10-31": "0.22", "2012-01-31": "0.39", "2011-01-31": "0.00"}, "debt equity ratio": {"current": "7.57", "2020-10-31": "23.11", "2020-07-31": "23.29", "2020-04-30": "22.79", "2020-01-31": "9.59", "2019-10-31": "13.07", "2019-07-31": "15.01", "2019-04-30": "17.18", "2019-01-31": "8.54", "2018-10-31": "15.58", "2018-07-31": "18.12", "2018-04-30": "24.39", "2018-01-31": "31.42", "2017-10-31": "-26.72", "2017-07-31": "-28.23", "2017-04-30": "-63.55", "2017-01-31": "-52.68", "2016-10-31": "-20.85", "2016-07-31": "-25.74", "2016-04-30": "-25.76", "2016-01-31": "-26.97", "2015-10-31": "-23.94", "2015-07-31": "-66.57", "2015-04-30": "-89.09", "2015-01-31": "-40.80", "2014-10-31": "-17.66", "2014-07-31": "-19.23", "2014-04-30": "-19.70", "2014-01-31": "-18.42", "2013-10-31": "-14.81", "2013-07-31": "-6.85", "2013-04-30": "-7.16", "2013-01-31": "0.00", "2012-10-31": "-18.81", "2012-01-31": "-23.55", "2011-01-31": "0.00"}, "return on equity": {"2020-10-31": "-49.26%", "2020-07-31": "-21.63%", "2020-04-30": "14.00%", "2020-01-31": "122.85%", "2019-10-31": "135.37%", "2019-07-31": "152.79%", "2019-04-30": "173.00%", "2019-01-31": "212.82%", "2018-10-31": "347.06%", "2018-07-31": "733.33%", "2018-04-30": "-18488.89%", "2018-01-31": "-956.52%", "2017-10-31": "-362.42%", "2017-07-31": "-319.25%", "2017-04-30": "-278.79%", "2017-01-31": "-219.29%", "2016-10-31": "-170.65%", "2016-07-31": "-160.00%", "2016-04-30": "-177.66%", "2016-01-31": "-206.85%", "2015-10-31": "-227.03%", "2015-07-31": "-128.52%", "2015-04-30": "-80.20%", "2015-01-31": "-52.55%", "2014-10-31": "-24.24%", "2014-07-31": "-15.58%", "2014-04-30": "15.30%", "2014-01-31": "31.00%", "2013-07-31": "62.57%"}, "return on assets": {"2020-10-31": "-2.62%", "2020-07-31": "-1.31%", "2020-04-30": "0.93%", "2020-01-31": "8.77%", "2019-10-31": "9.48%", "2019-07-31": "10.34%", "2019-04-30": "11.48%", "2019-01-31": "13.79%", "2018-10-31": "16.03%", "2018-07-31": "15.42%", "2018-04-30": "15.00%", "2018-01-31": "14.22%", "2017-10-31": "10.20%", "2017-07-31": "9.85%", "2017-04-30": "8.86%", "2017-01-31": "8.28%", "2016-10-31": "7.25%", "2016-07-31": "6.53%", "2016-04-30": "6.13%", "2016-01-31": "5.64%", "2015-10-31": "5.46%", "2015-07-31": "3.64%", "2015-04-30": "3.04%", "2015-01-31": "2.55%", "2014-10-31": "1.37%", "2014-07-31": "0.93%", "2014-04-30": "-1.34%", "2014-01-31": "-3.53%", "2013-07-31": "-8.06%"}, "return on investments": {"2020-10-31": "-12.06%", "2020-07-31": "-9.61%", "2020-04-30": "0.00%", "2020-01-31": "44.20%", "2019-10-31": "43.52%", "2019-07-31": "42.41%", "2019-04-30": "42.04%", "2019-01-31": "44.12%", "2018-10-31": "44.41%", "2018-07-31": "43.34%", "2018-04-30": "43.08%", "2018-01-31": "41.99%", "2017-10-31": "39.78%", "2017-07-31": "38.16%", "2017-04-30": "35.35%", "2017-01-31": "33.16%", "2016-10-31": "29.57%", "2016-07-31": "26.96%", "2016-04-30": "25.16%", "2016-01-31": "23.59%", "2015-10-31": "23.73%", "2015-07-31": "23.11%", "2015-04-30": "21.97%", "2015-01-31": "21.60%", "2014-10-31": "19.66%", "2014-07-31": "17.86%", "2014-04-30": "16.20%", "2014-01-31": "14.21%", "2013-07-31": "2.87%"}, "return on tangible equity": {"2020-10-31": "-313.62%", "2020-07-31": "-99.37%", "2020-04-30": "57.30%", "2020-01-31": "502.70%", "2019-10-31": "177200.00%", "2019-07-31": "-458.38%", "2019-04-30": "-231.31%", "2019-01-31": "-156.75%", "2018-10-31": "-143.14%", "2018-07-31": "-106.99%", "2018-04-30": "-86.80%", "2018-01-31": "-73.58%", "2017-10-31": "-47.91%", "2017-07-31": "-44.62%", "2017-04-30": "-39.37%", "2017-01-31": "-35.60%", "2016-10-31": "-30.22%", "2016-07-31": "-27.34%", "2016-04-30": "-26.28%", "2016-01-31": "-24.82%", "2015-10-31": "-24.22%", "2015-07-31": "-15.69%", "2015-04-30": "-12.35%", "2015-01-31": "-9.73%", "2014-10-31": "-5.02%", "2014-07-31": "-3.40%", "2014-04-30": "4.41%", "2014-01-31": "10.62%", "2013-07-31": "22.38%"}, "dividend yield history": {"last payout": "$0.00", "last yield": "0.00%"}}