{"ticker": "BWXT", "price": {"title": "BWX Technologies Historical Annual Stock Price Data", "value": 56.11, "historical": {"2020": {"Average Stock Price": "57.2449", "Year Open": "63.6300", "Year High": "70.4300", "Year Low": "42.0300", "Year Close": "60.2800", "Annual % Change": "-2.90%"}, "2019": {"Average Stock Price": "53.2044", "Year Open": "38.9000", "Year High": "63.7000", "Year Low": "38.1000", "Year Close": "62.0800", "Annual % Change": "62.39%"}, "2018": {"Average Stock Price": "60.7196", "Year Open": "60.5300", "Year High": "70.9400", "Year Low": "36.7600", "Year Close": "38.2300", "Annual % Change": "-36.80%"}, "2017": {"Average Stock Price": "51.4029", "Year Open": "39.2200", "Year High": "62.4500", "Year Low": "39.2200", "Year Close": "60.4900", "Annual % Change": "52.37%"}, "2016": {"Average Stock Price": "35.4803", "Year Open": "31.4800", "Year High": "40.5200", "Year Low": "27.0900", "Year Close": "39.7000", "Annual % Change": "24.96%"}, "2015": {"Average Stock Price": "29.2850", "Year Open": "30.0600", "Year High": "34.0400", "Year Low": "24.1200", "Year Close": "31.7700", "Annual % Change": "4.85%"}, "2014": {"Average Stock Price": "31.5671", "Year Open": "34.0100", "Year High": "35.4900", "Year Low": "27.6900", "Year Close": "30.3000", "Annual % Change": "-11.38%"}, "2013": {"Average Stock Price": "29.9734", "Year Open": "26.5000", "Year High": "34.5200", "Year Low": "25.3100", "Year Close": "34.1900", "Annual % Change": "30.50%"}, "2012": {"Average Stock Price": "25.1388", "Year Open": "23.5900", "Year High": "27.7200", "Year Low": "23.0200", "Year Close": "26.2000", "Annual % Change": "8.53%"}, "2011": {"Average Stock Price": "26.3893", "Year Open": "26.0600", "Year High": "35.5700", "Year Low": "18.5400", "Year Close": "24.1400", "Annual % Change": "-5.67%"}, "2010": {"Average Stock Price": "23.3876", "Year Open": "23.1500", "Year High": "25.9700", "Year Low": "21.2500", "Year Close": "25.5900", "Annual % Change": "0.00%"}}}, "market cap": {"value": "$5.35B"}, "income statement": {"Revenue": {"2019-12-31": "1894.92000", "2018-12-31": "1799.88900", "2017-12-31": "1687.73800", "2016-12-31": "1550.57300", "2015-12-31": "1415.52900", "2014-12-31": "1450.61000", "2013-12-31": "1546.66300", "2012-12-31": "3291.35900", "2011-12-31": "2952.04000", "2010-12-31": "2688.81100", "2009-12-31": "2854.63200", "2008-12-31": "3398.57400"}, "Cost Of Goods Sold": {"2019-12-31": "1361.05600", "2018-12-31": "1295.87600", "2017-12-31": "1191.98300", "2016-12-31": "1086.33900", "2015-12-31": "1027.43700", "2014-12-31": "1153.03400", "2013-12-31": "1012.39200", "2012-12-31": "2461.20500", "2011-12-31": "2384.15400", "2010-12-31": "2032.34700", "2009-12-31": "2182.13100", "2008-12-31": "2639.47700"}, "Gross Profit": {"2019-12-31": "533.86400", "2018-12-31": "504.01310", "2017-12-31": "495.75500", "2016-12-31": "464.23400", "2015-12-31": "388.09200", "2014-12-31": "297.57590", "2013-12-31": "534.27090", "2012-12-31": "830.15380", "2011-12-31": "567.88600", "2010-12-31": "656.46400", "2009-12-31": "672.50100", "2008-12-31": "759.09690"}, "Research And Development Expenses": {"2019-12-31": "17.67200", "2018-12-31": "15.22300", "2017-12-31": "7.19000", "2016-12-31": "6.40700", "2015-12-31": "10.53700", "2014-12-31": "54.75100", "2013-12-31": "58.18300", "2012-12-31": "120.56200", "2011-12-31": "106.39600", "2010-12-31": "69.16700", "2009-12-31": "53.24600", "2008-12-31": "38.45800"}, "SG&A Expenses": {"2019-12-31": "216.77100", "2018-12-31": "214.09200", "2017-12-31": "210.14800", "2016-12-31": "209.51300", "2015-12-31": "207.76100", "2014-12-31": "230.37700", "2013-12-31": "197.72400", "2012-12-31": "428.29300", "2011-12-31": "447.56100", "2010-12-31": "412.48600", "2009-12-31": "403.55900", "2008-12-31": "337.55100"}, "Other Operating Income Or Expenses": {"2019-12-31": "-2.82400", "2018-12-31": "-0.06400", "2017-12-31": "0.19400", "2016-12-31": "-29.95700", "2015-12-31": "39.35900", "2014-12-31": "0.51000", "2013-12-31": "0.13200", "2012-12-31": "-1.41900", "2011-12-31": "3.08700", "2010-12-31": "-0.03800", "2009-12-31": "-1.22600", "2008-12-31": "9.60300"}, "Operating Expenses": {"2019-12-31": "1569.39900", "2018-12-31": "1494.91200", "2017-12-31": "1395.51500", "2016-12-31": "1316.14700", "2015-12-31": "1209.58800", "2014-12-31": "1425.48500", "2013-12-31": "1239.75200", "2012-12-31": "2944.77000", "2011-12-31": "2856.36900", "2010-12-31": "2439.95600", "2009-12-31": "2585.06800", "2008-12-31": "2954.09100"}, "Operating Income": {"2019-12-31": "325.52100", "2018-12-31": "304.97710", "2017-12-31": "292.22310", "2016-12-31": "234.42600", "2015-12-31": "205.94100", "2014-12-31": "25.12500", "2013-12-31": "306.91100", "2012-12-31": "346.58890", "2011-12-31": "95.67090", "2010-12-31": "248.85500", "2009-12-31": "269.56370", "2008-12-31": "444.48290"}, "Total Non-Operating Income/Expense": {"2019-12-31": "-11.77900", "2018-12-31": "-24.83200", "2017-12-31": "3.55700", "2016-12-31": "22.84200", "2015-12-31": "15.12400", "2014-12-31": "7.01000", "2013-12-31": "-21.39900", "2012-12-31": "-27.17100", "2011-12-31": "-1.17300", "2010-12-31": "-28.64700", "2009-12-31": "-37.26300", "2008-12-31": "-11.74400"}, "Pre-Tax Income": {"2019-12-31": "313.74200", "2018-12-31": "280.14500", "2017-12-31": "295.78000", "2016-12-31": "257.26800", "2015-12-31": "221.06500", "2014-12-31": "32.13500", "2013-12-31": "285.51200", "2012-12-31": "319.41800", "2011-12-31": "94.49800", "2010-12-31": "220.20800", "2009-12-31": "232.30100", "2008-12-31": "432.73900"}, "Income Taxes": {"2019-12-31": "69.06500", "2018-12-31": "52.84000", "2017-12-31": "147.41500", "2016-12-31": "73.65600", "2015-12-31": "80.41600", "2014-12-31": "1.69100", "2013-12-31": "100.79900", "2012-12-31": "101.86100", "2011-12-31": "23.88000", "2010-12-31": "80.00500", "2009-12-31": "84.38100", "2008-12-31": "108.88500"}, "Income After Taxes": {"2019-12-31": "244.67700", "2018-12-31": "227.30500", "2017-12-31": "148.36500", "2016-12-31": "183.61200", "2015-12-31": "140.64900", "2014-12-31": "30.44400", "2013-12-31": "184.71300", "2012-12-31": "217.55700", "2011-12-31": "70.61800", "2010-12-31": "140.20300", "2009-12-31": "147.92000", "2008-12-31": "323.85400"}, "Other Income": {"2019-12-31": "", "2018-12-31": "", "2017-12-31": "", "2016-12-31": "", "2015-12-31": "", "2014-12-31": "", "2013-12-31": "", "2012-12-31": "", "2011-12-31": "", "2010-12-31": "", "2009-12-31": "", "2008-12-31": ""}, "Income From Continuous Operations": {"2019-12-31": "244.67700", "2018-12-31": "227.30500", "2017-12-31": "148.36500", "2016-12-31": "183.61200", "2015-12-31": "140.64900", "2014-12-31": "30.44400", "2013-12-31": "184.71300", "2012-12-31": "217.55700", "2011-12-31": "70.61800", "2010-12-31": "140.20300", "2009-12-31": "147.92000", "2008-12-31": "323.85400"}, "Income From Discontinued Operations": {"2019-12-31": "", "2018-12-31": "", "2017-12-31": "", "2016-12-31": "", "2015-12-31": "-9.20300", "2014-12-31": "-8.98700", "2013-12-31": "147.87700", "2012-12-31": "", "2011-12-31": "", "2010-12-31": "", "2009-12-31": "", "2008-12-31": ""}, "Net Income": {"2019-12-31": "244.11500", "2018-12-31": "226.95800", "2017-12-31": "147.84400", "2016-12-31": "183.05700", "2015-12-31": "131.46500", "2014-12-31": "29.38800", "2013-12-31": "346.07800", "2012-12-31": "227.69500", "2011-12-31": "78.31900", "2010-12-31": "139.93900", "2009-12-31": "147.76400", "2008-12-31": "323.76600"}, "EBITDA": {"2019-12-31": "416.16700", "2018-12-31": "395.41710", "2017-12-31": "362.39220", "2016-12-31": "301.04900", "2015-12-31": "297.95800", "2014-12-31": "163.99800", "2013-12-31": "427.10700", "2012-12-31": "482.99480", "2011-12-31": "247.32890", "2010-12-31": "394.57000", "2009-12-31": "484.00670", "2008-12-31": "575.99490"}, "EBIT": {"2019-12-31": "354.44500", "2018-12-31": "335.32000", "2017-12-31": "305.83510", "2016-12-31": "250.49500", "2015-12-31": "219.33700", "2014-12-31": "58.20000", "2013-12-31": "356.58200", "2012-12-31": "413.29790", "2011-12-31": "174.32590", "2010-12-31": "322.93700", "2009-12-31": "324.65770", "2008-12-31": "496.27490"}, "Basic Shares Outstanding": {"2019-12-31": "95.37700", "2018-12-31": "99.06200", "2017-12-31": "99.33400", "2016-12-31": "102.47200", "2015-12-31": "106.70300", "2014-12-31": "108.47700", "2013-12-31": "111.90200", "2012-12-31": "118.41900", "2011-12-31": "117.56100", "2010-12-31": "116.26000", "2009-12-31": "116.06800", "2008-12-31": "116.06800"}, "Shares Outstanding": {"2019-12-31": "95.81100", "2018-12-31": "100.01900", "2017-12-31": "100.37000", "2016-12-31": "103.84100", "2015-12-31": "107.58300", "2014-12-31": "108.76100", "2013-12-31": "112.68500", "2012-12-31": "119.02100", "2011-12-31": "118.40500", "2010-12-31": "117.62600", "2009-12-31": "117.42400", "2008-12-31": "117.42400"}, "Basic EPS": {"2019-12-31": "2.56000", "2018-12-31": "2.29000", "2017-12-31": "1.49000", "2016-12-31": "1.79000", "2015-12-31": "1.23000", "2014-12-31": "0.27000", "2013-12-31": "3.09000", "2012-12-31": "1.92000", "2011-12-31": "0.67000", "2010-12-31": "1.20000", "2009-12-31": "1.27000", "2008-12-31": "2.79000"}, "EPS - Earnings Per Share": {"2019-12-31": "2.55000", "2018-12-31": "2.27000", "2017-12-31": "1.47000", "2016-12-31": "1.76000", "2015-12-31": "1.22000", "2014-12-31": "0.27000", "2013-12-31": "3.07000", "2012-12-31": "1.91000", "2011-12-31": "0.66000", "2010-12-31": "1.19000", "2009-12-31": "1.26000", "2008-12-31": "2.76000"}}, "income statement, quarterly": {"Revenue": {"2020-09-30": "519.87800", "2020-06-30": "504.52000", "2020-03-31": "542.20800", "2019-12-31": "501.23510", "2019-09-30": "506.00000", "2019-06-30": "471.23100", "2019-03-31": "416.45400", "2018-12-31": "477.99800", "2018-09-30": "425.50700", "2018-06-30": "438.92100", "2018-03-31": "457.46300", "2017-12-31": "430.13810", "2017-09-30": "419.36000", "2017-06-30": "410.01100", "2017-03-31": "428.22900", "2016-12-31": "403.86000", "2016-09-30": "379.50500", "2016-06-30": "402.38200", "2016-03-31": "364.82600", "2015-12-31": "363.93810", "2015-09-30": "358.97000", "2015-06-30": "357.13500", "2015-03-31": "335.48600", "2014-12-31": "88.75300", "2014-09-30": "337.35200", "2014-06-30": "362.48800", "2014-03-31": "662.01700", "2013-12-31": "-919.73000", "2013-09-30": "774.83400", "2013-06-30": "886.13600", "2013-03-31": "805.42300", "2012-12-31": "865.29600", "2012-09-30": "807.58600", "2012-06-30": "852.58500", "2012-03-31": "765.89200", "2011-12-31": "800.78890", "2011-09-30": "707.62200", "2011-06-30": "752.35200", "2011-03-31": "691.27700", "2010-12-31": "705.16190", "2010-09-30": "632.76500", "2010-06-30": "688.49600", "2010-03-31": "662.38800", "2009-12-31": "", "2009-09-30": "648.99700", "2009-06-30": "732.06900", "2008-12-31": ""}, "Cost Of Goods Sold": {"2020-09-30": "373.78300", "2020-06-30": "367.53400", "2020-03-31": "392.44300", "2019-12-31": "361.66600", "2019-09-30": "357.73200", "2019-06-30": "338.02300", "2019-03-31": "303.63500", "2018-12-31": "323.98900", "2018-09-30": "326.31400", "2018-06-30": "318.20900", "2018-03-31": "327.36400", "2017-12-31": "308.14410", "2017-09-30": "302.26700", "2017-06-30": "278.35600", "2017-03-31": "303.21600", "2016-12-31": "301.27900", "2016-09-30": "271.17400", "2016-06-30": "265.07600", "2016-03-31": "248.81000", "2015-12-31": "299.75100", "2015-09-30": "250.55800", "2015-06-30": "249.48900", "2015-03-31": "227.63900", "2014-12-31": "150.30100", "2014-09-30": "242.60700", "2014-06-30": "257.81900", "2014-03-31": "502.30700", "2013-12-31": "-871.74200", "2013-09-30": "578.39400", "2013-06-30": "686.04300", "2013-03-31": "619.69700", "2012-12-31": "673.89410", "2012-09-30": "603.87600", "2012-06-30": "619.54700", "2012-03-31": "563.88800", "2011-12-31": "695.94490", "2011-09-30": "535.66200", "2011-06-30": "587.74100", "2011-03-31": "564.80600", "2010-12-31": "533.80990", "2010-09-30": "468.50200", "2010-06-30": "502.14300", "2010-03-31": "527.89200", "2009-12-31": "", "2009-09-30": "513.80300", "2009-06-30": "553.48900", "2008-12-31": ""}, "Gross Profit": {"2020-09-30": "146.09500", "2020-06-30": "136.98600", "2020-03-31": "149.76500", "2019-12-31": "139.56910", "2019-09-30": "148.26800", "2019-06-30": "133.20800", "2019-03-31": "112.81900", "2018-12-31": "154.00900", "2018-09-30": "99.19300", "2018-06-30": "120.71200", "2018-03-31": "130.09900", "2017-12-31": "121.99400", "2017-09-30": "117.09300", "2017-06-30": "131.65500", "2017-03-31": "125.01300", "2016-12-31": "102.58110", "2016-09-30": "108.33100", "2016-06-30": "137.30600", "2016-03-31": "116.01600", "2015-12-31": "64.18710", "2015-09-30": "108.41200", "2015-06-30": "107.64600", "2015-03-31": "107.84700", "2014-12-31": "-61.54800", "2014-09-30": "94.74500", "2014-06-30": "104.66900", "2014-03-31": "159.71000", "2013-12-31": "-47.98800", "2013-09-30": "196.44000", "2013-06-30": "200.09300", "2013-03-31": "185.72600", "2012-12-31": "191.40190", "2012-09-30": "203.71000", "2012-06-30": "233.03800", "2012-03-31": "202.00400", "2011-12-31": "104.84400", "2011-09-30": "171.96000", "2011-06-30": "164.61100", "2011-03-31": "126.47090", "2010-12-31": "171.35210", "2010-09-30": "164.26300", "2010-06-30": "186.35300", "2010-03-31": "134.49600", "2009-12-31": "", "2009-09-30": "135.19400", "2009-06-30": "178.58000", "2008-12-31": ""}, "Research And Development Expenses": {"2020-09-30": "2.93300", "2020-06-30": "4.02900", "2020-03-31": "4.60300", "2019-12-31": "2.04100", "2019-09-30": "5.12500", "2019-06-30": "5.33200", "2019-03-31": "5.17400", "2018-12-31": "3.55000", "2018-09-30": "3.95900", "2018-06-30": "4.10700", "2018-03-31": "3.60700", "2017-12-31": "1.92200", "2017-09-30": "2.59700", "2017-06-30": "1.15200", "2017-03-31": "1.51900", "2016-12-31": "1.36400", "2016-09-30": "1.74600", "2016-06-30": "1.56600", "2016-03-31": "1.73100", "2015-12-31": "1.53800", "2015-09-30": "1.51800", "2015-06-30": "3.65300", "2015-03-31": "3.82800", "2014-12-31": "0.24200", "2014-09-30": "3.87700", "2014-06-30": "26.63600", "2014-03-31": "23.99600", "2013-12-31": "5.21300", "2013-09-30": "23.78700", "2013-06-30": "0.83700", "2013-03-31": "28.34600", "2012-12-31": "29.48300", "2012-09-30": "27.89300", "2012-06-30": "34.15000", "2012-03-31": "29.03600", "2011-12-31": "31.87800", "2011-09-30": "34.64200", "2011-06-30": "22.56800", "2011-03-31": "17.30800", "2010-12-31": "18.45800", "2010-09-30": "17.42400", "2010-06-30": "16.22600", "2010-03-31": "17.05900", "2009-12-31": "", "2009-09-30": "", "2009-06-30": "", "2008-12-31": ""}, "SG&A Expenses": {"2020-09-30": "62.63800", "2020-06-30": "55.13700", "2020-03-31": "52.95800", "2019-12-31": "58.47500", "2019-09-30": "52.56100", "2019-06-30": "54.05200", "2019-03-31": "51.68300", "2018-12-31": "54.89300", "2018-09-30": "53.91900", "2018-06-30": "51.51800", "2018-03-31": "53.76200", "2017-12-31": "59.26700", "2017-09-30": "51.35100", "2017-06-30": "48.43300", "2017-03-31": "51.09700", "2016-12-31": "63.03900", "2016-09-30": "49.22500", "2016-06-30": "52.04000", "2016-03-31": "45.20900", "2015-12-31": "55.02500", "2015-09-30": "47.55000", "2015-06-30": "54.76000", "2015-03-31": "50.42600", "2014-12-31": "27.03500", "2014-09-30": "55.28900", "2014-06-30": "53.36800", "2014-03-31": "94.68500", "2013-12-31": "-115.38900", "2013-09-30": "102.57600", "2013-06-30": "106.93700", "2013-03-31": "103.60000", "2012-12-31": "114.66400", "2012-09-30": "103.34300", "2012-06-30": "106.12100", "2012-03-31": "104.16500", "2011-12-31": "145.84800", "2011-09-30": "102.00200", "2011-06-30": "97.07800", "2011-03-31": "102.63300", "2010-12-31": "119.20900", "2010-09-30": "98.70800", "2010-06-30": "101.84600", "2010-03-31": "92.72300", "2009-12-31": "", "2009-09-30": "102.27900", "2009-06-30": "98.19600", "2008-12-31": ""}, "Other Operating Income Or Expenses": {"2020-09-30": "-0.02500", "2020-06-30": "-0.29900", "2020-03-31": "", "2019-12-31": "-2.67900", "2019-09-30": "0.00600", "2019-06-30": "-0.15100", "2019-03-31": "", "2018-12-31": "-0.06600", "2018-09-30": "-0.24300", "2018-06-30": "0.23700", "2018-03-31": "0.00800", "2017-12-31": "0.16100", "2017-09-30": "0.00200", "2017-06-30": "0.03100", "2017-03-31": "", "2016-12-31": "-0.00200", "2016-09-30": "-0.00500", "2016-06-30": "0.05000", "2016-03-31": "-30.00000", "2015-12-31": "-0.38500", "2015-09-30": "65.72800", "2015-06-30": "-24.47000", "2015-03-31": "-1.51400", "2014-12-31": "-0.11500", "2014-09-30": "0.62500", "2014-06-30": "", "2014-03-31": "", "2013-12-31": "1.47700", "2013-09-30": "-1.25800", "2013-06-30": "-0.15600", "2013-03-31": "0.06900", "2012-12-31": "0.31900", "2012-09-30": "-2.62000", "2012-06-30": "0.62200", "2012-03-31": "0.26000", "2011-12-31": "3.71300", "2011-09-30": "-0.54700", "2011-06-30": "-0.08900", "2011-03-31": "0.01000", "2010-12-31": "0.05000", "2010-09-30": "-0.04000", "2010-06-30": "-0.06100", "2010-03-31": "0.01300", "2009-12-31": "", "2009-09-30": "-0.44300", "2009-06-30": "0.03000", "2008-12-31": ""}, "Operating Expenses": {"2020-09-30": "431.10800", "2020-06-30": "422.08600", "2020-03-31": "443.94100", "2019-12-31": "418.35500", "2019-09-30": "407.53800", "2019-06-30": "390.69600", "2019-03-31": "352.81000", "2018-12-31": "374.85290", "2018-09-30": "375.11200", "2018-06-30": "367.37200", "2018-03-31": "377.57500", "2017-12-31": "366.39180", "2017-09-30": "352.58300", "2017-06-30": "324.58300", "2017-03-31": "351.95700", "2016-12-31": "362.86400", "2016-09-30": "317.14200", "2016-06-30": "313.92400", "2016-03-31": "322.21700", "2015-12-31": "354.33100", "2015-09-30": "228.00400", "2015-06-30": "345.55000", "2015-03-31": "281.70300", "2014-12-31": "179.45600", "2014-09-30": "302.62100", "2014-06-30": "335.03100", "2014-03-31": "608.37700", "2013-12-31": "-985.60100", "2013-09-30": "692.71300", "2013-06-30": "787.43000", "2013-03-31": "745.21000", "2012-12-31": "799.60300", "2012-09-30": "723.18600", "2012-06-30": "742.50900", "2012-03-31": "679.47200", "2011-12-31": "847.82710", "2011-09-30": "650.07100", "2011-06-30": "689.09500", "2011-03-31": "669.37600", "2010-12-31": "645.78490", "2010-09-30": "567.68800", "2010-06-30": "602.84100", "2010-03-31": "623.64210", "2009-12-31": "", "2009-09-30": "602.87900", "2009-06-30": "641.50200", "2008-12-31": ""}, "Operating Income": {"2020-09-30": "88.77000", "2020-06-30": "82.43400", "2020-03-31": "98.26700", "2019-12-31": "82.88000", "2019-09-30": "98.46200", "2019-06-30": "80.53500", "2019-03-31": "63.64400", "2018-12-31": "103.14510", "2018-09-30": "50.39500", "2018-06-30": "71.54900", "2018-03-31": "79.88800", "2017-12-31": "63.74620", "2017-09-30": "66.77700", "2017-06-30": "85.42800", "2017-03-31": "76.27200", "2016-12-31": "40.99610", "2016-09-30": "62.36300", "2016-06-30": "88.45800", "2016-03-31": "42.60900", "2015-12-31": "9.60710", "2015-09-30": "130.96600", "2015-06-30": "11.58500", "2015-03-31": "53.78300", "2014-12-31": "-90.70300", "2014-09-30": "34.73100", "2014-06-30": "27.45700", "2014-03-31": "53.64000", "2013-12-31": "65.87100", "2013-09-30": "82.12100", "2013-06-30": "98.70600", "2013-03-31": "60.21300", "2012-12-31": "65.69300", "2012-09-30": "84.40000", "2012-06-30": "110.07600", "2012-03-31": "86.42000", "2011-12-31": "-47.03820", "2011-09-30": "57.55100", "2011-06-30": "63.25700", "2011-03-31": "21.90100", "2010-12-31": "59.37700", "2010-09-30": "65.07700", "2010-06-30": "85.65500", "2010-03-31": "38.74590", "2009-12-31": "", "2009-09-30": "46.11800", "2009-06-30": "90.56700", "2008-12-31": ""}, "Total Non-Operating Income/Expense": {"2020-09-30": "3.11200", "2020-06-30": "1.64600", "2020-03-31": "0.18100", "2019-12-31": "-4.25500", "2019-09-30": "-3.95600", "2019-06-30": "-2.80100", "2019-03-31": "-0.76700", "2018-12-31": "-71.80200", "2018-09-30": "34.16400", "2018-06-30": "7.67800", "2018-03-31": "5.12800", "2017-12-31": "-7.42000", "2017-09-30": "3.81700", "2017-06-30": "3.05400", "2017-03-31": "4.10600", "2016-12-31": "2.51600", "2016-09-30": "-1.69300", "2016-06-30": "-0.49600", "2016-03-31": "22.51500", "2015-12-31": "-5.39600", "2015-09-30": "27.13100", "2015-06-30": "-3.01000", "2015-03-31": "-3.60100", "2014-12-31": "-9.35700", "2014-09-30": "15.87600", "2014-06-30": "-0.35100", "2014-03-31": "0.84200", "2013-12-31": "-22.17400", "2013-09-30": "-0.68400", "2013-06-30": "0.53900", "2013-03-31": "0.92000", "2012-12-31": "-1.54700", "2012-09-30": "-27.88500", "2012-06-30": "3.71700", "2012-03-31": "-1.45600", "2011-12-31": "-3.80100", "2011-09-30": "2.18500", "2011-06-30": "3.43300", "2011-03-31": "-2.99000", "2010-12-31": "-4.72400", "2010-09-30": "-6.92900", "2010-06-30": "-8.36000", "2010-03-31": "-8.63400", "2009-12-31": "", "2009-09-30": "-8.10000", "2009-06-30": "-13.53300", "2008-12-31": ""}, "Pre-Tax Income": {"2020-09-30": "91.88200", "2020-06-30": "84.08000", "2020-03-31": "98.44800", "2019-12-31": "78.62500", "2019-09-30": "94.50600", "2019-06-30": "77.73400", "2019-03-31": "62.87700", "2018-12-31": "31.34300", "2018-09-30": "84.55900", "2018-06-30": "79.22700", "2018-03-31": "85.01600", "2017-12-31": "56.32600", "2017-09-30": "70.59400", "2017-06-30": "88.48200", "2017-03-31": "80.37800", "2016-12-31": "43.50200", "2016-09-30": "60.68000", "2016-06-30": "87.96200", "2016-03-31": "65.12400", "2015-12-31": "4.21100", "2015-09-30": "158.09700", "2015-06-30": "8.57500", "2015-03-31": "50.18200", "2014-12-31": "-100.06000", "2014-09-30": "50.60700", "2014-06-30": "27.10600", "2014-03-31": "54.48200", "2013-12-31": "43.69700", "2013-09-30": "81.43700", "2013-06-30": "99.24500", "2013-03-31": "61.13300", "2012-12-31": "64.14600", "2012-09-30": "56.51500", "2012-06-30": "113.79300", "2012-03-31": "84.96400", "2011-12-31": "-50.83900", "2011-09-30": "59.73600", "2011-06-30": "66.69000", "2011-03-31": "18.91100", "2010-12-31": "54.65300", "2010-09-30": "58.14800", "2010-06-30": "77.29500", "2010-03-31": "30.11200", "2009-12-31": "", "2009-09-30": "38.01800", "2009-06-30": "77.03400", "2008-12-31": ""}, "Income Taxes": {"2020-09-30": "18.68700", "2020-06-30": "19.68400", "2020-03-31": "22.82800", "2019-12-31": "17.05600", "2019-09-30": "19.50800", "2019-06-30": "18.73400", "2019-03-31": "13.76700", "2018-12-31": "9.26200", "2018-09-30": "6.48200", "2018-06-30": "18.49300", "2018-03-31": "18.60300", "2017-12-31": "71.86000", "2017-09-30": "23.90100", "2017-06-30": "27.06200", "2017-03-31": "24.59200", "2016-12-31": "9.32800", "2016-09-30": "19.47300", "2016-06-30": "29.46500", "2016-03-31": "15.39000", "2015-12-31": "3.62800", "2015-09-30": "51.58900", "2015-06-30": "8.98200", "2015-03-31": "16.21700", "2014-12-31": "-30.40700", "2014-09-30": "10.85300", "2014-06-30": "7.91700", "2014-03-31": "13.32800", "2013-12-31": "30.58200", "2013-09-30": "24.41600", "2013-06-30": "29.54400", "2013-03-31": "16.25700", "2012-12-31": "27.25000", "2012-09-30": "7.25900", "2012-06-30": "39.45700", "2012-03-31": "27.89500", "2011-12-31": "-21.54400", "2011-09-30": "19.83100", "2011-06-30": "20.34900", "2011-03-31": "5.24400", "2010-12-31": "14.94200", "2010-09-30": "22.22400", "2010-06-30": "29.58300", "2010-03-31": "13.25600", "2009-12-31": "", "2009-09-30": "11.69700", "2009-06-30": "28.57400", "2008-12-31": ""}, "Income After Taxes": {"2020-09-30": "73.19500", "2020-06-30": "64.39600", "2020-03-31": "75.62000", "2019-12-31": "61.56900", "2019-09-30": "74.99800", "2019-06-30": "59.00000", "2019-03-31": "49.11000", "2018-12-31": "22.08100", "2018-09-30": "78.07700", "2018-06-30": "60.73400", "2018-03-31": "66.41300", "2017-12-31": "-15.53400", "2017-09-30": "46.69300", "2017-06-30": "61.42000", "2017-03-31": "55.78600", "2016-12-31": "34.17400", "2016-09-30": "41.20700", "2016-06-30": "58.49700", "2016-03-31": "49.73400", "2015-12-31": "0.58300", "2015-09-30": "106.50800", "2015-06-30": "-0.40700", "2015-03-31": "33.96500", "2014-12-31": "-69.65300", "2014-09-30": "39.75400", "2014-06-30": "19.18900", "2014-03-31": "41.15400", "2013-12-31": "13.11500", "2013-09-30": "57.02100", "2013-06-30": "69.70100", "2013-03-31": "44.87600", "2012-12-31": "36.89600", "2012-09-30": "49.25600", "2012-06-30": "74.33600", "2012-03-31": "57.06900", "2011-12-31": "-29.29500", "2011-09-30": "39.90500", "2011-06-30": "46.34100", "2011-03-31": "13.66700", "2010-12-31": "39.71100", "2010-09-30": "35.92400", "2010-06-30": "47.71200", "2010-03-31": "16.85600", "2009-12-31": "", "2009-09-30": "26.32100", "2009-06-30": "48.46000", "2008-12-31": ""}, "Other Income": {"2020-09-30": "", "2020-06-30": "", "2020-03-31": "", "2019-12-31": "", "2019-09-30": "", "2019-06-30": "", "2019-03-31": "", "2018-12-31": "", "2018-09-30": "", "2018-06-30": "", "2018-03-31": "", "2017-12-31": "", "2017-09-30": "", "2017-06-30": "", "2017-03-31": "", "2016-12-31": "", "2016-09-30": "", "2016-06-30": "", "2016-03-31": "", "2015-12-31": "", "2015-09-30": "", "2015-06-30": "", "2015-03-31": "", "2014-12-31": "", "2014-09-30": "", "2014-06-30": "", "2014-03-31": "", "2013-12-31": "", "2013-09-30": "", "2013-06-30": "", "2013-03-31": "", "2012-12-31": "", "2012-09-30": "", "2012-06-30": "", "2012-03-31": "", "2011-12-31": "", "2011-09-30": "", "2011-06-30": "", "2011-03-31": "", "2010-12-31": "", "2010-09-30": "", "2010-06-30": "", "2010-03-31": "", "2009-12-31": "", "2009-09-30": "", "2009-06-30": "", "2008-12-31": ""}, "Income From Continuous Operations": {"2020-09-30": "73.19500", "2020-06-30": "64.39600", "2020-03-31": "75.62000", "2019-12-31": "61.56900", "2019-09-30": "74.99800", "2019-06-30": "59.00000", "2019-03-31": "49.11000", "2018-12-31": "22.08100", "2018-09-30": "78.07700", "2018-06-30": "60.73400", "2018-03-31": "66.41300", "2017-12-31": "-15.53400", "2017-09-30": "46.69300", "2017-06-30": "61.42000", "2017-03-31": "55.78600", "2016-12-31": "34.17400", "2016-09-30": "41.20700", "2016-06-30": "58.49700", "2016-03-31": "49.73400", "2015-12-31": "0.58300", "2015-09-30": "106.50800", "2015-06-30": "-0.40700", "2015-03-31": "33.96500", "2014-12-31": "-69.65300", "2014-09-30": "39.75400", "2014-06-30": "19.18900", "2014-03-31": "41.15400", "2013-12-31": "13.11500", "2013-09-30": "57.02100", "2013-06-30": "69.70100", "2013-03-31": "44.87600", "2012-12-31": "36.89600", "2012-09-30": "49.25600", "2012-06-30": "74.33600", "2012-03-31": "57.06900", "2011-12-31": "-29.29500", "2011-09-30": "39.90500", "2011-06-30": "46.34100", "2011-03-31": "13.66700", "2010-12-31": "39.71100", "2010-09-30": "35.92400", "2010-06-30": "47.71200", "2010-03-31": "16.85600", "2009-12-31": "", "2009-09-30": "26.32100", "2009-06-30": "48.46000", "2008-12-31": ""}, "Income From Discontinued Operations": {"2020-09-30": "", "2020-06-30": "", "2020-03-31": "", "2019-12-31": "", "2019-09-30": "", "2019-06-30": "", "2019-03-31": "", "2018-12-31": "", "2018-09-30": "", "2018-06-30": "", "2018-03-31": "", "2017-12-31": "", "2017-09-30": "", "2017-06-30": "", "2017-03-31": "", "2016-12-31": "", "2016-09-30": "", "2016-06-30": "", "2016-03-31": "", "2015-12-31": "-0.89300", "2015-09-30": "-2.47400", "2015-06-30": "-16.91200", "2015-03-31": "11.07600", "2014-12-31": "-33.93900", "2014-09-30": "20.64900", "2014-06-30": "4.30300", "2014-03-31": "", "2013-12-31": "", "2013-09-30": "", "2013-06-30": "", "2013-03-31": "", "2012-12-31": "", "2012-09-30": "", "2012-06-30": "", "2012-03-31": "", "2011-12-31": "", "2011-09-30": "", "2011-06-30": "", "2011-03-31": "", "2010-12-31": "", "2010-09-30": "", "2010-06-30": "", "2010-03-31": "", "2009-12-31": "", "2009-09-30": "", "2009-06-30": "", "2008-12-31": ""}, "Net Income": {"2020-09-30": "73.17100", "2020-06-30": "64.25800", "2020-03-31": "75.49900", "2019-12-31": "61.44900", "2019-09-30": "74.81000", "2019-06-30": "58.87800", "2019-03-31": "48.97800", "2018-12-31": "21.93500", "2018-09-30": "77.91900", "2018-06-30": "60.66300", "2018-03-31": "66.44100", "2017-12-31": "-15.69100", "2017-09-30": "46.55300", "2017-06-30": "61.26300", "2017-03-31": "55.71900", "2016-12-31": "33.99200", "2016-09-30": "41.06200", "2016-06-30": "58.37200", "2016-03-31": "49.63100", "2015-12-31": "-0.51500", "2015-09-30": "103.87000", "2015-06-30": "-17.14700", "2015-03-31": "45.25700", "2014-12-31": "-103.30700", "2014-09-30": "61.21400", "2014-06-30": "26.43700", "2014-03-31": "45.04400", "2013-12-31": "165.58800", "2013-09-30": "60.44600", "2013-06-30": "72.87000", "2013-03-31": "47.17400", "2012-12-31": "39.07100", "2012-09-30": "51.44300", "2012-06-30": "77.23000", "2012-03-31": "59.95100", "2011-12-31": "-27.06300", "2011-09-30": "45.66300", "2011-06-30": "46.20900", "2011-03-31": "13.51000", "2010-12-31": "39.56900", "2010-09-30": "35.88700", "2010-06-30": "47.64000", "2010-03-31": "16.84300", "2009-12-31": "", "2009-09-30": "26.28500", "2009-06-30": "48.41700", "2008-12-31": ""}, "EBITDA": {"2020-09-30": "111.93400", "2020-06-30": "102.29800", "2020-03-31": "119.94400", "2019-12-31": "105.08000", "2019-09-30": "121.53100", "2019-06-30": "103.10800", "2019-03-31": "86.44800", "2018-12-31": "127.19510", "2018-09-30": "74.99000", "2018-06-30": "92.13300", "2018-03-31": "101.09900", "2017-12-31": "80.94820", "2017-09-30": "84.34300", "2017-06-30": "102.97800", "2017-03-31": "94.12300", "2016-12-31": "57.28010", "2016-09-30": "79.79200", "2016-06-30": "105.93000", "2016-03-31": "58.04700", "2015-12-31": "25.58610", "2015-09-30": "150.15500", "2015-06-30": "40.13900", "2015-03-31": "82.07800", "2014-12-31": "-41.69700", "2014-09-30": "61.52700", "2014-06-30": "58.24600", "2014-03-31": "85.92200", "2013-12-31": "83.01300", "2013-09-30": "117.75700", "2013-06-30": "133.97900", "2013-03-31": "92.35800", "2012-12-31": "98.16000", "2012-09-30": "117.20800", "2012-06-30": "145.35600", "2012-03-31": "122.27100", "2011-12-31": "-66.77320", "2011-09-30": "116.40600", "2011-06-30": "120.64500", "2011-03-31": "77.05100", "2010-12-31": "41.09900", "2010-09-30": "121.35300", "2010-06-30": "141.12100", "2010-03-31": "90.99690", "2009-12-31": "", "2009-09-30": "105.37300", "2009-06-30": "100.72000", "2008-12-31": ""}, "EBIT": {"2020-09-30": "97.04100", "2020-06-30": "87.34700", "2020-03-31": "104.33000", "2019-12-31": "89.38600", "2019-09-30": "106.33600", "2019-06-30": "87.39700", "2019-03-31": "71.32600", "2018-12-31": "110.79010", "2018-09-30": "59.71800", "2018-06-30": "77.77400", "2018-03-31": "87.03800", "2017-12-31": "66.52620", "2017-09-30": "70.40700", "2017-06-30": "88.75500", "2017-03-31": "80.14700", "2016-12-31": "43.81610", "2016-09-30": "67.37100", "2016-06-30": "93.16600", "2016-03-31": "46.14200", "2015-12-31": "11.97510", "2015-09-30": "136.86000", "2015-06-30": "14.86700", "2015-03-31": "55.63500", "2014-12-31": "-90.09500", "2014-09-30": "39.18000", "2014-06-30": "40.20600", "2014-03-31": "68.90900", "2013-12-31": "63.82900", "2013-09-30": "100.27200", "2013-06-30": "117.48100", "2013-03-31": "75.00000", "2012-12-31": "83.81170", "2012-09-30": "98.94600", "2012-06-30": "126.76300", "2012-03-31": "103.77700", "2011-12-31": "-24.90710", "2011-09-30": "80.33300", "2011-06-30": "81.63800", "2011-03-31": "37.26200", "2010-12-31": "85.01910", "2010-09-30": "82.06300", "2010-06-30": "103.09000", "2010-03-31": "52.76490", "2009-12-31": "", "2009-09-30": "59.76400", "2009-06-30": "100.72000", "2008-12-31": ""}, "Basic Shares Outstanding": {"2020-09-30": "95.48300", "2020-06-30": "95.45800", "2020-03-31": "95.41200", "2019-12-31": "95.37700", "2019-09-30": "95.42100", "2019-06-30": "95.35700", "2019-03-31": "95.25500", "2018-12-31": "99.06200", "2018-09-30": "99.42100", "2018-06-30": "99.68100", "2018-03-31": "99.52600", "2017-12-31": "99.33400", "2017-09-30": "99.32900", "2017-06-30": "99.16600", "2017-03-31": "99.44500", "2016-12-31": "102.47200", "2016-09-30": "102.73600", "2016-06-30": "103.52800", "2016-03-31": "104.36400", "2015-12-31": "106.70300", "2015-09-30": "106.96200", "2015-06-30": "107.12000", "2015-03-31": "106.77600", "2014-12-31": "108.47700", "2014-09-30": "107.10600", "2014-06-30": "109.76600", "2014-03-31": "110.43900", "2013-12-31": "111.90200", "2013-09-30": "110.93100", "2013-06-30": "111.89900", "2013-03-31": "114.09700", "2012-12-31": "118.41900", "2012-09-30": "118.84400", "2012-06-30": "118.64900", "2012-03-31": "118.25500", "2011-12-31": "117.56100", "2011-09-30": "117.77300", "2011-06-30": "117.50300", "2011-03-31": "116.96800", "2010-12-31": "116.26000", "2010-09-30": "116.29100", "2010-06-30": "116.06800", "2010-03-31": "116.06800", "2009-12-31": "", "2009-09-30": "116.06800", "2009-06-30": "", "2008-12-31": ""}, "Shares Outstanding": {"2020-09-30": "95.73100", "2020-06-30": "95.63400", "2020-03-31": "95.75600", "2019-12-31": "95.81100", "2019-09-30": "95.81100", "2019-06-30": "95.67700", "2019-03-31": "95.82100", "2018-12-31": "100.01900", "2018-09-30": "100.42100", "2018-06-30": "100.57200", "2018-03-31": "100.51200", "2017-12-31": "100.37000", "2017-09-30": "100.26000", "2017-06-30": "100.15100", "2017-03-31": "100.69100", "2016-12-31": "103.84100", "2016-09-30": "103.98600", "2016-06-30": "104.97100", "2016-03-31": "105.86800", "2015-12-31": "107.58300", "2015-09-30": "108.18400", "2015-06-30": "107.12000", "2015-03-31": "107.14600", "2014-12-31": "108.76100", "2014-09-30": "107.44400", "2014-06-30": "110.11700", "2014-03-31": "110.88600", "2013-12-31": "112.68500", "2013-09-30": "111.75000", "2013-06-30": "112.66300", "2013-03-31": "114.73700", "2012-12-31": "119.02100", "2012-09-30": "119.45300", "2012-06-30": "119.25800", "2012-03-31": "118.85900", "2011-12-31": "118.40500", "2011-09-30": "118.59000", "2011-06-30": "118.35400", "2011-03-31": "117.95700", "2010-12-31": "117.62600", "2010-09-30": "117.64800", "2010-06-30": "117.42400", "2010-03-31": "117.42400", "2009-12-31": "", "2009-09-30": "117.42400", "2009-06-30": "", "2008-12-31": ""}, "Basic EPS": {"2020-09-30": "0.77000", "2020-06-30": "0.67000", "2020-03-31": "0.79000", "2019-12-31": "0.65000", "2019-09-30": "0.78000", "2019-06-30": "0.62000", "2019-03-31": "0.51000", "2018-12-31": "0.23000", "2018-09-30": "0.78000", "2018-06-30": "0.61000", "2018-03-31": "0.67000", "2017-12-31": "-0.16000", "2017-09-30": "0.47000", "2017-06-30": "0.62000", "2017-03-31": "0.56000", "2016-12-31": "0.35000", "2016-09-30": "0.40000", "2016-06-30": "0.56000", "2016-03-31": "0.48000", "2015-12-31": "", "2015-09-30": "0.97000", "2015-06-30": "-0.16000", "2015-03-31": "0.42000", "2014-12-31": "-0.95000", "2014-09-30": "0.57000", "2014-06-30": "0.24000", "2014-03-31": "0.41000", "2013-12-31": "1.49000", "2013-09-30": "0.54000", "2013-06-30": "0.65000", "2013-03-31": "0.41000", "2012-12-31": "0.33000", "2012-09-30": "0.43000", "2012-06-30": "0.65000", "2012-03-31": "0.51000", "2011-12-31": "-0.23000", "2011-09-30": "0.39000", "2011-06-30": "0.39000", "2011-03-31": "0.12000", "2010-12-31": "0.33000", "2010-09-30": "0.31000", "2010-06-30": "0.41000", "2010-03-31": "0.15000", "2009-12-31": "", "2009-09-30": "0.23000", "2009-06-30": "", "2008-12-31": ""}, "EPS - Earnings Per Share": {"2020-09-30": "0.76000", "2020-06-30": "0.67000", "2020-03-31": "0.79000", "2019-12-31": "0.64000", "2019-09-30": "0.78000", "2019-06-30": "0.62000", "2019-03-31": "0.51000", "2018-12-31": "0.23000", "2018-09-30": "0.78000", "2018-06-30": "0.60000", "2018-03-31": "0.66000", "2017-12-31": "-0.15000", "2017-09-30": "0.46000", "2017-06-30": "0.61000", "2017-03-31": "0.55000", "2016-12-31": "0.34000", "2016-09-30": "0.39000", "2016-06-30": "0.56000", "2016-03-31": "0.47000", "2015-12-31": "0.00000", "2015-09-30": "0.96000", "2015-06-30": "-0.16000", "2015-03-31": "0.42000", "2014-12-31": "-0.95000", "2014-09-30": "0.57000", "2014-06-30": "0.24000", "2014-03-31": "0.41000", "2013-12-31": "1.47000", "2013-09-30": "0.54000", "2013-06-30": "0.65000", "2013-03-31": "0.41000", "2012-12-31": "0.33000", "2012-09-30": "0.43000", "2012-06-30": "0.65000", "2012-03-31": "0.50000", "2011-12-31": "-0.23000", "2011-09-30": "0.39000", "2011-06-30": "0.39000", "2011-03-31": "0.11000", "2010-12-31": "0.33000", "2010-09-30": "0.31000", "2010-06-30": "0.41000", "2010-03-31": "0.14000", "2009-12-31": "0.00000", "2009-09-30": "0.22000", "2009-06-30": "0.00000", "2008-12-31": "0.00000"}}, "balance sheet": {"Cash On Hand": {"2019-12-31": "95.43900", "2018-12-31": "37.30200", "2017-12-31": "213.44300", "2016-12-31": "146.28800", "2015-12-31": "173.56900", "2014-12-31": "179.29600", "2013-12-31": "402.80900", "2012-12-31": "533.27700", "2011-12-31": "545.20400", "2010-12-31": "403.64300", "2009-12-31": "484.78700", "2008-12-31": ""}, "Receivables": {"2019-12-31": "70.14700", "2018-12-31": "84.94800", "2017-12-31": "208.58200", "2016-12-31": "161.17100", "2015-12-31": "175.77000", "2014-12-31": "171.23800", "2013-12-31": "405.80300", "2012-12-31": "426.64200", "2011-12-31": "383.33700", "2010-12-31": "353.60500", "2009-12-31": "359.15000", "2008-12-31": ""}, "Inventory": {"2019-12-31": "", "2018-12-31": "", "2017-12-31": "", "2016-12-31": "", "2015-12-31": "", "2014-12-31": "9.92600", "2013-12-31": "113.05800", "2012-12-31": "124.21800", "2011-12-31": "107.29800", "2010-12-31": "100.93200", "2009-12-31": "98.64400", "2008-12-31": ""}, "Pre-Paid Expenses": {"2019-12-31": "", "2018-12-31": "", "2017-12-31": "", "2016-12-31": "", "2015-12-31": "", "2014-12-31": "", "2013-12-31": "", "2012-12-31": "", "2011-12-31": "", "2010-12-31": "", "2009-12-31": "", "2008-12-31": ""}, "Other Current Assets": {"2019-12-31": "464.16900", "2018-12-31": "420.19800", "2017-12-31": "451.06500", "2016-12-31": "386.11200", "2015-12-31": "297.95500", "2014-12-31": "322.74900", "2013-12-31": "418.58400", "2012-12-31": "358.37600", "2011-12-31": "349.21500", "2010-12-31": "260.31600", "2009-12-31": "267.45400", "2008-12-31": ""}, "Total Current Assets": {"2019-12-31": "629.75500", "2018-12-31": "542.44800", "2017-12-31": "873.09000", "2016-12-31": "693.57100", "2015-12-31": "647.29400", "2014-12-31": "1473.80200", "2013-12-31": "1437.42400", "2012-12-31": "1521.08600", "2011-12-31": "1487.07600", "2010-12-31": "1209.11600", "2009-12-31": "1306.71500", "2008-12-31": ""}, "Property, Plant, And Equipment": {"2019-12-31": "580.24100", "2018-12-31": "439.23900", "2017-12-31": "348.62900", "2016-12-31": "299.68600", "2015-12-31": "268.84400", "2014-12-31": "307.80000", "2013-12-31": "447.07900", "2012-12-31": "447.02100", "2011-12-31": "422.29100", "2010-12-31": "418.31200", "2009-12-31": "430.06100", "2008-12-31": ""}, "Long-Term Investments": {"2019-12-31": "77.73600", "2018-12-31": "71.12800", "2017-12-31": "52.56700", "2016-12-31": "51.86700", "2015-12-31": "38.15800", "2014-12-31": "38.86200", "2013-12-31": "189.25700", "2012-12-31": "190.44400", "2011-12-31": "167.34300", "2010-12-31": "175.67400", "2009-12-31": "141.86700", "2008-12-31": ""}, "Goodwill And Intangible Assets": {"2019-12-31": "466.89400", "2018-12-31": "502.75800", "2017-12-31": "328.73600", "2016-12-31": "325.53600", "2015-12-31": "226.76200", "2014-12-31": "230.14100", "2013-12-31": "363.22900", "2012-12-31": "368.46600", "2011-12-31": "276.18000", "2010-12-31": "269.42400", "2009-12-31": "262.86600", "2008-12-31": "0.00000"}, "Other Long-Term Assets": {"2019-12-31": "95.59800", "2018-12-31": "35.61500", "2017-12-31": "22.57700", "2016-12-31": "14.69100", "2015-12-31": "12.98100", "2014-12-31": "50.13300", "2013-12-31": "45.08800", "2012-12-31": "86.12300", "2011-12-31": "194.48200", "2010-12-31": "191.48000", "2009-12-31": "149.77500", "2008-12-31": ""}, "Total Long-Term Assets": {"2019-12-31": "1279.15800", "2018-12-31": "1112.64800", "2017-12-31": "839.24900", "2016-12-31": "886.24400", "2015-12-31": "728.10400", "2014-12-31": "1383.13400", "2013-12-31": "1171.72900", "2012-12-31": "1319.26900", "2011-12-31": "1302.03500", "2010-12-31": "1291.39400", "2009-12-31": "1297.14400", "2008-12-31": ""}, "Total Assets": {"2019-12-31": "1908.91300", "2018-12-31": "1655.09600", "2017-12-31": "1712.33900", "2016-12-31": "1579.81500", "2015-12-31": "1375.39800", "2014-12-31": "2856.93600", "2013-12-31": "2609.15300", "2012-12-31": "2840.35500", "2011-12-31": "2789.11100", "2010-12-31": "2500.51000", "2009-12-31": "2603.85900", "2008-12-31": "0.00000"}, "Total Current Liabilities": {"2019-12-31": "404.70900", "2018-12-31": "377.34800", "2017-12-31": "528.12600", "2016-12-31": "439.87600", "2015-12-31": "353.78000", "2014-12-31": "819.63600", "2013-12-31": "927.22800", "2012-12-31": "1079.28800", "2011-12-31": "1154.80700", "2010-12-31": "981.82700", "2009-12-31": "1235.17600", "2008-12-31": ""}, "Long Term Debt": {"2019-12-31": "809.44200", "2018-12-31": "753.61700", "2017-12-31": "481.05900", "2016-12-31": "497.72400", "2015-12-31": "278.25900", "2014-12-31": "285.00000", "2013-12-31": "0.22500", "2012-12-31": "0.43000", "2011-12-31": "0.63300", "2010-12-31": "0.85500", "2009-12-31": "324.79000", "2008-12-31": ""}, "Other Non-Current Liabilities": {"2019-12-31": "94.88300", "2018-12-31": "95.72500", "2017-12-31": "99.58500", "2016-12-31": "115.69700", "2015-12-31": "84.79400", "2014-12-31": "99.38500", "2013-12-31": "118.68700", "2012-12-31": "107.34800", "2011-12-31": "131.99000", "2010-12-31": "141.20300", "2009-12-31": "118.58600", "2008-12-31": ""}, "Total Long Term Liabilities": {"2019-12-31": "1100.09200", "2018-12-31": "1042.04700", "2017-12-31": "898.45600", "2016-12-31": "989.52910", "2015-12-31": "741.98300", "2014-12-31": "1023.09900", "2013-12-31": "498.98400", "2012-12-31": "758.15100", "2011-12-31": "799.33100", "2010-12-31": "805.15800", "2009-12-31": "1247.97700", "2008-12-31": ""}, "Total Liabilities": {"2019-12-31": "1504.80100", "2018-12-31": "1419.39500", "2017-12-31": "1426.58200", "2016-12-31": "1429.40500", "2015-12-31": "1095.76300", "2014-12-31": "1842.73500", "2013-12-31": "1426.21200", "2012-12-31": "1837.43900", "2011-12-31": "1954.13800", "2010-12-31": "1786.97500", "2009-12-31": "2483.15300", "2008-12-31": "0.00000"}, "Common Stock Net": {"2019-12-31": "1.26600", "2018-12-31": "1.25900", "2017-12-31": "1.25400", "2016-12-31": "1.24100", "2015-12-31": "1.22800", "2014-12-31": "1.21600", "2013-12-31": "1.20500", "2012-12-31": "1.19600", "2011-12-31": "1.18500", "2010-12-31": "1.17000", "2009-12-31": "666.77700", "2008-12-31": "0.00000"}, "Retained Earnings (Accumulated Deficit)": {"2019-12-31": "1344.38300", "2018-12-31": "1166.76200", "2017-12-31": "990.65200", "2016-12-31": "885.11700", "2015-12-31": "739.35000", "2014-12-31": "642.48900", "2013-12-31": "656.91600", "2012-12-31": "349.06300", "2011-12-31": "130.89000", "2010-12-31": "96.67100", "2009-12-31": "", "2008-12-31": ""}, "Comprehensive Income": {"2019-12-31": "-7.44800", "2018-12-31": "-10.28900", "2017-12-31": "9.45400", "2016-12-31": "3.81100", "2015-12-31": "0.75200", "2014-12-31": "3.59600", "2013-12-31": "28.34800", "2012-12-31": "32.72800", "2011-12-31": "26.82600", "2010-12-31": "-449.99900", "2009-12-31": "-546.57400", "2008-12-31": ""}, "Other Share Holders Equity": {"2019-12-31": "", "2018-12-31": "", "2017-12-31": "", "2016-12-31": "", "2015-12-31": "", "2014-12-31": "", "2013-12-31": "", "2012-12-31": "", "2011-12-31": "", "2010-12-31": "", "2009-12-31": "", "2008-12-31": "0.00000"}, "Share Holder Equity": {"2019-12-31": "404.11200", "2018-12-31": "235.70100", "2017-12-31": "285.75700", "2016-12-31": "150.41000", "2015-12-31": "279.63500", "2014-12-31": "1014.20100", "2013-12-31": "1182.94100", "2012-12-31": "1002.91600", "2011-12-31": "834.97300", "2010-12-31": "713.52500", "2009-12-31": "120.70600", "2008-12-31": "0.00000"}, "Total Liabilities And Share Holders Equity": {"2019-12-31": "1908.91300", "2018-12-31": "1655.09600", "2017-12-31": "1712.33900", "2016-12-31": "1579.81500", "2015-12-31": "1375.39800", "2014-12-31": "2856.93600", "2013-12-31": "2609.15300", "2012-12-31": "2840.35500", "2011-12-31": "2789.11100", "2010-12-31": "2500.51000", "2009-12-31": "2603.85900", "2008-12-31": "0.00000"}}, "balance sheet, quarterly": {"Cash On Hand": {"2020-09-30": "51.43100", "2020-06-30": "68.36300", "2020-03-31": "84.38700", "2019-12-31": "95.43900", "2019-09-30": "20.78300", "2019-06-30": "42.40300", "2019-03-31": "30.60100", "2018-12-31": "37.30200", "2018-09-30": "73.21600", "2018-06-30": "325.31800", "2018-03-31": "149.73100", "2017-12-31": "213.44300", "2017-09-30": "213.47000", "2017-06-30": "159.46500", "2017-03-31": "114.21600", "2016-12-31": "146.28800", "2016-09-30": "65.73700", "2016-06-30": "117.84500", "2016-03-31": "87.10400", "2015-12-31": "173.56900", "2015-09-30": "155.55300", "2015-06-30": "66.87400", "2015-03-31": "335.53300", "2014-12-31": "179.29600", "2014-09-30": "259.16700", "2014-06-30": "259.82700", "2014-03-31": "250.07000", "2013-12-31": "402.80900", "2013-09-30": "311.95700", "2013-06-30": "359.60400", "2013-03-31": "415.09900", "2012-12-31": "533.27700", "2012-09-30": "401.39700", "2012-06-30": "419.08600", "2012-03-31": "419.89700", "2011-12-31": "545.20400", "2011-09-30": "346.07600", "2011-06-30": "307.30500", "2011-03-31": "304.73200", "2010-12-31": "403.64300", "2010-09-30": "189.25000", "2010-06-30": "259.55700", "2010-03-31": "", "2009-12-31": "", "2009-09-30": "", "2009-06-30": "", "2008-12-31": ""}, "Receivables": {"2020-09-30": "114.89800", "2020-06-30": "74.32600", "2020-03-31": "74.34300", "2019-12-31": "70.14700", "2019-09-30": "90.35600", "2019-06-30": "85.80700", "2019-03-31": "77.29300", "2018-12-31": "84.94800", "2018-09-30": "240.75800", "2018-06-30": "215.63100", "2018-03-31": "182.20800", "2017-12-31": "208.58200", "2017-09-30": "174.84500", "2017-06-30": "156.49000", "2017-03-31": "216.99900", "2016-12-31": "161.17100", "2016-09-30": "181.05600", "2016-06-30": "156.33100", "2016-03-31": "189.62300", "2015-12-31": "175.77000", "2015-09-30": "207.31400", "2015-06-30": "158.78500", "2015-03-31": "456.38900", "2014-12-31": "171.23800", "2014-09-30": "490.92700", "2014-06-30": "446.08600", "2014-03-31": "395.10300", "2013-12-31": "405.80300", "2013-09-30": "479.34000", "2013-06-30": "469.09500", "2013-03-31": "446.60800", "2012-12-31": "426.64200", "2012-09-30": "435.96600", "2012-06-30": "414.51800", "2012-03-31": "405.71100", "2011-12-31": "383.33700", "2011-09-30": "416.91700", "2011-06-30": "429.29600", "2011-03-31": "379.87400", "2010-12-31": "353.60500", "2010-09-30": "397.75500", "2010-06-30": "373.95500", "2010-03-31": "", "2009-12-31": "", "2009-09-30": "", "2009-06-30": "", "2008-12-31": ""}, "Inventory": {"2020-09-30": "", "2020-06-30": "", "2020-03-31": "", "2019-12-31": "", "2019-09-30": "", "2019-06-30": "", "2019-03-31": "", "2018-12-31": "", "2018-09-30": "", "2018-06-30": "", "2018-03-31": "", "2017-12-31": "", "2017-09-30": "", "2017-06-30": "", "2017-03-31": "", "2016-12-31": "", "2016-09-30": "", "2016-06-30": "", "2016-03-31": "", "2015-12-31": "", "2015-09-30": "10.97000", "2015-06-30": "11.38400", "2015-03-31": "109.65900", "2014-12-31": "9.92600", "2014-09-30": "116.53300", "2014-06-30": "112.97100", "2014-03-31": "109.54400", "2013-12-31": "113.05800", "2013-09-30": "113.89500", "2013-06-30": "111.58300", "2013-03-31": "117.11500", "2012-12-31": "124.21800", "2012-09-30": "131.79900", "2012-06-30": "115.50700", "2012-03-31": "114.02500", "2011-12-31": "107.29800", "2011-09-30": "108.27100", "2011-06-30": "105.07200", "2011-03-31": "100.19400", "2010-12-31": "100.93200", "2010-09-30": "101.17300", "2010-06-30": "97.86300", "2010-03-31": "", "2009-12-31": "", "2009-09-30": "", "2009-06-30": "", "2008-12-31": ""}, "Pre-Paid Expenses": {"2020-09-30": "", "2020-06-30": "", "2020-03-31": "", "2019-12-31": "", "2019-09-30": "", "2019-06-30": "", "2019-03-31": "", "2018-12-31": "", "2018-09-30": "", "2018-06-30": "", "2018-03-31": "", "2017-12-31": "", "2017-09-30": "", "2017-06-30": "", "2017-03-31": "", "2016-12-31": "", "2016-09-30": "", "2016-06-30": "", "2016-03-31": "", "2015-12-31": "", "2015-09-30": "", "2015-06-30": "", "2015-03-31": "", "2014-12-31": "", "2014-09-30": "", "2014-06-30": "", "2014-03-31": "", "2013-12-31": "", "2013-09-30": "", "2013-06-30": "", "2013-03-31": "", "2012-12-31": "", "2012-09-30": "", "2012-06-30": "", "2012-03-31": "", "2011-12-31": "", "2011-09-30": "", "2011-06-30": "", "2011-03-31": "", "2010-12-31": "", "2010-09-30": "", "2010-06-30": "", "2010-03-31": "", "2009-12-31": "", "2009-09-30": "", "2009-06-30": "", "2008-12-31": ""}, "Other Current Assets": {"2020-09-30": "543.27100", "2020-06-30": "481.28400", "2020-03-31": "528.31000", "2019-12-31": "464.16900", "2019-09-30": "510.31100", "2019-06-30": "459.17000", "2019-03-31": "469.67000", "2018-12-31": "420.19800", "2018-09-30": "370.88300", "2018-06-30": "349.74800", "2018-03-31": "370.91100", "2017-12-31": "451.06500", "2017-09-30": "442.56100", "2017-06-30": "429.58900", "2017-03-31": "412.29400", "2016-12-31": "386.11200", "2016-09-30": "370.55700", "2016-06-30": "390.59500", "2016-03-31": "357.51200", "2015-12-31": "297.95500", "2015-09-30": "288.56100", "2015-06-30": "357.12300", "2015-03-31": "445.36200", "2014-12-31": "322.74900", "2014-09-30": "407.46200", "2014-06-30": "411.66400", "2014-03-31": "486.92600", "2013-12-31": "418.58400", "2013-09-30": "424.82200", "2013-06-30": "394.99400", "2013-03-31": "386.50100", "2012-12-31": "358.37600", "2012-09-30": "415.39400", "2012-06-30": "403.57200", "2012-03-31": "380.83600", "2011-12-31": "349.21500", "2011-09-30": "349.00200", "2011-06-30": "351.05200", "2011-03-31": "355.48900", "2010-12-31": "260.31600", "2010-09-30": "333.12600", "2010-06-30": "336.48500", "2010-03-31": "", "2009-12-31": "", "2009-09-30": "", "2009-06-30": "", "2008-12-31": ""}, "Total Current Assets": {"2020-09-30": "709.60000", "2020-06-30": "623.97300", "2020-03-31": "687.04000", "2019-12-31": "629.75500", "2019-09-30": "621.45000", "2019-06-30": "587.38000", "2019-03-31": "577.56400", "2018-12-31": "542.44800", "2018-09-30": "684.85700", "2018-06-30": "890.69700", "2018-03-31": "702.85000", "2017-12-31": "873.09000", "2017-09-30": "830.87600", "2017-06-30": "745.54400", "2017-03-31": "743.50900", "2016-12-31": "693.57100", "2016-09-30": "617.35000", "2016-06-30": "664.77100", "2016-03-31": "634.23900", "2015-12-31": "647.29400", "2015-09-30": "705.23000", "2015-06-30": "627.72600", "2015-03-31": "1420.83500", "2014-12-31": "1473.80200", "2014-09-30": "1371.85900", "2014-06-30": "1329.67100", "2014-03-31": "1339.04400", "2013-12-31": "1437.42400", "2013-09-30": "1430.16100", "2013-06-30": "1417.10200", "2013-03-31": "1440.08800", "2012-12-31": "1521.08600", "2012-09-30": "1488.82500", "2012-06-30": "1459.04100", "2012-03-31": "1409.23900", "2011-12-31": "1487.07600", "2011-09-30": "1329.45600", "2011-06-30": "1289.90000", "2011-03-31": "1225.88600", "2010-12-31": "1209.11600", "2010-09-30": "1103.66500", "2010-06-30": "1152.20300", "2010-03-31": "", "2009-12-31": "", "2009-09-30": "", "2009-06-30": "", "2008-12-31": ""}, "Property, Plant, And Equipment": {"2020-09-30": "715.09800", "2020-06-30": "656.20500", "2020-03-31": "594.15700", "2019-12-31": "580.24100", "2019-09-30": "514.00000", "2019-06-30": "473.81400", "2019-03-31": "454.01500", "2018-12-31": "439.23900", "2018-09-30": "389.36300", "2018-06-30": "357.20200", "2018-03-31": "349.90200", "2017-12-31": "348.62900", "2017-09-30": "312.95900", "2017-06-30": "298.21400", "2017-03-31": "296.54800", "2016-12-31": "299.68600", "2016-09-30": "263.99200", "2016-06-30": "262.99200", "2016-03-31": "264.58500", "2015-12-31": "268.84400", "2015-09-30": "262.27000", "2015-06-30": "265.42200", "2015-03-31": "428.64300", "2014-12-31": "307.80000", "2014-09-30": "463.12600", "2014-06-30": "469.56800", "2014-03-31": "448.03000", "2013-12-31": "447.07900", "2013-09-30": "443.94100", "2013-06-30": "443.57700", "2013-03-31": "445.37100", "2012-12-31": "447.02100", "2012-09-30": "431.52200", "2012-06-30": "425.02500", "2012-03-31": "427.05700", "2011-12-31": "422.29100", "2011-09-30": "408.22100", "2011-06-30": "416.91600", "2011-03-31": "420.25900", "2010-12-31": "418.31200", "2010-09-30": "414.32000", "2010-06-30": "424.07600", "2010-03-31": "", "2009-12-31": "", "2009-09-30": "", "2009-06-30": "", "2008-12-31": ""}, "Long-Term Investments": {"2020-09-30": "81.16900", "2020-06-30": "77.80000", "2020-03-31": "78.04500", "2019-12-31": "77.73600", "2019-09-30": "80.29600", "2019-06-30": "77.66500", "2019-03-31": "73.91800", "2018-12-31": "71.12800", "2018-09-30": "70.76400", "2018-06-30": "66.78600", "2018-03-31": "55.95200", "2017-12-31": "52.56700", "2017-09-30": "48.89700", "2017-06-30": "50.35800", "2017-03-31": "52.93900", "2016-12-31": "51.86700", "2016-09-30": "55.20400", "2016-06-30": "52.62700", "2016-03-31": "44.55300", "2015-12-31": "38.15800", "2015-09-30": "40.11200", "2015-06-30": "39.15900", "2015-03-31": "141.95400", "2014-12-31": "38.86200", "2014-09-30": "146.39700", "2014-06-30": "163.43000", "2014-03-31": "190.23800", "2013-12-31": "189.25700", "2013-09-30": "206.07700", "2013-06-30": "205.31700", "2013-03-31": "193.58900", "2012-12-31": "190.44400", "2012-09-30": "202.56100", "2012-06-30": "190.74900", "2012-03-31": "182.43300", "2011-12-31": "167.34300", "2011-09-30": "182.76800", "2011-06-30": "220.79600", "2011-03-31": "186.49100", "2010-12-31": "175.67400", "2010-09-30": "176.36900", "2010-06-30": "159.37000", "2010-03-31": "", "2009-12-31": "", "2009-09-30": "", "2009-06-30": "", "2008-12-31": ""}, "Goodwill And Intangible Assets": {"2020-09-30": "464.99400", "2020-06-30": "460.78700", "2020-03-31": "457.27100", "2019-12-31": "466.89400", "2019-09-30": "468.39600", "2019-06-30": "473.75100", "2019-03-31": "469.72000", "2018-12-31": "502.75800", "2018-09-30": "519.02000", "2018-06-30": "318.55500", "2018-03-31": "323.71700", "2017-12-31": "328.73600", "2017-09-30": "330.89000", "2017-06-30": "327.93400", "2017-03-31": "324.71600", "2016-12-31": "325.53600", "2016-09-30": "225.60300", "2016-06-30": "226.10000", "2016-03-31": "226.55600", "2015-12-31": "226.76200", "2015-09-30": "227.44800", "2015-06-30": "228.34300", "2015-03-31": "482.05100", "2014-12-31": "230.14100", "2014-09-30": "509.84100", "2014-06-30": "516.68100", "2014-03-31": "361.78200", "2013-12-31": "363.22900", "2013-09-30": "363.58800", "2013-06-30": "365.68000", "2013-03-31": "367.65600", "2012-12-31": "368.46600", "2012-09-30": "280.16500", "2012-06-30": "278.73700", "2012-03-31": "276.82400", "2011-12-31": "276.18000", "2011-09-30": "269.89200", "2011-06-30": "272.10800", "2011-03-31": "271.02400", "2010-12-31": "269.42400", "2010-09-30": "275.70700", "2010-06-30": "279.90400", "2010-03-31": "0.00000", "2009-12-31": "", "2009-09-30": "0.00000", "2009-06-30": "0.00000", "2008-12-31": "0.00000"}, "Other Long-Term Assets": {"2020-09-30": "98.33800", "2020-06-30": "96.85100", "2020-03-31": "94.96100", "2019-12-31": "95.59800", "2019-09-30": "81.37700", "2019-06-30": "82.42700", "2019-03-31": "80.41500", "2018-12-31": "35.61500", "2018-09-30": "26.59500", "2018-06-30": "24.35700", "2018-03-31": "22.39100", "2017-12-31": "22.57700", "2017-09-30": "23.59100", "2017-06-30": "19.85200", "2017-03-31": "17.66300", "2016-12-31": "14.69100", "2016-09-30": "27.12300", "2016-06-30": "18.52500", "2016-03-31": "17.13100", "2015-12-31": "12.98100", "2015-09-30": "43.59500", "2015-06-30": "49.74200", "2015-03-31": "68.43000", "2014-12-31": "50.13300", "2014-09-30": "48.38800", "2014-06-30": "49.89200", "2014-03-31": "41.51800", "2013-12-31": "45.08800", "2013-09-30": "82.49700", "2013-06-30": "83.83000", "2013-03-31": "86.24400", "2012-12-31": "86.12300", "2012-09-30": "174.68400", "2012-06-30": "209.23500", "2012-03-31": "204.86400", "2011-12-31": "194.48200", "2011-09-30": "185.38800", "2011-06-30": "182.70700", "2011-03-31": "181.97300", "2010-12-31": "191.48000", "2010-09-30": "184.26600", "2010-06-30": "147.44200", "2010-03-31": "", "2009-12-31": "", "2009-09-30": "", "2009-06-30": "", "2008-12-31": ""}, "Total Long-Term Assets": {"2020-09-30": "1414.71400", "2020-06-30": "1347.39000", "2020-03-31": "1279.56300", "2019-12-31": "1279.15800", "2019-09-30": "1204.97000", "2019-06-30": "1169.10000", "2019-03-31": "1139.22200", "2018-12-31": "1112.64800", "2018-09-30": "1050.84700", "2018-06-30": "851.76790", "2018-03-31": "836.68900", "2017-12-31": "839.24900", "2017-09-30": "892.63600", "2017-06-30": "879.19400", "2017-03-31": "874.41710", "2016-12-31": "886.24400", "2016-09-30": "747.79400", "2016-06-30": "736.57200", "2016-03-31": "731.47300", "2015-12-31": "728.10400", "2015-09-30": "705.49190", "2015-06-30": "709.49900", "2015-03-31": "1371.29900", "2014-12-31": "1383.13400", "2014-09-30": "1284.91100", "2014-06-30": "1296.38200", "2014-03-31": "1160.58600", "2013-12-31": "1171.72900", "2013-09-30": "1309.50300", "2013-06-30": "1308.20700", "2013-03-31": "1309.30400", "2012-12-31": "1319.26900", "2012-09-30": "1314.94700", "2012-06-30": "1322.12000", "2012-03-31": "1327.25800", "2011-12-31": "1302.03500", "2011-09-30": "1215.76100", "2011-06-30": "1288.51500", "2011-03-31": "1286.22400", "2010-12-31": "1291.39400", "2010-09-30": "1286.22100", "2010-06-30": "1253.61900", "2010-03-31": "", "2009-12-31": "", "2009-09-30": "", "2009-06-30": "", "2008-12-31": ""}, "Total Assets": {"2020-09-30": "2124.31400", "2020-06-30": "1971.36300", "2020-03-31": "1966.60300", "2019-12-31": "1908.91300", "2019-09-30": "1826.42000", "2019-06-30": "1756.48000", "2019-03-31": "1716.78600", "2018-12-31": "1655.09600", "2018-09-30": "1735.70400", "2018-06-30": "1742.46500", "2018-03-31": "1539.53900", "2017-12-31": "1712.33900", "2017-09-30": "1723.51200", "2017-06-30": "1624.73800", "2017-03-31": "1617.92600", "2016-12-31": "1579.81500", "2016-09-30": "1365.14400", "2016-06-30": "1401.34300", "2016-03-31": "1365.71200", "2015-12-31": "1375.39800", "2015-09-30": "1410.72200", "2015-06-30": "1337.22500", "2015-03-31": "2792.13400", "2014-12-31": "2856.93600", "2014-09-30": "2656.77000", "2014-06-30": "2626.05300", "2014-03-31": "2499.63000", "2013-12-31": "2609.15300", "2013-09-30": "2739.66400", "2013-06-30": "2725.30900", "2013-03-31": "2749.39200", "2012-12-31": "2840.35500", "2012-09-30": "2803.77200", "2012-06-30": "2781.16100", "2012-03-31": "2736.49700", "2011-12-31": "2789.11100", "2011-09-30": "2545.21700", "2011-06-30": "2578.41500", "2011-03-31": "2512.11000", "2010-12-31": "2500.51000", "2010-09-30": "2389.88600", "2010-06-30": "2405.82200", "2010-03-31": "0.00000", "2009-12-31": "0.00000", "2009-09-30": "0.00000", "2009-06-30": "0.00000", "2008-12-31": "0.00000"}, "Total Current Liabilities": {"2020-09-30": "382.55100", "2020-06-30": "375.33500", "2020-03-31": "343.15800", "2019-12-31": "404.70900", "2019-09-30": "333.74000", "2019-06-30": "315.39200", "2019-03-31": "325.76000", "2018-12-31": "377.34800", "2018-09-30": "359.72700", "2018-06-30": "309.36800", "2018-03-31": "327.05500", "2017-12-31": "528.12600", "2017-09-30": "459.86700", "2017-06-30": "392.77400", "2017-03-31": "382.43700", "2016-12-31": "439.87600", "2016-09-30": "381.34900", "2016-06-30": "387.50300", "2016-03-31": "372.79200", "2015-12-31": "353.78000", "2015-09-30": "377.96900", "2015-06-30": "344.45000", "2015-03-31": "733.74000", "2014-12-31": "819.63600", "2014-09-30": "711.12000", "2014-06-30": "695.68800", "2014-03-31": "808.45300", "2013-12-31": "927.22800", "2013-09-30": "991.76400", "2013-06-30": "1014.62300", "2013-03-31": "1009.46600", "2012-12-31": "1079.28800", "2012-09-30": "1016.05600", "2012-06-30": "1084.53300", "2012-03-31": "1075.01800", "2011-12-31": "1154.80700", "2011-09-30": "1028.69900", "2011-06-30": "1043.86200", "2011-03-31": "967.80700", "2010-12-31": "981.82700", "2010-09-30": "974.90500", "2010-06-30": "1043.53300", "2010-03-31": "", "2009-12-31": "", "2009-09-30": "", "2009-06-30": "", "2008-12-31": ""}, "Long Term Debt": {"2020-09-30": "902.19700", "2020-06-30": "826.83100", "2020-03-31": "911.31200", "2019-12-31": "809.44200", "2019-09-30": "849.58900", "2019-06-30": "855.69000", "2019-03-31": "856.00500", "2018-12-31": "753.61700", "2018-09-30": "756.49200", "2018-06-30": "666.20000", "2018-03-31": "471.36700", "2017-12-31": "481.05900", "2017-09-30": "489.12800", "2017-06-30": "489.32200", "2017-03-31": "542.99700", "2016-12-31": "497.72400", "2016-09-30": "423.21100", "2016-06-30": "271.50900", "2016-03-31": "274.88400", "2015-12-31": "278.25900", "2015-09-30": "288.75000", "2015-06-30": "315.00000", "2015-03-31": "281.25000", "2014-12-31": "285.00000", "2014-09-30": "298.77600", "2014-06-30": "260.05000", "2014-03-31": "15.00000", "2013-12-31": "0.22500", "2013-09-30": "0.27600", "2013-06-30": "0.31900", "2013-03-31": "0.36500", "2012-12-31": "0.43000", "2012-09-30": "0.47500", "2012-06-30": "0.51000", "2012-03-31": "0.59700", "2011-12-31": "0.63300", "2011-09-30": "0.70800", "2011-06-30": "0.81000", "2011-03-31": "0.85400", "2010-12-31": "0.85500", "2010-09-30": "0.96400", "2010-06-30": "0.95300", "2010-03-31": "", "2009-12-31": "", "2009-09-30": "", "2009-06-30": "", "2008-12-31": ""}, "Other Non-Current Liabilities": {"2020-09-30": "117.51400", "2020-06-30": "108.41500", "2020-03-31": "96.52400", "2019-12-31": "94.88300", "2019-09-30": "107.07300", "2019-06-30": "105.10800", "2019-03-31": "102.98500", "2018-12-31": "95.72500", "2018-09-30": "104.78000", "2018-06-30": "99.28400", "2018-03-31": "100.10700", "2017-12-31": "99.58500", "2017-09-30": "121.32600", "2017-06-30": "118.57500", "2017-03-31": "117.05000", "2016-12-31": "115.69700", "2016-09-30": "82.08800", "2016-06-30": "81.51300", "2016-03-31": "75.96400", "2015-12-31": "84.79400", "2015-09-30": "82.08900", "2015-06-30": "87.73300", "2015-03-31": "114.51800", "2014-12-31": "99.38500", "2014-09-30": "114.66000", "2014-06-30": "109.75000", "2014-03-31": "113.92200", "2013-12-31": "118.68700", "2013-09-30": "107.90100", "2013-06-30": "106.89400", "2013-03-31": "105.28100", "2012-12-31": "107.34800", "2012-09-30": "111.82900", "2012-06-30": "135.48000", "2012-03-31": "133.66500", "2011-12-31": "131.99000", "2011-09-30": "137.14700", "2011-06-30": "136.97100", "2011-03-31": "143.22200", "2010-12-31": "141.20300", "2010-09-30": "145.32200", "2010-06-30": "145.70300", "2010-03-31": "", "2009-12-31": "", "2009-09-30": "", "2009-06-30": "", "2008-12-31": ""}, "Total Long Term Liabilities": {"2020-09-30": "1191.68300", "2020-06-30": "1114.49600", "2020-03-31": "1193.93300", "2019-12-31": "1100.09200", "2019-09-30": "1138.14700", "2019-06-30": "1146.93900", "2019-03-31": "1148.15200", "2018-12-31": "1042.04700", "2018-09-30": "983.47600", "2018-06-30": "1044.78000", "2018-03-31": "867.23400", "2017-12-31": "898.45600", "2017-09-30": "955.40400", "2017-06-30": "967.66300", "2017-03-31": "1029.27000", "2016-12-31": "989.52910", "2016-09-30": "865.15600", "2016-06-30": "721.39400", "2016-03-31": "725.02600", "2015-12-31": "741.98300", "2015-09-30": "701.26900", "2015-06-30": "736.24210", "2015-03-31": "1011.47000", "2014-12-31": "1023.09900", "2014-09-30": "805.68300", "2014-06-30": "793.37000", "2014-03-31": "494.03700", "2013-12-31": "498.98400", "2013-09-30": "707.34600", "2013-06-30": "723.33500", "2013-03-31": "754.27900", "2012-12-31": "758.15100", "2012-09-30": "729.73790", "2012-06-30": "714.61300", "2012-03-31": "752.51790", "2011-12-31": "799.33100", "2011-09-30": "631.47900", "2011-06-30": "702.78800", "2011-03-31": "784.01400", "2010-12-31": "805.15800", "2010-09-30": "718.97000", "2010-06-30": "777.18400", "2010-03-31": "", "2009-12-31": "", "2009-09-30": "", "2009-06-30": "", "2008-12-31": ""}, "Total Liabilities": {"2020-09-30": "1574.23400", "2020-06-30": "1489.83100", "2020-03-31": "1537.09100", "2019-12-31": "1504.80100", "2019-09-30": "1471.88700", "2019-06-30": "1462.33100", "2019-03-31": "1473.91200", "2018-12-31": "1419.39500", "2018-09-30": "1343.20300", "2018-06-30": "1354.14800", "2018-03-31": "1194.28900", "2017-12-31": "1426.58200", "2017-09-30": "1415.27100", "2017-06-30": "1360.43700", "2017-03-31": "1411.70700", "2016-12-31": "1429.40500", "2016-09-30": "1246.50500", "2016-06-30": "1108.89700", "2016-03-31": "1097.81800", "2015-12-31": "1095.76300", "2015-09-30": "1079.23800", "2015-06-30": "1080.69200", "2015-03-31": "1745.21000", "2014-12-31": "1842.73500", "2014-09-30": "1516.80300", "2014-06-30": "1489.05800", "2014-03-31": "1302.49000", "2013-12-31": "1426.21200", "2013-09-30": "1699.11000", "2013-06-30": "1737.95800", "2013-03-31": "1763.74500", "2012-12-31": "1837.43900", "2012-09-30": "1745.79400", "2012-06-30": "1799.14600", "2012-03-31": "1827.53600", "2011-12-31": "1954.13800", "2011-09-30": "1660.17800", "2011-06-30": "1746.65000", "2011-03-31": "1751.82100", "2010-12-31": "1786.97500", "2010-09-30": "1693.87500", "2010-06-30": "1820.71700", "2010-03-31": "0.00000", "2009-12-31": "", "2009-09-30": "0.00000", "2009-06-30": "0.00000", "2008-12-31": "0.00000"}, "Common Stock Net": {"2020-09-30": "1.27000", "2020-06-30": "1.26900", "2020-03-31": "1.26900", "2019-12-31": "1.26600", "2019-09-30": "1.26500", "2019-06-30": "1.26400", "2019-03-31": "1.26400", "2018-12-31": "1.25900", "2018-09-30": "1.25800", "2018-06-30": "1.25700", "2018-03-31": "1.25700", "2017-12-31": "1.25400", "2017-09-30": "1.25300", "2017-06-30": "1.25200", "2017-03-31": "1.24800", "2016-12-31": "1.24100", "2016-09-30": "1.24100", "2016-06-30": "1.23900", "2016-03-31": "1.23500", "2015-12-31": "1.22800", "2015-09-30": "1.22600", "2015-06-30": "1.22400", "2015-03-31": "1.21900", "2014-12-31": "1.21600", "2014-09-30": "1.21400", "2014-06-30": "1.21300", "2014-03-31": "1.21100", "2013-12-31": "1.20500", "2013-09-30": "1.20400", "2013-06-30": "1.20200", "2013-03-31": "1.20000", "2012-12-31": "1.19600", "2012-09-30": "1.19400", "2012-06-30": "1.19200", "2012-03-31": "1.19000", "2011-12-31": "1.18500", "2011-09-30": "1.18200", "2011-06-30": "1.18000", "2011-03-31": "1.17800", "2010-12-31": "1.17000", "2010-09-30": "1.16700", "2010-06-30": "1017.05800", "2010-03-31": "0.00000", "2009-12-31": "", "2009-09-30": "0.00000", "2009-06-30": "0.00000", "2008-12-31": "0.00000"}, "Retained Earnings (Accumulated Deficit)": {"2020-09-30": "1502.57100", "2020-06-30": "1447.64200", "2020-03-31": "1401.62800", "2019-12-31": "1344.38300", "2019-09-30": "1299.27900", "2019-06-30": "1240.77500", "2019-03-31": "1198.19800", "2018-12-31": "1166.76200", "2018-09-30": "1159.55200", "2018-06-30": "1097.66500", "2018-03-31": "1053.09000", "2017-12-31": "990.65200", "2017-09-30": "1017.54400", "2017-06-30": "982.02400", "2017-03-31": "931.77800", "2016-12-31": "885.11700", "2016-09-30": "857.84100", "2016-06-30": "826.73700", "2016-03-31": "778.68900", "2015-12-31": "739.35000", "2015-09-30": "746.27800", "2015-06-30": "648.92300", "2015-03-31": "676.91300", "2014-12-31": "642.48900", "2014-09-30": "756.57200", "2014-06-30": "706.16200", "2014-03-31": "690.84000", "2013-12-31": "656.91600", "2013-09-30": "502.46800", "2013-06-30": "450.96000", "2013-03-31": "387.08700", "2012-12-31": "349.06300", "2012-09-30": "417.61400", "2012-06-30": "377.09300", "2012-03-31": "313.06900", "2011-12-31": "130.89000", "2011-09-30": "202.05300", "2011-06-30": "156.39000", "2011-03-31": "110.18100", "2010-12-31": "96.67100", "2010-09-30": "43.77900", "2010-06-30": "", "2010-03-31": "", "2009-12-31": "", "2009-09-30": "", "2009-06-30": "", "2008-12-31": ""}, "Comprehensive Income": {"2020-09-30": "-8.40800", "2020-06-30": "-17.51900", "2020-03-31": "-18.64500", "2019-12-31": "-7.44800", "2019-09-30": "-7.32200", "2019-06-30": "-4.93200", "2019-03-31": "-9.31600", "2018-12-31": "-10.28900", "2018-09-30": "3.54200", "2018-06-30": "1.24800", "2018-03-31": "4.43500", "2017-12-31": "9.45400", "2017-09-30": "10.84900", "2017-06-30": "6.26800", "2017-03-31": "5.02600", "2016-12-31": "3.81100", "2016-09-30": "5.00300", "2016-06-30": "4.53800", "2016-03-31": "4.69200", "2015-12-31": "0.75200", "2015-09-30": "0.73200", "2015-06-30": "5.07700", "2015-03-31": "-4.89600", "2014-12-31": "3.59600", "2014-09-30": "17.24200", "2014-06-30": "21.89200", "2014-03-31": "21.82200", "2013-12-31": "28.34800", "2013-09-30": "30.31700", "2013-06-30": "23.98500", "2013-03-31": "27.78000", "2012-12-31": "32.72800", "2012-09-30": "-496.44300", "2012-06-30": "-520.43800", "2012-03-31": "-518.80900", "2011-12-31": "26.82600", "2011-09-30": "-412.56200", "2011-06-30": "-409.85800", "2011-03-31": "-426.06200", "2010-12-31": "-449.99900", "2010-09-30": "-403.95900", "2010-06-30": "-432.45400", "2010-03-31": "", "2009-12-31": "", "2009-09-30": "", "2009-06-30": "", "2008-12-31": ""}, "Other Share Holders Equity": {"2020-09-30": "", "2020-06-30": "", "2020-03-31": "", "2019-12-31": "", "2019-09-30": "", "2019-06-30": "", "2019-03-31": "", "2018-12-31": "", "2018-09-30": "", "2018-06-30": "", "2018-03-31": "", "2017-12-31": "", "2017-09-30": "", "2017-06-30": "", "2017-03-31": "", "2016-12-31": "", "2016-09-30": "", "2016-06-30": "", "2016-03-31": "", "2015-12-31": "", "2015-09-30": "", "2015-06-30": "", "2015-03-31": "", "2014-12-31": "", "2014-09-30": "", "2014-06-30": "", "2014-03-31": "", "2013-12-31": "", "2013-09-30": "", "2013-06-30": "", "2013-03-31": "", "2012-12-31": "", "2012-09-30": "", "2012-06-30": "", "2012-03-31": "", "2011-12-31": "", "2011-09-30": "", "2011-06-30": "", "2011-03-31": "", "2010-12-31": "", "2010-09-30": "", "2010-06-30": "", "2010-03-31": "0.00000", "2009-12-31": "", "2009-09-30": "0.00000", "2009-06-30": "0.00000", "2008-12-31": "0.00000"}, "Share Holder Equity": {"2020-09-30": "550.08000", "2020-06-30": "481.53200", "2020-03-31": "429.51200", "2019-12-31": "404.11200", "2019-09-30": "354.53300", "2019-06-30": "294.14900", "2019-03-31": "242.87400", "2018-12-31": "235.70100", "2018-09-30": "392.50100", "2018-06-30": "388.31700", "2018-03-31": "345.25000", "2017-12-31": "285.75700", "2017-09-30": "308.24100", "2017-06-30": "264.30100", "2017-03-31": "206.21900", "2016-12-31": "150.41000", "2016-09-30": "118.63900", "2016-06-30": "292.44600", "2016-03-31": "267.89400", "2015-12-31": "279.63500", "2015-09-30": "331.48400", "2015-06-30": "256.53300", "2015-03-31": "1046.92400", "2014-12-31": "1014.20100", "2014-09-30": "1139.96700", "2014-06-30": "1136.99500", "2014-03-31": "1197.14000", "2013-12-31": "1182.94100", "2013-09-30": "1040.55400", "2013-06-30": "987.35100", "2013-03-31": "985.64700", "2012-12-31": "1002.91600", "2012-09-30": "1057.97800", "2012-06-30": "982.01500", "2012-03-31": "908.96100", "2011-12-31": "834.97300", "2011-09-30": "885.03900", "2011-06-30": "831.76500", "2011-03-31": "760.28900", "2010-12-31": "713.52500", "2010-09-30": "696.01100", "2010-06-30": "585.10500", "2010-03-31": "0.00000", "2009-12-31": "", "2009-09-30": "0.00000", "2009-06-30": "0.00000", "2008-12-31": "0.00000"}, "Total Liabilities And Share Holders Equity": {"2020-09-30": "2124.31400", "2020-06-30": "1971.36300", "2020-03-31": "1966.60300", "2019-12-31": "1908.91300", "2019-09-30": "1826.42000", "2019-06-30": "1756.48000", "2019-03-31": "1716.78600", "2018-12-31": "1655.09600", "2018-09-30": "1735.70400", "2018-06-30": "1742.46500", "2018-03-31": "1539.53900", "2017-12-31": "1712.33900", "2017-09-30": "1723.51200", "2017-06-30": "1624.73800", "2017-03-31": "1617.92600", "2016-12-31": "1579.81500", "2016-09-30": "1365.14400", "2016-06-30": "1401.34300", "2016-03-31": "1365.71200", "2015-12-31": "1375.39800", "2015-09-30": "1410.72200", "2015-06-30": "1337.22500", "2015-03-31": "2792.13400", "2014-12-31": "2856.93600", "2014-09-30": "2656.77000", "2014-06-30": "2626.05300", "2014-03-31": "2499.63000", "2013-12-31": "2609.15300", "2013-09-30": "2739.66400", "2013-06-30": "2725.30900", "2013-03-31": "2749.39200", "2012-12-31": "2840.35500", "2012-09-30": "2803.77200", "2012-06-30": "2781.16100", "2012-03-31": "2736.49700", "2011-12-31": "2789.11100", "2011-09-30": "2545.21700", "2011-06-30": "2578.41500", "2011-03-31": "2512.11000", "2010-12-31": "2500.51000", "2010-09-30": "2389.88600", "2010-06-30": "2405.82200", "2010-03-31": "0.00000", "2009-12-31": "", "2009-09-30": "0.00000", "2009-06-30": "0.00000", "2008-12-31": "0.00000"}}, "cash flow statement": {"Net Income/Loss": {"2019-12-31": "244.67700", "2018-12-31": "227.30500", "2017-12-31": "148.36500", "2016-12-31": "183.61200", "2015-12-31": "131.44600", "2014-12-31": "21.45700", "2013-12-31": "332.59000", "2012-12-31": "217.55700", "2011-12-31": "70.61800", "2010-12-31": "140.20300", "2009-12-31": "147.92000", "2008-12-31": "323.85400"}, "Total Depreciation And Amortization - Cash Flow": {"2019-12-31": "61.72200", "2018-12-31": "60.09700", "2017-12-31": "56.55700", "2016-12-31": "50.55400", "2015-12-31": "78.62100", "2014-12-31": "105.79800", "2013-12-31": "70.52500", "2012-12-31": "69.69700", "2011-12-31": "73.00300", "2010-12-31": "71.63300", "2009-12-31": "159.34900", "2008-12-31": "79.72000"}, "Other Non-Cash Items": {"2019-12-31": "15.73600", "2018-12-31": "53.53900", "2017-12-31": "123.83200", "2016-12-31": "16.49200", "2015-12-31": "77.83900", "2014-12-31": "190.39000", "2013-12-31": "-49.49900", "2012-12-31": "139.99000", "2011-12-31": "206.79500", "2010-12-31": "117.33600", "2009-12-31": "54.01500", "2008-12-31": "-1.37100"}, "Total Non-Cash Items": {"2019-12-31": "77.45800", "2018-12-31": "113.63600", "2017-12-31": "180.38900", "2016-12-31": "67.04600", "2015-12-31": "156.46000", "2014-12-31": "296.18800", "2013-12-31": "21.02600", "2012-12-31": "209.68700", "2011-12-31": "279.79800", "2010-12-31": "188.96900", "2009-12-31": "213.36400", "2008-12-31": "78.34900"}, "Change In Accounts Receivable": {"2019-12-31": "15.60500", "2018-12-31": "37.28200", "2017-12-31": "-34.45900", "2016-12-31": "28.57000", "2015-12-31": "40.09400", "2014-12-31": "-50.08000", "2013-12-31": "19.72600", "2012-12-31": "-52.03400", "2011-12-31": "-26.88700", "2010-12-31": "101.26000", "2009-12-31": "71.31600", "2008-12-31": "-12.90100"}, "Change In Inventories": {"2019-12-31": "", "2018-12-31": "", "2017-12-31": "", "2016-12-31": "", "2015-12-31": "", "2014-12-31": "", "2013-12-31": "11.97100", "2012-12-31": "-16.44800", "2011-12-31": "-6.05200", "2010-12-31": "", "2009-12-31": "", "2008-12-31": ""}, "Change In Accounts Payable": {"2019-12-31": "44.59200", "2018-12-31": "1.88800", "2017-12-31": "-7.47600", "2016-12-31": "19.54900", "2015-12-31": "-23.98500", "2014-12-31": "-81.04400", "2013-12-31": "54.89500", "2012-12-31": "30.39100", "2011-12-31": "48.24600", "2010-12-31": "19.88200", "2009-12-31": "-40.55500", "2008-12-31": "-4.07600"}, "Change In Assets/Liabilities": {"2019-12-31": "-84.99600", "2018-12-31": "-199.16000", "2017-12-31": "-53.37300", "2016-12-31": "-90.62800", "2015-12-31": "43.66600", "2014-12-31": "-123.14500", "2013-12-31": "-267.45900", "2012-12-31": "-179.19500", "2011-12-31": "-200.98700", "2010-12-31": "-257.38600", "2009-12-31": "-97.40600", "2008-12-31": "-416.47300"}, "Total Change In Assets/Liabilities": {"2019-12-31": "-42.76700", "2018-12-31": "-171.65100", "2017-12-31": "-106.79400", "2016-12-31": "-10.75100", "2015-12-31": "47.25100", "2014-12-31": "-236.97100", "2013-12-31": "-215.73000", "2012-12-31": "-242.31700", "2011-12-31": "-176.82500", "2010-12-31": "-136.76600", "2009-12-31": "-108.46100", "2008-12-31": "-342.11500"}, "Cash Flow From Operating Activities": {"2019-12-31": "279.36800", "2018-12-31": "169.29000", "2017-12-31": "221.96000", "2016-12-31": "239.90700", "2015-12-31": "335.15700", "2014-12-31": "80.67400", "2013-12-31": "137.88600", "2012-12-31": "184.92700", "2011-12-31": "173.59100", "2010-12-31": "192.40600", "2009-12-31": "252.82300", "2008-12-31": "60.08800"}, "Net Change In Property, Plant, And Equipment": {"2019-12-31": "-182.12400", "2018-12-31": "-109.33800", "2017-12-31": "-96.88000", "2016-12-31": "-52.63400", "2015-12-31": "-68.33500", "2014-12-31": "-76.02900", "2013-12-31": "-64.95000", "2012-12-31": "-86.63500", "2011-12-31": "-63.87400", "2010-12-31": "-63.64900", "2009-12-31": "-93.72500", "2008-12-31": "-63.01400"}, "Net Change In Intangible Assets": {"2019-12-31": "", "2018-12-31": "", "2017-12-31": "", "2016-12-31": "", "2015-12-31": "", "2014-12-31": "-0.72200", "2013-12-31": "-2.20000", "2012-12-31": "", "2011-12-31": "", "2010-12-31": "", "2009-12-31": "", "2008-12-31": ""}, "Net Acquisitions/Divestitures": {"2019-12-31": "", "2018-12-31": "-212.99300", "2017-12-31": "-0.71500", "2016-12-31": "-117.78000", "2015-12-31": "", "2014-12-31": "-127.70300", "2013-12-31": "", "2012-12-31": "-0.31800", "2011-12-31": "-11.90700", "2010-12-31": "-29.96200", "2009-12-31": "-8.49700", "2008-12-31": "-190.87800"}, "Net Change In Short-term Investments": {"2019-12-31": "", "2018-12-31": "", "2017-12-31": "", "2016-12-31": "", "2015-12-31": "", "2014-12-31": "", "2013-12-31": "", "2012-12-31": "", "2011-12-31": "", "2010-12-31": "", "2009-12-31": "", "2008-12-31": ""}, "Net Change In Long-Term Investments": {"2019-12-31": "1.92100", "2018-12-31": "-9.64600", "2017-12-31": "6.82600", "2016-12-31": "-18.55200", "2015-12-31": "-7.21000", "2014-12-31": "12.20300", "2013-12-31": "71.15900", "2012-12-31": "-25.25300", "2011-12-31": "-36.08600", "2010-12-31": "-43.77100", "2009-12-31": "42.53000", "2008-12-31": "-59.20000"}, "Net Change In Investments - Total": {"2019-12-31": "1.92100", "2018-12-31": "-9.64600", "2017-12-31": "6.82600", "2016-12-31": "-18.55200", "2015-12-31": "-7.21000", "2014-12-31": "12.20300", "2013-12-31": "71.15900", "2012-12-31": "-25.25300", "2011-12-31": "-36.08600", "2010-12-31": "-43.77100", "2009-12-31": "42.53000", "2008-12-31": "-59.20000"}, "Investing Activities - Other": {"2019-12-31": "0.20800", "2018-12-31": "5.25300", "2017-12-31": "1.08800", "2016-12-31": "0.04300", "2015-12-31": "3.65800", "2014-12-31": "-7.55500", "2013-12-31": "16.04400", "2012-12-31": "0.80900", "2011-12-31": "-42.45500", "2010-12-31": "47.06800", "2009-12-31": "-7.94300", "2008-12-31": "8.52900"}, "Cash Flow From Investing Activities": {"2019-12-31": "-179.99500", "2018-12-31": "-326.72400", "2017-12-31": "-89.68100", "2016-12-31": "-188.92300", "2015-12-31": "-71.88700", "2014-12-31": "-199.80600", "2013-12-31": "20.05300", "2012-12-31": "-111.39700", "2011-12-31": "-154.32200", "2010-12-31": "-90.31400", "2009-12-31": "-67.63500", "2008-12-31": "-304.56300"}, "Net Long-Term Debt": {"2019-12-31": "45.50500", "2018-12-31": "282.59410", "2017-12-31": "-27.65300", "2016-12-31": "233.59400", "2015-12-31": "", "2014-12-31": "300.00000", "2013-12-31": "", "2012-12-31": "", "2011-12-31": "", "2010-12-31": "-43.38600", "2009-12-31": "2.36800", "2008-12-31": "49.95000"}, "Net Current Debt": {"2019-12-31": "", "2018-12-31": "", "2017-12-31": "", "2016-12-31": "", "2015-12-31": "", "2014-12-31": "-1.57200", "2013-12-31": "0.27300", "2012-12-31": "-0.82800", "2011-12-31": "-0.52800", "2010-12-31": "-4.91400", "2009-12-31": "-6.15500", "2008-12-31": "-3.30800"}, "Debt Issuance/Retirement Net - Total": {"2019-12-31": "45.50500", "2018-12-31": "282.59410", "2017-12-31": "-27.65300", "2016-12-31": "233.59400", "2015-12-31": "", "2014-12-31": "298.42800", "2013-12-31": "0.27300", "2012-12-31": "-0.82800", "2011-12-31": "-0.52800", "2010-12-31": "-48.30000", "2009-12-31": "-3.78700", "2008-12-31": "46.64200"}, "Net Common Equity Issued/Repurchased": {"2019-12-31": "-15.55400", "2018-12-31": "-211.18600", "2017-12-31": "17.11700", "2016-12-31": "-274.67400", "2015-12-31": "-62.42800", "2014-12-31": "-145.17000", "2013-12-31": "-152.81800", "2012-12-31": "-93.84800", "2011-12-31": "4.46300", "2010-12-31": "0.21100", "2009-12-31": "", "2008-12-31": ""}, "Net Total Equity Issued/Repurchased": {"2019-12-31": "-15.55400", "2018-12-31": "-211.18600", "2017-12-31": "17.11700", "2016-12-31": "-274.67400", "2015-12-31": "-62.42800", "2014-12-31": "-145.17000", "2013-12-31": "-152.81800", "2012-12-31": "-93.84800", "2011-12-31": "4.46300", "2010-12-31": "0.21100", "2009-12-31": "", "2008-12-31": ""}, "Total Common And Preferred Stock Dividends Paid": {"2019-12-31": "-65.37400", "2018-12-31": "-63.82100", "2017-12-31": "-42.04300", "2016-12-31": "-37.37000", "2015-12-31": "-34.47900", "2014-12-31": "-43.46900", "2013-12-31": "-38.01100", "2012-12-31": "-9.48500", "2011-12-31": "", "2010-12-31": "-100.00000", "2009-12-31": "", "2008-12-31": ""}, "Financial Activities - Other": {"2019-12-31": "-8.29000", "2018-12-31": "-16.91000", "2017-12-31": "-8.59900", "2016-12-31": "-10.44700", "2015-12-31": "-317.51600", "2014-12-31": "-10.93900", "2013-12-31": "-0.32200", "2012-12-31": "-3.84500", "2011-12-31": "3.60000", "2010-12-31": "-35.64400", "2009-12-31": "-1.81300", "2008-12-31": "13.38000"}, "Cash Flow From Financial Activities": {"2019-12-31": "-43.71300", "2018-12-31": "-9.32300", "2017-12-31": "-61.17800", "2016-12-31": "-88.89700", "2015-12-31": "-414.42300", "2014-12-31": "98.85000", "2013-12-31": "-190.87800", "2012-12-31": "-108.00600", "2011-12-31": "7.53500", "2010-12-31": "-183.73300", "2009-12-31": "-5.60000", "2008-12-31": "60.02200"}, "Net Cash Flow": {"2019-12-31": "55.99200", "2018-12-31": "-176.73600", "2017-12-31": "78.54400", "2016-12-31": "-38.26500", "2015-12-31": "-158.24000", "2014-12-31": "-33.14700", "2013-12-31": "-37.43100", "2012-12-31": "-31.66200", "2011-12-31": "24.06700", "2010-12-31": "-78.32600", "2009-12-31": "189.82200", "2008-12-31": "-194.32000"}, "Stock-Based Compensation": {"2019-12-31": "12.72600", "2018-12-31": "11.88300", "2017-12-31": "15.22200", "2016-12-31": "15.37100", "2015-12-31": "31.69900", "2014-12-31": "23.46100", "2013-12-31": "29.00600", "2012-12-31": "31.79700", "2011-12-31": "17.92700", "2010-12-31": "16.30800", "2009-12-31": "25.89100", "2008-12-31": ""}, "Common Stock Dividends Paid": {"2019-12-31": "-65.37400", "2018-12-31": "-63.82100", "2017-12-31": "-42.04300", "2016-12-31": "-37.37000", "2015-12-31": "-34.47900", "2014-12-31": "-43.46900", "2013-12-31": "-38.01100", "2012-12-31": "-9.48500", "2011-12-31": "", "2010-12-31": "-100.00000", "2009-12-31": "", "2008-12-31": ""}}, "cash flow statement, quarterly": {"Net Income/Loss": {"2020-09-30": 73.195, "2020-06-30": 64.396, "2020-03-31": "75.62000", "2019-12-31": 61.569, "2019-09-30": 74.998, "2019-06-30": 59, "2019-03-31": "49.11000", "2018-12-31": 22.081, "2018-09-30": 78.077, "2018-06-30": 60.734, "2018-03-31": "66.41300", "2017-12-31": -15.533, "2017-09-30": 46.692, "2017-06-30": 61.42, "2017-03-31": "55.78600", "2016-12-31": 34.174, "2016-09-30": 41.207, "2016-06-30": 58.497, "2016-03-31": "49.73400", "2015-12-31": -0.31, "2015-09-30": 104.034, "2015-06-30": -17.319, "2015-03-31": "45.04100", "2014-12-31": -103.592, "2014-09-30": 60.403, "2014-06-30": 23.492, "2014-03-31": "41.15400", "2013-12-31": 160.992, "2013-09-30": 57.021, "2013-06-30": 69.701, "2013-03-31": "44.87600", "2012-12-31": 36.896, "2012-09-30": 49.256, "2012-06-30": 74.336, "2012-03-31": "57.06900", "2011-12-31": -29.295, "2011-09-30": 39.905, "2011-06-30": 46.341, "2011-03-31": "13.66700", "2010-12-31": 39.711, "2010-09-30": 35.924, "2010-06-30": 47.712, "2010-03-31": "16.85600", "2009-12-31": 19.603, "2009-09-30": 26.321, "2009-06-30": -221.854, "2008-12-31": 323.85}, "Total Depreciation And Amortization - Cash Flow": {"2020-09-30": 14.893, "2020-06-30": 14.951, "2020-03-31": "15.61400", "2019-12-31": 15.694, "2019-09-30": 15.195, "2019-06-30": 15.711, "2019-03-31": "15.12200", "2018-12-31": 16.405, "2018-09-30": 15.272, "2018-06-30": 14.359, "2018-03-31": "14.06100", "2017-12-31": 14.422, "2017-09-30": 13.936, "2017-06-30": 14.223, "2017-03-31": "13.97600", "2016-12-31": 13.464, "2016-09-30": 12.421, "2016-06-30": 12.764, "2016-03-31": "11.90500", "2015-12-31": 13.611, "2015-09-30": 13.295, "2015-06-30": 25.272, "2015-03-31": "26.44300", "2014-12-31": 48.398, "2014-09-30": 22.347, "2014-06-30": 18.04, "2014-03-31": "17.01300", "2013-12-31": 19.184, "2013-09-30": 17.485, "2013-06-30": 16.498, "2013-03-31": "17.35800", "2012-12-31": 14.348, "2012-09-30": 18.262, "2012-06-30": 18.593, "2012-03-31": "18.49400", "2011-12-31": -41.866, "2011-09-30": 36.073, "2011-06-30": 39.007, "2011-03-31": "39.78900", "2010-12-31": -43.92, "2010-09-30": 39.29, "2010-06-30": 38.031, "2010-03-31": "38.23200", "2009-12-31": 40.434, "2009-09-30": 45.609, "2009-06-30": -6.423, "2008-12-31": 79.72}, "Other Non-Cash Items": {"2020-09-30": 1.2, "2020-06-30": 7.895, "2020-03-31": "2.23300", "2019-12-31": 14.402, "2019-09-30": 0.978, "2019-06-30": 1.803, "2019-03-31": "-1.44700", "2018-12-31": 50.807, "2018-09-30": 2.924, "2018-06-30": -2.859, "2018-03-31": "2.66700", "2017-12-31": 94.434, "2017-09-30": 20.452, "2017-06-30": 3.309, "2017-03-31": "5.63700", "2016-12-31": 26.606, "2016-09-30": 0.077, "2016-06-30": 0.918, "2016-03-31": "-11.10900", "2015-12-31": 23.308, "2015-09-30": 1.139, "2015-06-30": 45.317, "2015-03-31": "8.07500", "2014-12-31": 158.247, "2014-09-30": 25.325, "2014-06-30": 2.871, "2014-03-31": "3.94700", "2013-12-31": -58.987, "2013-09-30": 10.272, "2013-06-30": -1.212, "2013-03-31": "0.42800", "2012-12-31": 137.421, "2012-09-30": 4.856, "2012-06-30": -30.199, "2012-03-31": "27.91200", "2011-12-31": 167.169, "2011-09-30": 14.292, "2011-06-30": 6.875, "2011-03-31": "18.45900", "2010-12-31": 135.666, "2010-09-30": 1.074, "2010-06-30": 3.328, "2010-03-31": "-22.73200", "2009-12-31": -0.031, "2009-09-30": -2.55, "2009-06-30": 2.581, "2008-12-31": 0}, "Total Non-Cash Items": {"2020-09-30": 16.093, "2020-06-30": 22.846, "2020-03-31": "17.84700", "2019-12-31": 30.096, "2019-09-30": 16.173, "2019-06-30": 17.514, "2019-03-31": "13.67500", "2018-12-31": 67.212, "2018-09-30": 18.196, "2018-06-30": 11.5, "2018-03-31": "16.72800", "2017-12-31": 108.856, "2017-09-30": 34.388, "2017-06-30": 17.532, "2017-03-31": "19.61300", "2016-12-31": 40.07, "2016-09-30": 12.498, "2016-06-30": 13.682, "2016-03-31": "0.79600", "2015-12-31": 36.919, "2015-09-30": 14.434, "2015-06-30": 70.589, "2015-03-31": "34.51800", "2014-12-31": 206.645, "2014-09-30": 47.672, "2014-06-30": 20.911, "2014-03-31": "20.96000", "2013-12-31": -39.803, "2013-09-30": 27.757, "2013-06-30": 15.286, "2013-03-31": "17.78600", "2012-12-31": 151.769, "2012-09-30": 23.118, "2012-06-30": -11.606, "2012-03-31": "46.40600", "2011-12-31": 125.303, "2011-09-30": 50.365, "2011-06-30": 45.882, "2011-03-31": "58.24800", "2010-12-31": 91.746, "2010-09-30": 40.364, "2010-06-30": 41.359, "2010-03-31": "15.50000", "2009-12-31": 40.403, "2009-09-30": 43.059, "2009-06-30": -3.842, "2008-12-31": 79.72}, "Change In Accounts Receivable": {"2020-09-30": -40.648, "2020-06-30": -0.341, "2020-03-31": "-2.09200", "2019-12-31": 12.53, "2019-09-30": -3.761, "2019-06-30": 1.024, "2019-03-31": "5.81200", "2018-12-31": 14.186, "2018-09-30": 20.067, "2018-06-30": -24.358, "2018-03-31": "27.38700", "2017-12-31": -16.711, "2017-09-30": -17.594, "2017-06-30": 40.999, "2017-03-31": "-41.15300", "2016-12-31": 32.949, "2016-09-30": -27.041, "2016-06-30": 25.925, "2016-03-31": "-3.26300", "2015-12-31": 40.367, "2015-09-30": -47.163, "2015-06-30": 29.554, "2015-03-31": "17.33600", "2014-12-31": 12.14, "2014-09-30": -55.585, "2014-06-30": -24.163, "2014-03-31": "17.52800", "2013-12-31": 64.389, "2013-09-30": -7.234, "2013-06-30": -23.672, "2013-03-31": "-13.75700", "2012-12-31": 9.794, "2012-09-30": -19.246, "2012-06-30": -14.085, "2012-03-31": "-28.49700", "2011-12-31": 37.15, "2011-09-30": 8.244, "2011-06-30": -41.068, "2011-03-31": "-31.21300", "2010-12-31": 52.428, "2010-09-30": 58.902, "2010-06-30": -25.694, "2010-03-31": "15.62400", "2009-12-31": -88.849, "2009-09-30": 29.5, "2009-06-30": 59.349, "2008-12-31": 0}, "Change In Inventories": {"2020-09-30": 0, "2020-06-30": 0, "2020-03-31": "", "2019-12-31": 0, "2019-09-30": 0, "2019-06-30": 0, "2019-03-31": "", "2018-12-31": 0, "2018-09-30": 0, "2018-06-30": 0, "2018-03-31": "", "2017-12-31": 0, "2017-09-30": 0, "2017-06-30": 0, "2017-03-31": "", "2016-12-31": 0, "2016-09-30": 0, "2016-06-30": 0, "2016-03-31": "", "2015-12-31": 0, "2015-09-30": 0, "2015-06-30": 0, "2015-03-31": "", "2014-12-31": -0.138, "2014-09-30": -5.528, "2014-06-30": 2.584, "2014-03-31": "3.08200", "2013-12-31": 1.412, "2013-09-30": -1.049, "2013-06-30": 5.744, "2013-03-31": "5.86400", "2012-12-31": 8.279, "2012-09-30": -14.696, "2012-06-30": -3.965, "2012-03-31": "-6.06600", "2011-12-31": 1.856, "2011-09-30": -5, "2011-06-30": -4.444, "2011-03-31": "1.53600", "2010-12-31": -5.543, "2010-09-30": -1.43, "2010-06-30": 4.601, "2010-03-31": "2.37200", "2009-12-31": -14.52, "2009-09-30": 4.258, "2009-06-30": 10.262, "2008-12-31": 0}, "Change In Accounts Payable": {"2020-09-30": 16.255, "2020-06-30": 14.517, "2020-03-31": "-21.15800", "2019-12-31": 26.468, "2019-09-30": 6.933, "2019-06-30": 9.579, "2019-03-31": "1.61200", "2018-12-31": -0.173, "2018-09-30": 5.896, "2018-06-30": -14.363, "2018-03-31": "10.52800", "2017-12-31": 3.502, "2017-09-30": 15.927, "2017-06-30": -12.902, "2017-03-31": "-14.00300", "2016-12-31": 16.914, "2016-09-30": -7.65, "2016-06-30": 9.165, "2016-03-31": "1.12000", "2015-12-31": 9.84, "2015-09-30": -16.115, "2015-06-30": 23.738, "2015-03-31": "-41.44800", "2014-12-31": 34.227, "2014-09-30": 14.2, "2014-06-30": -47.307, "2014-03-31": "-82.16400", "2013-12-31": 49.59, "2013-09-30": -0.667, "2013-06-30": -14.333, "2013-03-31": "20.30500", "2012-12-31": -7.24, "2012-09-30": 19.271, "2012-06-30": 28.519, "2012-03-31": "-10.15900", "2011-12-31": 14.632, "2011-09-30": 17.673, "2011-06-30": 9.925, "2011-03-31": "6.01600", "2010-12-31": 17.38, "2010-09-30": -38.578, "2010-06-30": 4.244, "2010-03-31": "36.83600", "2009-12-31": -37.2, "2009-09-30": -0.992, "2009-06-30": 38.192, "2008-12-31": 0}, "Change In Assets/Liabilities": {"2020-09-30": -59.161, "2020-06-30": 31.208, "2020-03-31": "-88.92300", "2019-12-31": 55.496, "2019-09-30": -51.608, "2019-06-30": -4.141, "2019-03-31": "-84.74300", "2018-12-31": 42.919, "2018-09-30": -116.149, "2018-06-30": 8.593, "2018-03-31": "-134.52300", "2017-12-31": -3.646, "2017-09-30": -7.388, "2017-06-30": 0.163, "2017-03-31": "-42.50200", "2016-12-31": 23.661, "2016-09-30": -1.365, "2016-06-30": -25.866, "2016-03-31": "-87.05800", "2015-12-31": 10.167, "2015-09-30": 84.946, "2015-06-30": -4.48, "2015-03-31": "-46.96700", "2014-12-31": 0.691, "2014-09-30": -45.273, "2014-06-30": 28.717, "2014-03-31": "-107.28000", "2013-12-31": -62.676, "2013-09-30": -75.151, "2013-06-30": -6.908, "2013-03-31": "-122.72400", "2012-12-31": 114.772, "2012-09-30": -40.117, "2012-06-30": -87.485, "2012-03-31": "-166.36500", "2011-12-31": 35.993, "2011-09-30": -86.2, "2011-06-30": -12.418, "2011-03-31": "-138.36200", "2010-12-31": 35.754, "2010-09-30": -77.44, "2010-06-30": -70.176, "2010-03-31": "-145.52400", "2009-12-31": 188.192, "2009-09-30": -81.375, "2009-06-30": -106.817, "2008-12-31": 0}, "Total Change In Assets/Liabilities": {"2020-09-30": -96.824, "2020-06-30": 74.835, "2020-03-31": "-99.91400", "2019-12-31": 96.702, "2019-09-30": -47.236, "2019-06-30": -11.725, "2019-03-31": "-80.50800", "2018-12-31": 88.438, "2018-09-30": -122.024, "2018-06-30": -36.319, "2018-03-31": "-101.74600", "2017-12-31": -16.192, "2017-09-30": -0.356, "2017-06-30": 39.829, "2017-03-31": "-130.07500", "2016-12-31": 73.189, "2016-09-30": -34.246, "2016-06-30": 13.639, "2016-03-31": "-63.33300", "2015-12-31": 59.69, "2015-09-30": 37.117, "2015-06-30": 24.959, "2015-03-31": "-74.51500", "2014-12-31": 62.816, "2014-09-30": -85.568, "2014-06-30": -38.588, "2014-03-31": "-175.63100", "2013-12-31": 22.724, "2013-09-30": -102.581, "2013-06-30": -46.896, "2013-03-31": "-88.97700", "2012-12-31": 75.499, "2012-09-30": -76.929, "2012-06-30": -34.178, "2012-03-31": "-206.70900", "2011-12-31": 123.251, "2011-09-30": -84.293, "2011-06-30": -62.295, "2011-03-31": "-153.48800", "2010-12-31": 99.463, "2010-09-30": -58.232, "2010-06-30": -100.109, "2010-03-31": "-77.88800", "2009-12-31": 18.33, "2009-09-30": -87.217, "2009-06-30": 328.427, "2008-12-31": -342.11}, "Cash Flow From Operating Activities": {"2020-09-30": -7.536, "2020-06-30": 162.077, "2020-03-31": "-6.44700", "2019-12-31": 188.367, "2019-09-30": 43.935, "2019-06-30": 64.789, "2019-03-31": "-17.72300", "2018-12-31": 177.731, "2018-09-30": -25.751, "2018-06-30": 35.915, "2018-03-31": "-18.60500", "2017-12-31": 77.131, "2017-09-30": 80.724, "2017-06-30": 118.781, "2017-03-31": "-54.67600", "2016-12-31": 147.433, "2016-09-30": 19.459, "2016-06-30": 85.818, "2016-03-31": "-12.80300", "2015-12-31": 96.299, "2015-09-30": 155.585, "2015-06-30": 78.229, "2015-03-31": "5.04400", "2014-12-31": 165.869, "2014-09-30": 22.507, "2014-06-30": 5.815, "2014-03-31": "-113.51700", "2013-12-31": 143.913, "2013-09-30": -17.803, "2013-06-30": 38.091, "2013-03-31": "-26.31500", "2012-12-31": 264.164, "2012-09-30": -4.555, "2012-06-30": 28.552, "2012-03-31": "-103.23400", "2011-12-31": 219.259, "2011-09-30": 5.977, "2011-06-30": 29.928, "2011-03-31": "-81.57300", "2010-12-31": 230.92, "2010-09-30": 18.056, "2010-06-30": -11.038, "2010-03-31": "-45.53200", "2009-12-31": 106.466, "2009-09-30": -17.837, "2009-06-30": 104.111, "2008-12-31": 60.08}, "Net Change In Property, Plant, And Equipment": {"2020-09-30": -64.495, "2020-06-30": -50.709, "2020-03-31": "-64.76800", "2019-12-31": -59.495, "2019-09-30": -46.928, "2019-06-30": -31.182, "2019-03-31": "-44.51900", "2018-12-31": -48.85, "2018-09-30": -26.528, "2018-06-30": -16.326, "2018-03-31": "-17.63400", "2017-12-31": -47.519, "2017-09-30": -20.614, "2017-06-30": -15.034, "2017-03-31": "-13.71300", "2016-12-31": -21.769, "2016-09-30": -12.386, "2016-06-30": -8.397, "2016-03-31": "-10.08200", "2015-12-31": -16.142, "2015-09-30": -11.592, "2015-06-30": -19.252, "2015-03-31": "-21.34900", "2014-12-31": -20.152, "2014-09-30": -18.055, "2014-06-30": -16.608, "2014-03-31": "-21.21400", "2013-12-31": -19.662, "2013-09-30": -11.855, "2013-06-30": -14.634, "2013-03-31": "-18.79900", "2012-12-31": -27.855, "2012-09-30": -17.232, "2012-06-30": -20.107, "2012-03-31": "-21.44100", "2011-12-31": -19.877, "2011-09-30": -11.802, "2011-06-30": -11.442, "2011-03-31": "-20.75300", "2010-12-31": -14.866, "2010-09-30": -17.097, "2010-06-30": -12.923, "2010-03-31": "-18.76300", "2009-12-31": -27.065, "2009-09-30": -26.402, "2009-06-30": 22.757, "2008-12-31": -63.01}, "Net Change In Intangible Assets": {"2020-09-30": 0, "2020-06-30": 0, "2020-03-31": "", "2019-12-31": 0, "2019-09-30": 0, "2019-06-30": 0, "2019-03-31": "", "2018-12-31": 0, "2018-09-30": 0, "2018-06-30": 0, "2018-03-31": "", "2017-12-31": 0, "2017-09-30": 0, "2017-06-30": 0, "2017-03-31": "", "2016-12-31": 0, "2016-09-30": 0, "2016-06-30": 0, "2016-03-31": "", "2015-12-31": 0, "2015-09-30": 0, "2015-06-30": 0, "2015-03-31": "", "2014-12-31": 0, "2014-09-30": 0, "2014-06-30": -0.722, "2014-03-31": "", "2013-12-31": 0, "2013-09-30": 0, "2013-06-30": 0, "2013-03-31": "-2.20000", "2012-12-31": 0, "2012-09-30": 0, "2012-06-30": 0, "2012-03-31": "", "2011-12-31": 0, "2011-09-30": 0, "2011-06-30": 0, "2011-03-31": "", "2010-12-31": 0, "2010-09-30": 0, "2010-06-30": 0, "2010-03-31": "", "2009-12-31": 0, "2009-09-30": 0, "2009-06-30": 0, "2008-12-31": 0}, "Net Acquisitions/Divestitures": {"2020-09-30": 0.269, "2020-06-30": 0, "2020-03-31": "-16.17400", "2019-12-31": 0, "2019-09-30": 0, "2019-06-30": 0, "2019-03-31": "", "2018-12-31": 0, "2018-09-30": -212.993, "2018-06-30": 0, "2018-03-31": "", "2017-12-31": -0.715, "2017-09-30": 0, "2017-06-30": 0, "2017-03-31": "", "2016-12-31": -117.78, "2016-09-30": 0, "2016-06-30": 0, "2016-03-31": "", "2015-12-31": 0, "2015-09-30": 0, "2015-06-30": 0, "2015-03-31": "", "2014-12-31": 0.002, "2014-09-30": -0.607, "2014-06-30": -127.098, "2014-03-31": "", "2013-12-31": 0, "2013-09-30": 0, "2013-06-30": 0, "2013-03-31": "", "2012-12-31": -0.318, "2012-09-30": 0, "2012-06-30": 0, "2012-03-31": "", "2011-12-31": -11.907, "2011-09-30": 0, "2011-06-30": 0, "2011-03-31": "", "2010-12-31": 0.215, "2010-09-30": 0.421, "2010-06-30": -22.433, "2010-03-31": "-8.16500", "2009-12-31": 0.007, "2009-09-30": -8.497, "2009-06-30": 190.87, "2008-12-31": -190.87}, "Net Change In Short-term Investments": {"2020-09-30": 0, "2020-06-30": 0, "2020-03-31": "", "2019-12-31": 0, "2019-09-30": 0, "2019-06-30": 0, "2019-03-31": "", "2018-12-31": 0, "2018-09-30": 0, "2018-06-30": 0, "2018-03-31": "", "2017-12-31": 0, "2017-09-30": 0, "2017-06-30": 0, "2017-03-31": "", "2016-12-31": 0, "2016-09-30": 0, "2016-06-30": 0, "2016-03-31": "", "2015-12-31": 0, "2015-09-30": 0, "2015-06-30": 0, "2015-03-31": "", "2014-12-31": 0, "2014-09-30": 0, "2014-06-30": 0, "2014-03-31": "", "2013-12-31": 0, "2013-09-30": 0, "2013-06-30": 0, "2013-03-31": "", "2012-12-31": 0, "2012-09-30": 0, "2012-06-30": 0, "2012-03-31": "", "2011-12-31": 0, "2011-09-30": 0, "2011-06-30": 0, "2011-03-31": "", "2010-12-31": 0, "2010-09-30": 0, "2010-06-30": 0, "2010-03-31": "", "2009-12-31": 0, "2009-09-30": 0, "2009-06-30": 0, "2008-12-31": 0}, "Net Change In Long-Term Investments": {"2020-09-30": 0, "2020-06-30": 0.065, "2020-03-31": "2.16900", "2019-12-31": 1.901, "2019-09-30": 0.004, "2019-06-30": 0.002, "2019-03-31": "0.01400", "2018-12-31": -0.876, "2018-09-30": -0.103, "2018-06-30": -10.582, "2018-03-31": "1.91500", "2017-12-31": -4.485, "2017-09-30": 3.163, "2017-06-30": 10.035, "2017-03-31": "-1.88700", "2016-12-31": 0.317, "2016-09-30": 1.786, "2016-06-30": -16.622, "2016-03-31": "-4.03300", "2015-12-31": -2.94, "2015-09-30": 1.911, "2015-06-30": 0.002, "2015-03-31": "-6.18300", "2014-12-31": 6.665, "2014-09-30": 3.861, "2014-06-30": 2.113, "2014-03-31": "-0.43600", "2013-12-31": 31.036, "2013-09-30": 23.443, "2013-06-30": 24.075, "2013-03-31": "-7.39500", "2012-12-31": 50.467, "2012-09-30": 16.208, "2012-06-30": -42.569, "2012-03-31": "-49.35900", "2011-12-31": -23.021, "2011-09-30": 39.937, "2011-06-30": -48.072, "2011-03-31": "-4.93000", "2010-12-31": -4.548, "2010-09-30": -43.823, "2010-06-30": 1.861, "2010-03-31": "2.73900", "2009-12-31": -45.841, "2009-09-30": -7.268, "2009-06-30": 53.109, "2008-12-31": 0}, "Net Change In Investments - Total": {"2020-09-30": 0, "2020-06-30": 0.065, "2020-03-31": "2.16900", "2019-12-31": 1.901, "2019-09-30": 0.004, "2019-06-30": 0.002, "2019-03-31": "0.01400", "2018-12-31": -0.876, "2018-09-30": -0.103, "2018-06-30": -10.582, "2018-03-31": "1.91500", "2017-12-31": -4.485, "2017-09-30": 3.163, "2017-06-30": 10.035, "2017-03-31": "-1.88700", "2016-12-31": 0.317, "2016-09-30": 1.786, "2016-06-30": -16.622, "2016-03-31": "-4.03300", "2015-12-31": -2.94, "2015-09-30": 1.911, "2015-06-30": 0.002, "2015-03-31": "-6.18300", "2014-12-31": 6.665, "2014-09-30": 3.861, "2014-06-30": 2.113, "2014-03-31": "-0.43600", "2013-12-31": 31.036, "2013-09-30": 23.443, "2013-06-30": 24.075, "2013-03-31": "-7.39500", "2012-12-31": 50.467, "2012-09-30": 16.208, "2012-06-30": -42.569, "2012-03-31": "-49.35900", "2011-12-31": -23.021, "2011-09-30": 39.937, "2011-06-30": -48.072, "2011-03-31": "-4.93000", "2010-12-31": -4.548, "2010-09-30": -43.823, "2010-06-30": 1.861, "2010-03-31": "2.73900", "2009-12-31": -3.311, "2009-09-30": -7.268, "2009-06-30": 112.309, "2008-12-31": -59.2}, "Investing Activities - Other": {"2020-09-30": 0.003, "2020-06-30": 0, "2020-03-31": "", "2019-12-31": 0, "2019-09-30": 0.191, "2019-06-30": 0.017, "2019-03-31": "", "2018-12-31": 0.011, "2018-09-30": 3.996, "2018-06-30": 1.238, "2018-03-31": "0.00800", "2017-12-31": 0.97, "2017-09-30": 0.002, "2017-06-30": -0.575, "2017-03-31": "0.69100", "2016-12-31": -9.565, "2016-09-30": -0.644, "2016-06-30": 10.145, "2016-03-31": "0.10700", "2015-12-31": 2.02, "2015-09-30": -1.922, "2015-06-30": -0.24, "2015-03-31": "3.80000", "2014-12-31": -11.146, "2014-09-30": -2.704, "2014-06-30": -3.986, "2014-03-31": "10.28100", "2013-12-31": 0.789, "2013-09-30": 2.121, "2013-06-30": 12.048, "2013-03-31": "1.08600", "2012-12-31": 1.412, "2012-09-30": -5.163, "2012-06-30": 2.391, "2012-03-31": "2.16900", "2011-12-31": -10.565, "2011-09-30": -23.165, "2011-06-30": -8.458, "2011-03-31": "-0.26700", "2010-12-31": -1.287, "2010-09-30": 8.726, "2010-06-30": 42.066, "2010-03-31": "-2.43700", "2009-12-31": 4.85, "2009-09-30": 21.301, "2009-06-30": -42.611, "2008-12-31": 8.52}, "Cash Flow From Investing Activities": {"2020-09-30": -64.223, "2020-06-30": -50.644, "2020-03-31": "-78.77300", "2019-12-31": -57.594, "2019-09-30": -46.733, "2019-06-30": -31.163, "2019-03-31": "-44.50500", "2018-12-31": -49.715, "2018-09-30": -235.628, "2018-06-30": -25.67, "2018-03-31": "-15.71100", "2017-12-31": -51.749, "2017-09-30": -17.449, "2017-06-30": -5.574, "2017-03-31": "-14.90900", "2016-12-31": -148.797, "2016-09-30": -11.244, "2016-06-30": -14.874, "2016-03-31": "-14.00800", "2015-12-31": -17.062, "2015-09-30": -11.603, "2015-06-30": -19.49, "2015-03-31": "-23.73200", "2014-12-31": -24.631, "2014-09-30": -17.505, "2014-06-30": -146.301, "2014-03-31": "-11.36900", "2013-12-31": 12.163, "2013-09-30": 13.709, "2013-06-30": 21.489, "2013-03-31": "-27.30800", "2012-12-31": 23.706, "2012-09-30": -6.187, "2012-06-30": -60.285, "2012-03-31": "-68.63100", "2011-12-31": -65.37, "2011-09-30": 4.97, "2011-06-30": -67.972, "2011-03-31": "-25.95000", "2010-12-31": -20.486, "2010-09-30": -51.773, "2010-06-30": 8.571, "2010-03-31": "-26.62600", "2009-12-31": -25.529, "2009-09-30": -20.866, "2009-06-30": 283.325, "2008-12-31": -304.56}, "Net Long-Term Debt": {"2020-09-30": 75, "2020-06-30": -101.569, "2020-03-31": "116.39300", "2019-12-31": -43.632, "2019-09-30": -3.549, "2019-06-30": -6.357, "2019-03-31": "99.04300", "2018-12-31": 6.2811, "2018-09-30": 86.281, "2018-06-30": 196.983, "2018-03-31": "-6.95100", "2017-12-31": -6.933, "2017-09-30": -94.32, "2017-06-30": 30.476, "2017-03-31": "43.12400", "2016-12-31": 83.444, "2016-09-30": 157.65, "2016-06-30": -3.75, "2016-03-31": "-3.75000", "2015-12-31": 0, "2015-09-30": -30, "2015-06-30": 33.75, "2015-03-31": "-3.75000", "2014-12-31": -4.4, "2014-09-30": 40.6, "2014-06-30": 248.8, "2014-03-31": "15.00000", "2013-12-31": 0, "2013-09-30": 0, "2013-06-30": 0, "2013-03-31": "", "2012-12-31": 0, "2012-09-30": 0, "2012-06-30": 0, "2012-03-31": "", "2011-12-31": 0, "2011-09-30": 0, "2011-06-30": 0, "2011-03-31": "", "2010-12-31": 0, "2010-09-30": 0, "2010-06-30": -43.406, "2010-03-31": "0.02000", "2009-12-31": -0.861, "2009-09-30": 0.861, "2009-06-30": 0, "2008-12-31": 0}, "Net Current Debt": {"2020-09-30": 0, "2020-06-30": 0, "2020-03-31": "", "2019-12-31": 0, "2019-09-30": 0, "2019-06-30": 0, "2019-03-31": "", "2018-12-31": 0, "2018-09-30": 0, "2018-06-30": 0, "2018-03-31": "", "2017-12-31": 0, "2017-09-30": 87.344, "2017-06-30": -87.344, "2017-03-31": "", "2016-12-31": 0, "2016-09-30": 0, "2016-06-30": 0, "2016-03-31": "", "2015-12-31": 0, "2015-09-30": 0, "2015-06-30": 0, "2015-03-31": "", "2014-12-31": -0.003, "2014-09-30": -0.487, "2014-06-30": -1.374, "2014-03-31": "0.29200", "2013-12-31": -0.219, "2013-09-30": -0.055, "2013-06-30": 0.599, "2013-03-31": "-0.05200", "2012-12-31": 1.232, "2012-09-30": -1.959, "2012-06-30": -0.049, "2012-03-31": "-0.05200", "2011-12-31": -0.089, "2011-09-30": 1.161, "2011-06-30": -0.803, "2011-03-31": "-0.79700", "2010-12-31": -2.601, "2010-09-30": -0.584, "2010-06-30": -1.579, "2010-03-31": "-0.15000", "2009-12-31": -2.105, "2009-09-30": 1.374, "2009-06-30": -2.119, "2008-12-31": -3.3}, "Debt Issuance/Retirement Net - Total": {"2020-09-30": 75, "2020-06-30": -101.569, "2020-03-31": "116.39300", "2019-12-31": -43.632, "2019-09-30": -3.549, "2019-06-30": -6.357, "2019-03-31": "99.04300", "2018-12-31": 6.2811, "2018-09-30": 86.281, "2018-06-30": 196.983, "2018-03-31": "-6.95100", "2017-12-31": -6.933, "2017-09-30": -6.976, "2017-06-30": -56.868, "2017-03-31": "43.12400", "2016-12-31": 83.444, "2016-09-30": 157.65, "2016-06-30": -3.75, "2016-03-31": "-3.75000", "2015-12-31": 0, "2015-09-30": -30, "2015-06-30": 33.75, "2015-03-31": "-3.75000", "2014-12-31": -4.403, "2014-09-30": 40.113, "2014-06-30": 247.426, "2014-03-31": "15.29200", "2013-12-31": -0.219, "2013-09-30": -0.055, "2013-06-30": 0.599, "2013-03-31": "-0.05200", "2012-12-31": 1.232, "2012-09-30": -1.959, "2012-06-30": -0.049, "2012-03-31": "-0.05200", "2011-12-31": -0.089, "2011-09-30": 1.161, "2011-06-30": -0.803, "2011-03-31": "-0.79700", "2010-12-31": -2.601, "2010-09-30": -0.584, "2010-06-30": -44.985, "2010-03-31": "-0.13000", "2009-12-31": 5.544, "2009-09-30": 2.235, "2009-06-30": -55.369, "2008-12-31": 49.95}, "Net Common Equity Issued/Repurchased": {"2020-09-30": 0.172, "2020-06-30": 0.536, "2020-03-31": "-18.74600", "2019-12-31": 1.313, "2019-09-30": 1.733, "2019-06-30": 0.577, "2019-03-31": "-19.17700", "2018-12-31": -152.139, "2018-09-30": -62.065, "2018-06-30": 0.493, "2018-03-31": "2.52500", "2017-12-31": 1.098, "2017-09-30": 1.411, "2017-06-30": 4.943, "2017-03-31": "9.66500", "2016-12-31": -0.452, "2016-09-30": -207.713, "2016-06-30": -23.464, "2016-03-31": "-43.04500", "2015-12-31": -47.986, "2015-09-30": -17.671, "2015-06-30": 1.489, "2015-03-31": "1.74000", "2014-12-31": 0.75, "2014-09-30": -49.641, "2014-06-30": -82.805, "2014-03-31": "-13.47400", "2013-12-31": -16.431, "2013-09-30": -12.446, "2013-06-30": -67.68, "2013-03-31": "-56.26100", "2012-12-31": -96.322, "2012-09-30": 1.05, "2012-06-30": 0.095, "2012-03-31": "1.32900", "2011-12-31": 0.131, "2011-09-30": 0.28, "2011-06-30": 0.947, "2011-03-31": "3.10500", "2010-12-31": 0, "2010-09-30": 0.211, "2010-06-30": 0, "2010-03-31": "", "2009-12-31": 0, "2009-09-30": 0, "2009-06-30": 0, "2008-12-31": 0}, "Net Total Equity Issued/Repurchased": {"2020-09-30": 0.172, "2020-06-30": 0.536, "2020-03-31": "-18.74600", "2019-12-31": 1.313, "2019-09-30": 1.733, "2019-06-30": 0.577, "2019-03-31": "-19.17700", "2018-12-31": -152.139, "2018-09-30": -62.065, "2018-06-30": 0.493, "2018-03-31": "2.52500", "2017-12-31": 1.098, "2017-09-30": 1.411, "2017-06-30": 4.943, "2017-03-31": "9.66500", "2016-12-31": -0.452, "2016-09-30": -207.713, "2016-06-30": -23.464, "2016-03-31": "-43.04500", "2015-12-31": -47.986, "2015-09-30": -17.671, "2015-06-30": 1.489, "2015-03-31": "1.74000", "2014-12-31": 0.75, "2014-09-30": -49.641, "2014-06-30": -82.805, "2014-03-31": "-13.47400", "2013-12-31": -16.431, "2013-09-30": -12.446, "2013-06-30": -67.68, "2013-03-31": "-56.26100", "2012-12-31": -96.322, "2012-09-30": 1.05, "2012-06-30": 0.095, "2012-03-31": "1.32900", "2011-12-31": 0.131, "2011-09-30": 0.28, "2011-06-30": 0.947, "2011-03-31": "3.10500", "2010-12-31": 0, "2010-09-30": 0.211, "2010-06-30": 0, "2010-03-31": "", "2009-12-31": 0, "2009-09-30": 0, "2009-06-30": 0, "2008-12-31": 0}, "Total Common And Preferred Stock Dividends Paid": {"2020-09-30": -18.144, "2020-06-30": -18.168, "2020-03-31": "-18.59600", "2019-12-31": -16.207, "2019-09-30": -16.191, "2019-06-30": -16.179, "2019-03-31": "-16.79700", "2018-12-31": -15.807, "2018-09-30": -15.951, "2018-06-30": -16.116, "2018-03-31": "-15.94700", "2017-12-31": -10.971, "2017-09-30": -10.933, "2017-06-30": -11.154, "2017-03-31": "-8.98500", "2016-12-31": -8.949, "2016-09-30": -9.397, "2016-06-30": -9.51, "2016-03-31": "-9.51400", "2015-12-31": -6.374, "2015-09-30": -6.556, "2015-06-30": -10.767, "2015-03-31": "-10.78200", "2014-12-31": -10.67, "2014-09-30": -10.696, "2014-06-30": -11.004, "2014-03-31": "-11.09900", "2013-12-31": -10.929, "2013-09-30": -8.94, "2013-06-30": -8.997, "2013-03-31": "-9.14500", "2012-12-31": -9.485, "2012-09-30": 0, "2012-06-30": 0, "2012-03-31": "", "2011-12-31": 0, "2011-09-30": 0, "2011-06-30": 0, "2011-03-31": "", "2010-12-31": 0, "2010-09-30": 0, "2010-06-30": -100, "2010-03-31": "", "2009-12-31": 0, "2009-09-30": 0, "2009-06-30": 0, "2008-12-31": 0}, "Financial Activities - Other": {"2020-09-30": -1.583, "2020-06-30": -8.947, "2020-03-31": "-1.27000", "2019-12-31": -0.195, "2019-09-30": -0.256, "2019-06-30": -0.208, "2019-03-31": "-7.63100", "2018-12-31": -1.55, "2018-09-30": -2.101, "2018-06-30": -8.376, "2018-03-31": "-4.88300", "2017-12-31": -0.795, "2017-09-30": -0.493, "2017-06-30": -2.192, "2017-03-31": "-5.11900", "2016-12-31": -0.36, "2016-09-30": -1.192, "2016-06-30": -4.13, "2016-03-31": "-4.76500", "2015-12-31": -5.074, "2015-09-30": 0.397, "2015-06-30": -312.694, "2015-03-31": "-0.14500", "2014-12-31": -5.915, "2014-09-30": -0.238, "2014-06-30": -5.434, "2014-03-31": "0.64800", "2013-12-31": 0.028, "2013-09-30": -0.027, "2013-06-30": -0.234, "2013-03-31": "-0.08900", "2012-12-31": -0.041, "2012-09-30": -0.209, "2012-06-30": -4.904, "2012-03-31": "1.30900", "2011-12-31": -0.182, "2011-09-30": -0.322, "2011-06-30": 0.143, "2011-03-31": "3.96100", "2010-12-31": 2.496, "2010-09-30": -30.492, "2010-06-30": -9.556, "2010-03-31": "1.90800", "2009-12-31": 0.167, "2009-09-30": 0.618, "2009-06-30": -15.975, "2008-12-31": 13.38}, "Cash Flow From Financial Activities": {"2020-09-30": 55.445, "2020-06-30": -128.148, "2020-03-31": "77.78100", "2019-12-31": -58.721, "2019-09-30": -18.263, "2019-06-30": -22.167, "2019-03-31": "55.43800", "2018-12-31": -163.215, "2018-09-30": 6.164, "2018-06-30": 172.984, "2018-03-31": "-25.25600", "2017-12-31": -17.601, "2017-09-30": -16.991, "2017-06-30": -65.271, "2017-03-31": "38.68500", "2016-12-31": 73.683, "2016-09-30": -60.652, "2016-06-30": -40.854, "2016-03-31": "-61.07400", "2015-12-31": -59.434, "2015-09-30": -53.83, "2015-06-30": -288.222, "2015-03-31": "-12.93700", "2014-12-31": -20.238, "2014-09-30": -20.462, "2014-06-30": 148.183, "2014-03-31": "-8.63300", "2013-12-31": -27.551, "2013-09-30": -21.468, "2013-06-30": -76.312, "2013-03-31": "-65.54700", "2012-12-31": -104.616, "2012-09-30": -1.118, "2012-06-30": -4.858, "2012-03-31": "2.58600", "2011-12-31": -0.14, "2011-09-30": 1.119, "2011-06-30": 0.287, "2011-03-31": "6.26900", "2010-12-31": -0.105, "2010-09-30": -30.865, "2010-06-30": -154.541, "2010-03-31": "1.77800", "2009-12-31": -0.439, "2009-09-30": 2.853, "2009-06-30": -68.034, "2008-12-31": 60.02}, "Net Cash Flow": {"2020-09-30": -16.923, "2020-06-30": -15.986, "2020-03-31": "-8.85800", "2019-12-31": 72.391, "2019-09-30": -21.515, "2019-06-30": 11.802, "2019-03-31": "-6.68600", "2018-12-31": -36.714, "2018-09-30": -253.019, "2018-06-30": 174.805, "2018-03-31": "-61.80800", "2017-12-31": -0.066, "2017-09-30": 55.28, "2017-06-30": 53.217, "2017-03-31": "-29.88700", "2016-12-31": 71.238, "2016-09-30": -52.576, "2016-06-30": 30.111, "2016-03-31": "-87.03800", "2015-12-31": 18.808, "2015-09-30": 89.011, "2015-06-30": -227.484, "2015-03-31": "-38.57500", "2014-12-31": 116.048, "2014-09-30": -18.997, "2014-06-30": 7.863, "2014-03-31": "-138.06100", "2013-12-31": 126.288, "2013-09-30": -22.377, "2013-06-30": -18.911, "2013-03-31": "-122.43100", "2012-12-31": 183.248, "2012-09-30": -6.471, "2012-06-30": -42.85, "2012-03-31": "-165.58900", "2011-12-31": 153.626, "2011-09-30": 3.212, "2011-06-30": -33.81, "2011-03-31": "-98.96100", "2010-12-31": 213.486, "2010-09-30": -62.691, "2010-06-30": -160.777, "2010-03-31": "-68.34400", "2009-12-31": 81.037, "2009-09-30": -23.407, "2009-06-30": 326.51, "2008-12-31": -194.32}, "Stock-Based Compensation": {"2020-09-30": 4.662, "2020-06-30": 4.375, "2020-03-31": "3.10200", "2019-12-31": 3.587, "2019-09-30": 2.787, "2019-06-30": 3.823, "2019-03-31": "2.52900", "2018-12-31": 3.364, "2018-09-30": 2.764, "2018-06-30": 1.294, "2018-03-31": "4.46100", "2017-12-31": 5.343, "2017-09-30": 2.781, "2017-06-30": 3.686, "2017-03-31": "3.41200", "2016-12-31": 6.998, "2016-09-30": 2.343, "2016-06-30": 3.561, "2016-03-31": "2.46900", "2015-12-31": 6.594, "2015-09-30": 2.661, "2015-06-30": 15.463, "2015-03-31": "6.98100", "2014-12-31": 11.675, "2014-09-30": 4.375, "2014-06-30": 2.777, "2014-03-31": "4.63400", "2013-12-31": 15.934, "2013-09-30": 3.996, "2013-06-30": 4.802, "2013-03-31": "4.27400", "2012-12-31": 18.242, "2012-09-30": 4.507, "2012-06-30": 5.065, "2012-03-31": "3.98300", "2011-12-31": 4.956, "2011-09-30": 3.276, "2011-06-30": 4.842, "2011-03-31": "4.85300", "2010-12-31": 16.308, "2010-09-30": 0, "2010-06-30": 0, "2010-03-31": "", "2009-12-31": 0, "2009-09-30": 0, "2009-06-30": 0, "2008-12-31": 0}, "Common Stock Dividends Paid": {"2020-09-30": -18.144, "2020-06-30": -18.168, "2020-03-31": "-18.59600", "2019-12-31": -16.207, "2019-09-30": -16.191, "2019-06-30": -16.179, "2019-03-31": "-16.79700", "2018-12-31": -15.807, "2018-09-30": -15.951, "2018-06-30": -16.116, "2018-03-31": "-15.94700", "2017-12-31": -10.971, "2017-09-30": -10.933, "2017-06-30": -11.154, "2017-03-31": "-8.98500", "2016-12-31": -8.949, "2016-09-30": -9.397, "2016-06-30": -9.51, "2016-03-31": "-9.51400", "2015-12-31": -6.374, "2015-09-30": -6.556, "2015-06-30": -10.767, "2015-03-31": "-10.78200", "2014-12-31": -10.67, "2014-09-30": -10.696, "2014-06-30": -11.004, "2014-03-31": "-11.09900", "2013-12-31": -10.929, "2013-09-30": -8.94, "2013-06-30": -8.997, "2013-03-31": "-9.14500", "2012-12-31": -9.485, "2012-09-30": 0, "2012-06-30": 0, "2012-03-31": "0.00000", "2011-12-31": 0, "2011-09-30": 0, "2011-06-30": 0, "2011-03-31": "", "2010-12-31": 0, "2010-09-30": 0, "2010-06-30": -100, "2010-03-31": "", "2009-12-31": 0, "2009-09-30": 0, "2009-06-30": 0, "2008-12-31": 0}}, "financial ratios": {"Current Ratio": {"2019-12-31": "1.55610", "2018-12-31": "1.43750", "2017-12-31": "1.65320", "2016-12-31": "1.57670", "2015-12-31": "1.82970", "2014-12-31": "1.79810", "2013-12-31": "1.55020", "2012-12-31": "1.40930", "2011-12-31": "1.28770", "2010-12-31": "1.23150", "2009-12-31": "1.05790", "2008-12-31": ""}, "Long-term Debt / Capital": {"2019-12-31": "0.66700", "2018-12-31": "0.76180", "2017-12-31": "0.62730", "2016-12-31": "0.76790", "2015-12-31": "0.49880", "2014-12-31": "0.21940", "2013-12-31": "0.00020", "2012-12-31": "0.00040", "2011-12-31": "0.00080", "2010-12-31": "0.00120", "2009-12-31": "0.72910", "2008-12-31": ""}, "Debt/Equity Ratio": {"2019-12-31": "2.03940", "2018-12-31": "3.25770", "2017-12-31": "1.78100", "2016-12-31": "3.49110", "2015-12-31": "1.04870", "2014-12-31": "0.29580", "2013-12-31": "0.00410", "2012-12-31": "0.00450", "2011-12-31": "0.00630", "2010-12-31": "0.00790", "2009-12-31": "2.74400", "2008-12-31": ""}, "Gross Margin": {"2019-12-31": "28.17340", "2018-12-31": "28.00250", "2017-12-31": "29.37390", "2016-12-31": "29.93950", "2015-12-31": "27.41680", "2014-12-31": "20.51390", "2013-12-31": "34.54350", "2012-12-31": "25.22220", "2011-12-31": "19.23710", "2010-12-31": "24.41470", "2009-12-31": "23.55820", "2008-12-31": "22.33580"}, "Operating Margin": {"2019-12-31": "17.17860", "2018-12-31": "16.94420", "2017-12-31": "17.31450", "2016-12-31": "15.11870", "2015-12-31": "14.54870", "2014-12-31": "1.73200", "2013-12-31": "19.84340", "2012-12-31": "10.53030", "2011-12-31": "3.24080", "2010-12-31": "9.25520", "2009-12-31": "9.44300", "2008-12-31": "13.07850"}, "EBIT Margin": {"2019-12-31": "18.70500", "2018-12-31": "18.63000", "2017-12-31": "18.12100", "2016-12-31": "16.15500", "2015-12-31": "15.49510", "2014-12-31": "4.01210", "2013-12-31": "23.05490", "2012-12-31": "12.55710", "2011-12-31": "5.90530", "2010-12-31": "12.01040", "2009-12-31": "11.37300", "2008-12-31": "14.60240"}, "EBITDA Margin": {"2019-12-31": "21.96220", "2018-12-31": "21.96900", "2017-12-31": "21.47210", "2016-12-31": "19.41530", "2015-12-31": "21.04920", "2014-12-31": "11.30550", "2013-12-31": "27.61470", "2012-12-31": "14.67460", "2011-12-31": "8.37820", "2010-12-31": "14.67450", "2009-12-31": "16.95510", "2008-12-31": "16.94810"}, "Pre-Tax Profit Margin": {"2019-12-31": "16.55700", "2018-12-31": "15.56460", "2017-12-31": "17.52520", "2016-12-31": "16.59180", "2015-12-31": "15.61710", "2014-12-31": "2.21530", "2013-12-31": "18.45990", "2012-12-31": "9.70470", "2011-12-31": "3.20110", "2010-12-31": "8.18980", "2009-12-31": "8.13770", "2008-12-31": "12.73300"}, "Net Profit Margin": {"2019-12-31": "12.88260", "2018-12-31": "12.60960", "2017-12-31": "8.75990", "2016-12-31": "11.80580", "2015-12-31": "9.28730", "2014-12-31": "2.02590", "2013-12-31": "22.37580", "2012-12-31": "6.91800", "2011-12-31": "2.65300", "2010-12-31": "5.20450", "2009-12-31": "5.17630", "2008-12-31": "9.52650"}, "Asset Turnover": {"2019-12-31": "0.99270", "2018-12-31": "1.08750", "2017-12-31": "0.98560", "2016-12-31": "0.98150", "2015-12-31": "1.02920", "2014-12-31": "0.50780", "2013-12-31": "0.59280", "2012-12-31": "1.15880", "2011-12-31": "1.05840", "2010-12-31": "1.07530", "2009-12-31": "1.09630", "2008-12-31": ""}, "Inventory Turnover Ratio": {"2019-12-31": "", "2018-12-31": "", "2017-12-31": "", "2016-12-31": "", "2015-12-31": "", "2014-12-31": "116.16300", "2013-12-31": "8.95460", "2012-12-31": "19.81360", "2011-12-31": "22.21990", "2010-12-31": "20.13580", "2009-12-31": "22.12130", "2008-12-31": ""}, "Receiveable Turnover": {"2019-12-31": "27.01360", "2018-12-31": "21.18810", "2017-12-31": "8.09150", "2016-12-31": "9.62070", "2015-12-31": "8.05330", "2014-12-31": "8.47130", "2013-12-31": "3.81140", "2012-12-31": "7.71460", "2011-12-31": "7.70090", "2010-12-31": "7.60400", "2009-12-31": "7.94830", "2008-12-31": ""}, "Days Sales In Receivables": {"2019-12-31": "13.51170", "2018-12-31": "17.22660", "2017-12-31": "45.10920", "2016-12-31": "37.93910", "2015-12-31": "45.32300", "2014-12-31": "43.08660", "2013-12-31": "95.76620", "2012-12-31": "47.31310", "2011-12-31": "47.39710", "2010-12-31": "48.00110", "2009-12-31": "45.92180", "2008-12-31": ""}, "ROE - Return On Equity": {"2019-12-31": "60.54680", "2018-12-31": "96.43790", "2017-12-31": "51.92000", "2016-12-31": "122.07440", "2015-12-31": "50.29740", "2014-12-31": "3.00180", "2013-12-31": "15.61470", "2012-12-31": "21.69250", "2011-12-31": "8.45750", "2010-12-31": "19.64940", "2009-12-31": "122.54570", "2008-12-31": ""}, "Return On Tangible Equity": {"2019-12-31": "-389.72430", "2018-12-31": "-85.11480", "2017-12-31": "-345.20320", "2016-12-31": "-104.84560", "2015-12-31": "266.01290", "2014-12-31": "3.88290", "2013-12-31": "22.53390", "2012-12-31": "34.29070", "2011-12-31": "12.63760", "2010-12-31": "31.56940", "2009-12-31": "-104.05160", "2008-12-31": ""}, "ROA - Return On Assets": {"2019-12-31": "12.81760", "2018-12-31": "13.73360", "2017-12-31": "8.66450", "2016-12-31": "11.62240", "2015-12-31": "10.22610", "2014-12-31": "1.06560", "2013-12-31": "7.07940", "2012-12-31": "7.65950", "2011-12-31": "2.53190", "2010-12-31": "5.60700", "2009-12-31": "5.68080", "2008-12-31": ""}, "ROI - Return On Investment": {"2019-12-31": "20.16200", "2018-12-31": "22.97590", "2017-12-31": "19.34820", "2016-12-31": "28.32930", "2015-12-31": "25.21070", "2014-12-31": "2.34330", "2013-12-31": "15.61180", "2012-12-31": "21.68320", "2011-12-31": "8.45110", "2010-12-31": "19.62580", "2009-12-31": "33.20340", "2008-12-31": ""}, "Book Value Per Share": {"2019-12-31": "4.23980", "2018-12-31": "2.47460", "2017-12-31": "2.87430", "2016-12-31": "1.51480", "2015-12-31": "2.65570", "2014-12-31": "9.50610", "2013-12-31": "10.70850", "2012-12-31": "8.70310", "2011-12-31": "7.06960", "2010-12-31": "6.10570", "2009-12-31": "", "2008-12-31": ""}, "Operating Cash Flow Per Share": {"2019-12-31": 1.2232, "2018-12-31": -0.5188, "2017-12-31": -0.0989, "2016-12-31": -0.805, "2015-12-31": 2.3735, "2014-12-31": -0.4818, "2013-12-31": -0.3301, "2012-12-31": 0.0876, "2011-12-31": -0.1696, "2010-12-31": -0.5174, "2009-12-31": 1.6414, "2008-12-31": 0.5117}, "Free Cash Flow Per Share": {"2019-12-31": 0.4156, "2018-12-31": -0.6468, "2017-12-31": -0.5573, "2016-12-31": -0.6767, "2015-12-31": 2.4375, "2014-12-31": -0.6046, "2013-12-31": -0.1785, "2012-12-31": -0.1008, "2011-12-31": -0.168, "2010-12-31": -0.2603, "2009-12-31": 1.3798, "2008-12-31": -0.0249}}, "financial ratios, quarterly": {"Current Ratio": {"2020-09-30": "1.85490", "2020-06-30": "1.66240", "2020-03-31": "2.00210", "2019-12-31": "1.55610", "2019-09-30": "1.86210", "2019-06-30": "1.86240", "2019-03-31": "1.77300", "2018-12-31": "1.43750", "2018-09-30": "1.90380", "2018-06-30": "2.87910", "2018-03-31": "2.14900", "2017-12-31": "1.65320", "2017-09-30": "1.80680", "2017-06-30": "1.89820", "2017-03-31": "1.94410", "2016-12-31": "1.57670", "2016-09-30": "1.61890", "2016-06-30": "1.71550", "2016-03-31": "1.70130", "2015-12-31": "1.82970", "2015-09-30": "1.86580", "2015-06-30": "1.82240", "2015-03-31": "1.93640", "2014-12-31": "1.79810", "2014-09-30": "1.92920", "2014-06-30": "1.91130", "2014-03-31": "1.65630", "2013-12-31": "1.55020", "2013-09-30": "1.44200", "2013-06-30": "1.39670", "2013-03-31": "1.42660", "2012-12-31": "1.40930", "2012-09-30": "1.46530", "2012-06-30": "1.34530", "2012-03-31": "1.31090", "2011-12-31": "1.28770", "2011-09-30": "1.29240", "2011-06-30": "1.23570", "2011-03-31": "1.26670", "2010-12-31": "1.23150", "2010-09-30": "1.13210", "2010-06-30": "1.10410", "2010-03-31": "", "2009-12-31": "", "2009-09-30": "", "2009-06-30": "", "2008-12-31": ""}, "Long-term Debt / Capital": {"2020-09-30": "0.62120", "2020-06-30": "0.63200", "2020-03-31": "0.67970", "2019-12-31": "0.66700", "2019-09-30": "0.70560", "2019-06-30": "0.74420", "2019-03-31": "0.77900", "2018-12-31": "0.76180", "2018-09-30": "0.65840", "2018-06-30": "0.63180", "2018-03-31": "0.57720", "2017-12-31": "0.62730", "2017-09-30": "0.61340", "2017-06-30": "0.64930", "2017-03-31": "0.72480", "2016-12-31": "0.76790", "2016-09-30": "0.78100", "2016-06-30": "0.48140", "2016-03-31": "0.50640", "2015-12-31": "0.49880", "2015-09-30": "0.46560", "2015-06-30": "0.55110", "2015-03-31": "0.21180", "2014-12-31": "0.21940", "2014-09-30": "0.20770", "2014-06-30": "0.18610", "2014-03-31": "0.01240", "2013-12-31": "0.00020", "2013-09-30": "0.00030", "2013-06-30": "0.00030", "2013-03-31": "0.00040", "2012-12-31": "0.00040", "2012-09-30": "0.00040", "2012-06-30": "0.00050", "2012-03-31": "0.00070", "2011-12-31": "0.00080", "2011-09-30": "0.00080", "2011-06-30": "0.00100", "2011-03-31": "0.00110", "2010-12-31": "0.00120", "2010-09-30": "0.00140", "2010-06-30": "0.00160", "2010-03-31": "", "2009-12-31": "", "2009-09-30": "", "2009-06-30": "", "2008-12-31": ""}, "Debt/Equity Ratio": {"2020-09-30": "1.64010", "2020-06-30": "1.71710", "2020-03-31": "2.15420", "2019-12-31": "2.03940", "2019-09-30": "2.43740", "2019-06-30": "2.95900", "2019-03-31": "3.58370", "2018-12-31": "3.25770", "2018-09-30": "1.96490", "2018-06-30": "1.75310", "2018-03-31": "1.44550", "2017-12-31": "1.78100", "2017-09-30": "1.67750", "2017-06-30": "1.95580", "2017-03-31": "2.76630", "2016-12-31": "3.49110", "2016-09-30": "3.74110", "2016-06-30": "0.97970", "2016-03-31": "1.08210", "2015-12-31": "1.04870", "2015-09-30": "0.90500", "2015-06-30": "1.28640", "2015-03-31": "0.28600", "2014-12-31": "0.29580", "2014-09-30": "0.26990", "2014-06-30": "0.23530", "2014-03-31": "0.01680", "2013-12-31": "0.00410", "2013-09-30": "0.00490", "2013-06-30": "0.00510", "2013-03-31": "0.00450", "2012-12-31": "0.00450", "2012-09-30": "0.00300", "2012-06-30": "0.00520", "2012-03-31": "0.00580", "2011-12-31": "0.00630", "2011-09-30": "0.00600", "2011-06-30": "0.00500", "2011-03-31": "0.00650", "2010-12-31": "0.00790", "2010-09-30": "0.01180", "2010-06-30": "0.01450", "2010-03-31": "", "2009-12-31": "", "2009-09-30": "", "2009-06-30": "", "2008-12-31": ""}, "Gross Margin": {"2020-09-30": "28.10180", "2020-06-30": "27.15180", "2020-03-31": "27.62130", "2019-12-31": "27.84500", "2019-09-30": "29.30200", "2019-06-30": "28.26810", "2019-03-31": "27.09040", "2018-12-31": "32.21960", "2018-09-30": "23.31170", "2018-06-30": "27.50200", "2018-03-31": "28.43920", "2017-12-31": "28.36160", "2017-09-30": "27.92180", "2017-06-30": "32.11010", "2017-03-31": "29.19300", "2016-12-31": "25.40010", "2016-09-30": "28.54530", "2016-06-30": "34.12330", "2016-03-31": "31.80040", "2015-12-31": "17.63680", "2015-09-30": "30.20090", "2015-06-30": "30.14150", "2015-03-31": "32.14650", "2014-12-31": "-69.34760", "2014-09-30": "28.08490", "2014-06-30": "28.87520", "2014-03-31": "24.12480", "2013-12-31": "5.21760", "2013-09-30": "25.35250", "2013-06-30": "22.58040", "2013-03-31": "23.05940", "2012-12-31": "22.11980", "2012-09-30": "25.22460", "2012-06-30": "27.33310", "2012-03-31": "26.37500", "2011-12-31": "13.09260", "2011-09-30": "24.30110", "2011-06-30": "21.87950", "2011-03-31": "18.29530", "2010-12-31": "24.29970", "2010-09-30": "25.95960", "2010-06-30": "27.06670", "2010-03-31": "20.30470", "2009-12-31": "", "2009-09-30": "20.83120", "2009-06-30": "24.39390", "2008-12-31": ""}, "Operating Margin": {"2020-09-30": "17.07520", "2020-06-30": "16.33910", "2020-03-31": "18.12350", "2019-12-31": "16.53520", "2019-09-30": "19.45890", "2019-06-30": "17.09030", "2019-03-31": "15.28240", "2018-12-31": "21.57860", "2018-09-30": "11.84350", "2018-06-30": "16.30110", "2018-03-31": "17.46330", "2017-12-31": "14.81990", "2017-09-30": "15.92360", "2017-06-30": "20.83550", "2017-03-31": "17.81100", "2016-12-31": "10.15110", "2016-09-30": "16.43270", "2016-06-30": "21.98360", "2016-03-31": "11.67930", "2015-12-31": "2.63980", "2015-09-30": "36.48380", "2015-06-30": "3.24390", "2015-03-31": "16.03140", "2014-12-31": "-102.19710", "2014-09-30": "10.29520", "2014-06-30": "7.57460", "2014-03-31": "8.10250", "2013-12-31": "-7.16200", "2013-09-30": "10.59850", "2013-06-30": "11.13890", "2013-03-31": "7.47590", "2012-12-31": "7.59200", "2012-09-30": "10.45090", "2012-06-30": "12.91090", "2012-03-31": "11.28360", "2011-12-31": "-5.87400", "2011-09-30": "8.13300", "2011-06-30": "8.40790", "2011-03-31": "3.16820", "2010-12-31": "8.42030", "2010-09-30": "10.28460", "2010-06-30": "12.44090", "2010-03-31": "5.84940", "2009-12-31": "", "2009-09-30": "7.10600", "2009-06-30": "12.37140", "2008-12-31": ""}, "EBIT Margin": {"2020-09-30": "18.66610", "2020-06-30": "17.31290", "2020-03-31": "19.24170", "2019-12-31": "17.83320", "2019-09-30": "21.01500", "2019-06-30": "18.54650", "2019-03-31": "17.12700", "2018-12-31": "23.17790", "2018-09-30": "14.03450", "2018-06-30": "17.71940", "2018-03-31": "19.02620", "2017-12-31": "15.46620", "2017-09-30": "16.78920", "2017-06-30": "21.64700", "2017-03-31": "18.71590", "2016-12-31": "10.84930", "2016-09-30": "17.75230", "2016-06-30": "23.15360", "2016-03-31": "12.64770", "2015-12-31": "3.29040", "2015-09-30": "38.12580", "2015-06-30": "4.16290", "2015-03-31": "16.58340", "2014-12-31": "-101.51210", "2014-09-30": "11.61400", "2014-06-30": "11.09170", "2014-03-31": "10.40900", "2013-12-31": "-6.94000", "2013-09-30": "12.94110", "2013-06-30": "13.25770", "2013-03-31": "9.31190", "2012-12-31": "9.68590", "2012-09-30": "12.25210", "2012-06-30": "14.86810", "2012-03-31": "13.54980", "2011-12-31": "-3.11030", "2011-09-30": "11.35250", "2011-06-30": "10.85100", "2011-03-31": "5.39030", "2010-12-31": "12.05670", "2010-09-30": "12.96900", "2010-06-30": "14.97320", "2010-03-31": "7.96590", "2009-12-31": "", "2009-09-30": "9.20870", "2009-06-30": "13.75830", "2008-12-31": ""}, "EBITDA Margin": {"2020-09-30": "", "2020-06-30": "", "2020-03-31": "", "2019-12-31": "", "2019-09-30": "", "2019-06-30": "", "2019-03-31": "", "2018-12-31": "", "2018-09-30": "", "2018-06-30": "", "2018-03-31": "", "2017-12-31": "", "2017-09-30": "", "2017-06-30": "", "2017-03-31": "", "2016-12-31": "", "2016-09-30": "", "2016-06-30": "", "2016-03-31": "", "2015-12-31": "", "2015-09-30": "", "2015-06-30": "", "2015-03-31": "", "2014-12-31": "", "2014-09-30": "", "2014-06-30": "", "2014-03-31": "", "2013-12-31": "", "2013-09-30": "", "2013-06-30": "", "2013-03-31": "", "2012-12-31": "", "2012-09-30": "", "2012-06-30": "", "2012-03-31": "", "2011-12-31": "", "2011-09-30": "", "2011-06-30": "", "2011-03-31": "", "2010-12-31": "", "2010-09-30": "", "2010-06-30": "", "2010-03-31": "", "2009-12-31": "", "2009-09-30": "", "2009-06-30": "", "2008-12-31": ""}, "Pre-Tax Profit Margin": {"2020-09-30": "17.67380", "2020-06-30": "16.66540", "2020-03-31": "18.15690", "2019-12-31": "15.68630", "2019-09-30": "18.67710", "2019-06-30": "16.49590", "2019-03-31": "15.09820", "2018-12-31": "6.55710", "2018-09-30": "19.87250", "2018-06-30": "18.05040", "2018-03-31": "18.58420", "2017-12-31": "13.09490", "2017-09-30": "16.83380", "2017-06-30": "21.58040", "2017-03-31": "18.76990", "2016-12-31": "10.77160", "2016-09-30": "15.98930", "2016-06-30": "21.86030", "2016-03-31": "17.85070", "2015-12-31": "1.15710", "2015-09-30": "44.04180", "2015-06-30": "2.40110", "2015-03-31": "14.95800", "2014-12-31": "-112.73990", "2014-09-30": "15.00120", "2014-06-30": "7.47780", "2014-03-31": "8.22970", "2013-12-31": "-4.75110", "2013-09-30": "10.51030", "2013-06-30": "11.19980", "2013-03-31": "7.59020", "2012-12-31": "7.41320", "2012-09-30": "6.99800", "2012-06-30": "13.34680", "2012-03-31": "11.09350", "2011-12-31": "-6.34860", "2011-09-30": "8.44180", "2011-06-30": "8.86420", "2011-03-31": "2.73570", "2010-12-31": "7.75040", "2010-09-30": "9.18950", "2010-06-30": "11.22670", "2010-03-31": "4.54600", "2009-12-31": "", "2009-09-30": "5.85800", "2009-06-30": "10.52280", "2008-12-31": ""}, "Net Profit Margin": {"2020-09-30": "14.07470", "2020-06-30": "12.73650", "2020-03-31": "13.92440", "2019-12-31": "12.25950", "2019-09-30": "14.78460", "2019-06-30": "12.49450", "2019-03-31": "11.76070", "2018-12-31": "4.58890", "2018-09-30": "18.31200", "2018-06-30": "13.82090", "2018-03-31": "14.52380", "2017-12-31": "-3.64790", "2017-09-30": "11.10100", "2017-06-30": "14.94180", "2017-03-31": "13.01150", "2016-12-31": "8.41680", "2016-09-30": "10.81990", "2016-06-30": "14.50660", "2016-03-31": "13.60400", "2015-12-31": "-0.14150", "2015-09-30": "28.93560", "2015-06-30": "-4.80130", "2015-03-31": "13.49000", "2014-12-31": "-116.39830", "2014-09-30": "18.14540", "2014-06-30": "7.29320", "2014-03-31": "6.80410", "2013-12-31": "-18.00400", "2013-09-30": "7.80120", "2013-06-30": "8.22330", "2013-03-31": "5.85700", "2012-12-31": "4.51530", "2012-09-30": "6.37000", "2012-06-30": "9.05830", "2012-03-31": "7.82760", "2011-12-31": "-3.37950", "2011-09-30": "6.45300", "2011-06-30": "6.14190", "2011-03-31": "1.95440", "2010-12-31": "5.61130", "2010-09-30": "5.67150", "2010-06-30": "6.91940", "2010-03-31": "2.54280", "2009-12-31": "", "2009-09-30": "4.05010", "2009-06-30": "6.61370", "2008-12-31": ""}, "Asset Turnover": {"2020-09-30": "0.24470", "2020-06-30": "0.25590", "2020-03-31": "0.27570", "2019-12-31": "0.26260", "2019-09-30": "0.27700", "2019-06-30": "0.26830", "2019-03-31": "0.24260", "2018-12-31": "0.28880", "2018-09-30": "0.24510", "2018-06-30": "0.25190", "2018-03-31": "0.29710", "2017-12-31": "0.25120", "2017-09-30": "0.24330", "2017-06-30": "0.25240", "2017-03-31": "0.26470", "2016-12-31": "0.25560", "2016-09-30": "0.27800", "2016-06-30": "0.28710", "2016-03-31": "0.26710", "2015-12-31": "0.26460", "2015-09-30": "0.25450", "2015-06-30": "0.26710", "2015-03-31": "0.12020", "2014-12-31": "0.03110", "2014-09-30": "0.12700", "2014-06-30": "0.13800", "2014-03-31": "0.26480", "2013-12-31": "-0.35250", "2013-09-30": "0.28280", "2013-06-30": "0.32520", "2013-03-31": "0.29290", "2012-12-31": "0.30460", "2012-09-30": "0.28800", "2012-06-30": "0.30660", "2012-03-31": "0.27990", "2011-12-31": "0.28710", "2011-09-30": "0.27800", "2011-06-30": "0.29180", "2011-03-31": "0.27520", "2010-12-31": "0.28200", "2010-09-30": "0.26480", "2010-06-30": "0.28620", "2010-03-31": "", "2009-12-31": "", "2009-09-30": "", "2009-06-30": "", "2008-12-31": ""}, "Inventory Turnover Ratio": {"2020-09-30": "", "2020-06-30": "", "2020-03-31": "", "2019-12-31": "", "2019-09-30": "", "2019-06-30": "", "2019-03-31": "", "2018-12-31": "", "2018-09-30": "", "2018-06-30": "", "2018-03-31": "", "2017-12-31": "", "2017-09-30": "", "2017-06-30": "", "2017-03-31": "", "2016-12-31": "", "2016-09-30": "", "2016-06-30": "", "2016-03-31": "", "2015-12-31": "", "2015-09-30": "22.84030", "2015-06-30": "21.91580", "2015-03-31": "2.07590", "2014-12-31": "15.14220", "2014-09-30": "2.08190", "2014-06-30": "2.28220", "2014-03-31": "4.58540", "2013-12-31": "-7.71060", "2013-09-30": "5.07830", "2013-06-30": "6.14830", "2013-03-31": "5.29140", "2012-12-31": "5.42510", "2012-09-30": "4.58180", "2012-06-30": "5.36370", "2012-03-31": "4.94530", "2011-12-31": "6.48610", "2011-09-30": "4.94740", "2011-06-30": "5.59370", "2011-03-31": "5.63710", "2010-12-31": "5.28880", "2010-09-30": "4.63070", "2010-06-30": "5.13110", "2010-03-31": "", "2009-12-31": "", "2009-09-30": "", "2009-06-30": "", "2008-12-31": ""}, "Receiveable Turnover": {"2020-09-30": "4.52470", "2020-06-30": "6.78790", "2020-03-31": "7.29330", "2019-12-31": "7.14550", "2019-09-30": "5.60010", "2019-06-30": "5.49180", "2019-03-31": "5.38800", "2018-12-31": "5.62690", "2018-09-30": "1.76740", "2018-06-30": "2.03550", "2018-03-31": "2.51070", "2017-12-31": "2.06220", "2017-09-30": "2.39850", "2017-06-30": "2.62000", "2017-03-31": "1.97340", "2016-12-31": "2.50580", "2016-09-30": "2.09610", "2016-06-30": "2.57390", "2016-03-31": "1.92400", "2015-12-31": "2.07050", "2015-09-30": "1.73150", "2015-06-30": "2.24920", "2015-03-31": "0.73510", "2014-12-31": "0.51830", "2014-09-30": "0.68720", "2014-06-30": "0.81260", "2014-03-31": "1.67560", "2013-12-31": "-2.26640", "2013-09-30": "1.61650", "2013-06-30": "1.88900", "2013-03-31": "1.80340", "2012-12-31": "2.02820", "2012-09-30": "1.85240", "2012-06-30": "2.05680", "2012-03-31": "1.88780", "2011-12-31": "2.08900", "2011-09-30": "1.69730", "2011-06-30": "1.75250", "2011-03-31": "1.81980", "2010-12-31": "1.99420", "2010-09-30": "1.59080", "2010-06-30": "1.84110", "2010-03-31": "", "2009-12-31": "", "2009-09-30": "", "2009-06-30": "", "2008-12-31": ""}, "Days Sales In Receivables": {"2020-09-30": "19.89090", "2020-06-30": "13.25880", "2020-03-31": "12.34000", "2019-12-31": "12.59540", "2019-09-30": "16.07120", "2019-06-30": "16.38820", "2019-03-31": "16.70380", "2018-12-31": "15.99450", "2018-09-30": "50.92330", "2018-06-30": "44.21480", "2018-03-31": "35.84710", "2017-12-31": "43.64270", "2017-09-30": "37.52400", "2017-06-30": "34.35050", "2017-03-31": "45.60620", "2016-12-31": "35.91690", "2016-09-30": "42.93760", "2016-06-30": "34.96630", "2016-03-31": "46.77870", "2015-12-31": "43.46700", "2015-09-30": "51.97720", "2015-06-30": "40.01470", "2015-03-31": "122.43430", "2014-12-31": "173.64400", "2014-09-30": "130.97130", "2014-06-30": "110.75610", "2014-03-31": "53.71350", "2013-12-31": "-39.70980", "2013-09-30": "55.67720", "2013-06-30": "47.64340", "2013-03-31": "49.90510", "2012-12-31": "44.37530", "2012-09-30": "48.58550", "2012-06-30": "43.75710", "2012-03-31": "47.67510", "2011-12-31": "43.08290", "2011-09-30": "53.02620", "2011-06-30": "51.35450", "2011-03-31": "49.45730", "2010-12-31": "45.13070", "2010-09-30": "56.57390", "2010-06-30": "48.88330", "2010-03-31": "", "2009-12-31": "", "2009-09-30": "", "2009-06-30": "", "2008-12-31": ""}, "ROE - Return On Equity": {"2020-09-30": "13.30630", "2020-06-30": "13.37320", "2020-03-31": "17.60600", "2019-12-31": "15.23560", "2019-09-30": "21.15400", "2019-06-30": "20.05790", "2019-03-31": "20.22040", "2018-12-31": "9.36820", "2018-09-30": "19.89220", "2018-06-30": "15.64030", "2018-03-31": "19.23620", "2017-12-31": "-5.43610", "2017-09-30": "15.14820", "2017-06-30": "23.23870", "2017-03-31": "27.05180", "2016-12-31": "22.72060", "2016-09-30": "34.73310", "2016-06-30": "20.00270", "2016-03-31": "18.56480", "2015-12-31": "0.20850", "2015-09-30": "32.13070", "2015-06-30": "-0.15870", "2015-03-31": "3.24430", "2014-12-31": "-6.86780", "2014-09-30": "3.48730", "2014-06-30": "1.68770", "2014-03-31": "3.43770", "2013-12-31": "1.10870", "2013-09-30": "5.47990", "2013-06-30": "7.05940", "2013-03-31": "4.55290", "2012-12-31": "3.67890", "2012-09-30": "4.65570", "2012-06-30": "7.56970", "2012-03-31": "6.27850", "2011-12-31": "-3.50850", "2011-09-30": "4.50880", "2011-06-30": "5.57140", "2011-03-31": "1.79760", "2010-12-31": "5.56550", "2010-09-30": "5.16140", "2010-06-30": "8.15440", "2010-03-31": "", "2009-12-31": "", "2009-09-30": "", "2009-06-30": "", "2008-12-31": ""}, "Return On Tangible Equity": {"2020-09-30": "86.02480", "2020-06-30": "310.41710", "2020-03-31": "-272.41700", "2019-12-31": "-98.06780", "2019-09-30": "-65.86690", "2019-06-30": "-32.85040", "2019-03-31": "-21.64910", "2018-12-31": "-8.26830", "2018-09-30": "-61.71170", "2018-06-30": "87.05880", "2018-03-31": "308.42400", "2017-12-31": "36.14320", "2017-09-30": "-206.15880", "2017-06-30": "-96.52230", "2017-03-31": "-47.07800", "2016-12-31": "-19.51390", "2016-09-30": "-38.52420", "2016-06-30": "88.16950", "2016-03-31": "120.31050", "2015-12-31": "1.10260", "2015-09-30": "102.37610", "2015-06-30": "-1.44380", "2015-03-31": "6.01290", "2014-12-31": "-8.88360", "2014-09-30": "6.30890", "2014-06-30": "3.09340", "2014-03-31": "4.92650", "2013-12-31": "1.60000", "2013-09-30": "8.42300", "2013-06-30": "11.21190", "2013-03-31": "7.26160", "2012-12-31": "5.81540", "2012-09-30": "6.33260", "2012-06-30": "10.56990", "2012-03-31": "9.02790", "2011-12-31": "-5.24250", "2011-09-30": "6.48710", "2011-06-30": "8.28030", "2011-03-31": "2.79340", "2010-12-31": "8.94170", "2010-09-30": "8.54710", "2010-06-30": "15.63300", "2010-03-31": "", "2009-12-31": "", "2009-09-30": "", "2009-06-30": "", "2008-12-31": ""}, "ROA - Return On Assets": {"2020-09-30": "3.44560", "2020-06-30": "3.26660", "2020-03-31": "3.84520", "2019-12-31": "3.22530", "2019-09-30": "4.10630", "2019-06-30": "3.35900", "2019-03-31": "2.86060", "2018-12-31": "1.33410", "2018-09-30": "4.49830", "2018-06-30": "3.48550", "2018-03-31": "4.31380", "2017-12-31": "-0.90720", "2017-09-30": "2.70920", "2017-06-30": "3.78030", "2017-03-31": "3.44800", "2016-12-31": "2.16320", "2016-09-30": "3.01850", "2016-06-30": "4.17440", "2016-03-31": "3.64160", "2015-12-31": "0.04240", "2015-09-30": "7.54990", "2015-06-30": "-0.03040", "2015-03-31": "1.21650", "2014-12-31": "-2.43800", "2014-09-30": "1.49630", "2014-06-30": "0.73070", "2014-03-31": "1.64640", "2013-12-31": "0.50270", "2013-09-30": "2.08130", "2013-06-30": "2.55750", "2013-03-31": "1.63220", "2012-12-31": "1.29900", "2012-09-30": "1.75680", "2012-06-30": "2.67280", "2012-03-31": "2.08550", "2011-12-31": "-1.05030", "2011-09-30": "1.56780", "2011-06-30": "1.79730", "2011-03-31": "0.54400", "2010-12-31": "1.58810", "2010-09-30": "1.50320", "2010-06-30": "1.98320", "2010-03-31": "", "2009-12-31": "", "2009-09-30": "", "2009-06-30": "", "2008-12-31": ""}, "ROI - Return On Investment": {"2020-09-30": "5.04000", "2020-06-30": "4.92190", "2020-03-31": "5.63980", "2019-12-31": "5.07340", "2019-09-30": "6.22840", "2019-06-30": "5.13120", "2019-03-31": "4.46910", "2018-12-31": "2.23190", "2018-09-30": "6.79530", "2018-06-30": "5.75940", "2018-03-31": "8.13270", "2017-12-31": "-2.02580", "2017-09-30": "5.85590", "2017-06-30": "8.15000", "2017-03-31": "7.44590", "2016-12-31": "5.27270", "2016-09-30": "7.60490", "2016-06-30": "10.37260", "2016-03-31": "9.16290", "2015-12-31": "0.10450", "2015-09-30": "17.17220", "2015-06-30": "-0.07120", "2015-03-31": "2.55730", "2014-12-31": "-5.36120", "2014-09-30": "2.76310", "2014-06-30": "1.37350", "2014-03-31": "3.39520", "2013-12-31": "1.10850", "2013-09-30": "5.47840", "2013-06-30": "7.05710", "2013-03-31": "4.55130", "2012-12-31": "3.67730", "2012-09-30": "4.65360", "2012-06-30": "7.56580", "2012-03-31": "6.27440", "2011-12-31": "-3.50580", "2011-09-30": "4.50520", "2011-06-30": "5.56600", "2011-03-31": "1.79560", "2010-12-31": "5.55880", "2010-09-30": "5.15430", "2010-06-30": "8.14120", "2010-03-31": "", "2009-12-31": "", "2009-09-30": "", "2009-06-30": "", "2008-12-31": ""}, "Book Value Per Share": {"2020-09-30": "5.77170", "2020-06-30": "5.05340", "2020-03-31": "4.51030", "2019-12-31": "4.23980", "2019-09-30": "3.72210", "2019-06-30": "3.09080", "2019-03-31": "2.55290", "2018-12-31": "2.47460", "2018-09-30": "3.97570", "2018-06-30": "3.89520", "2018-03-31": "3.46410", "2017-12-31": "2.87430", "2017-09-30": "3.10240", "2017-06-30": "2.66210", "2017-03-31": "2.08260", "2016-12-31": "1.51480", "2016-09-30": "1.19560", "2016-06-30": "2.82600", "2016-03-31": "2.57180", "2015-12-31": "2.65570", "2015-09-30": "3.10290", "2015-06-30": "2.38770", "2015-03-31": "9.78980", "2014-12-31": "9.50610", "2014-09-30": "10.70310", "2014-06-30": "10.57080", "2014-03-31": "10.84290", "2013-12-31": "10.70850", "2013-09-30": "9.38960", "2013-06-30": "8.88820", "2013-03-31": "8.69520", "2012-12-31": "8.70310", "2012-09-30": "8.89460", "2012-06-30": "8.26990", "2012-03-31": "7.66650", "2011-12-31": "7.06960", "2011-09-30": "7.50800", "2011-06-30": "7.06630", "2011-03-31": "6.47020", "2010-12-31": "6.10570", "2010-09-30": "5.96660", "2010-06-30": "5.03420", "2010-03-31": "", "2009-12-31": "", "2009-09-30": "", "2009-06-30": "", "2008-12-31": ""}, "Operating Cash Flow Per Share": {"2020-09-30": -0.0804, "2020-06-30": 1.6947, "2020-03-31": "-0.06730", "2019-12-31": 1.966, "2019-09-30": 0.4579, "2019-06-30": 0.6769, "2019-03-31": "-0.18500", "2018-12-31": 1.7767, "2018-09-30": -0.2562, "2018-06-30": 0.3572, "2018-03-31": "-0.18510", "2017-12-31": 0.7669, "2017-09-30": 0.8044, "2017-06-30": 1.1831, "2017-03-31": "-0.54300", "2016-12-31": 1.421, "2016-09-30": 0.1937, "2016-06-30": 0.8165, "2016-03-31": "-0.12090", "2015-12-31": 0.9074, "2015-09-30": 1.4305, "2015-06-30": 0.7303, "2015-03-31": "0.04710", "2014-12-31": 1.5347, "2014-09-30": 0.1852, "2014-06-30": 0.0456, "2014-03-31": "-1.02370", "2013-12-31": 1.2775, "2013-09-30": -0.1584, "2013-06-30": 0.3339, "2013-03-31": "-0.22940", "2012-12-31": 2.217, "2012-09-30": -0.0371, "2012-06-30": 0.2423, "2012-03-31": "-0.86850", "2011-12-31": 1.8512, "2011-09-30": 0.0513, "2011-06-30": 0.2551, "2011-03-31": "-0.69150", "2010-12-31": 1.9631, "2010-09-30": 0.1544, "2010-06-30": -0.094, "2010-03-31": "-0.38780", "2009-12-31": -1.2464, "2009-09-30": 1.2464, "2009-06-30": 0, "2008-12-31": 0}, "Free Cash Flow Per Share": {"2020-09-30": -0.7529, "2020-06-30": 1.1636, "2020-03-31": "-0.74370", "2019-12-31": 1.3451, "2019-09-30": -0.0308, "2019-06-30": 0.3503, "2019-03-31": "-0.64960", "2018-12-31": 1.2858, "2018-09-30": -0.5208, "2018-06-30": 0.1949, "2018-03-31": "-0.36050", "2017-12-31": 0.294, "2017-09-30": 0.5992, "2017-06-30": 1.0322, "2017-03-31": "-0.67920", "2016-12-31": 1.211, "2016-09-30": 0.073, "2016-06-30": 0.7357, "2016-03-31": "-0.21620", "2015-12-31": 0.7548, "2015-09-30": 1.327, "2015-06-30": 0.5506, "2015-03-31": "-0.15220", "2014-12-31": 1.3557, "2014-09-30": 0.0085, "2014-06-30": -0.1065, "2014-03-31": "-1.21500", "2013-12-31": 1.1065, "2013-09-30": -0.267, "2013-06-30": 0.201, "2013-03-31": "-0.39320", "2012-12-31": 1.9812, "2012-09-30": -0.1808, "2012-06-30": 0.0743, "2012-03-31": "-1.04890", "2011-12-31": 1.6827, "2011-09-30": -0.0477, "2011-06-30": 0.1591, "2011-03-31": "-0.86750", "2010-12-31": 1.8366, "2010-09-30": 0.0096, "2010-06-30": -0.2041, "2010-03-31": "-0.54750", "2009-12-31": -0.6787, "2009-09-30": 0.6787, "2009-06-30": 0, "2008-12-31": 0}}, "revenue": {"BWX Technologies Annual Revenue (Millions of US $)": {"2019": "$1,895", "2018": "$1,800", "2017": "$1,688", "2016": "$1,551", "2015": "$1,416", "2014": "$1,451", "2013": "$1,547", "2012": "$3,291", "2011": "$2,952", "2010": "$2,689", "2009": "$2,855", "2008": "$3,399"}, "BWX Technologies Quarterly Revenue (Millions of US $)": {"2020-09-30": "$520", "2020-06-30": "$505", "2020-03-31": "$542", "2019-12-31": "$501", "2019-09-30": "$506", "2019-06-30": "$471", "2019-03-31": "$416", "2018-12-31": "$478", "2018-09-30": "$426", "2018-06-30": "$439", "2018-03-31": "$457", "2017-12-31": "$430", "2017-09-30": "$419", "2017-06-30": "$410", "2017-03-31": "$428", "2016-12-31": "$404", "2016-09-30": "$380", "2016-06-30": "$402", "2016-03-31": "$365", "2015-12-31": "$364", "2015-09-30": "$359", "2015-06-30": "$357", "2015-03-31": "$335", "2014-12-31": "$89", "2014-09-30": "$337", "2014-06-30": "$362", "2014-03-31": "$662", "2013-12-31": "$-920", "2013-09-30": "$775", "2013-06-30": "$886", "2013-03-31": "$805", "2012-12-31": "$865", "2012-09-30": "$808", "2012-06-30": "$853", "2012-03-31": "$766", "2011-12-31": "$801", "2011-09-30": "$708", "2011-06-30": "$752", "2011-03-31": "$691", "2010-12-31": "$705", "2010-09-30": "$633", "2010-06-30": "$688", "2010-03-31": "$662", "2009-12-31": "", "2009-09-30": "$649", "2009-06-30": "$732", "2008-12-31": ""}}, "gross-profit": {"BWX Technologies Annual Gross Profit (Millions of US $)": {"2019": "$534", "2018": "$504", "2017": "$496", "2016": "$464", "2015": "$388", "2014": "$298", "2013": "$534", "2012": "$830", "2011": "$568", "2010": "$656", "2009": "$673", "2008": "$759"}, "BWX Technologies Quarterly Gross Profit (Millions of US $)": {"2020-09-30": "$146", "2020-06-30": "$137", "2020-03-31": "$150", "2019-12-31": "$140", "2019-09-30": "$148", "2019-06-30": "$133", "2019-03-31": "$113", "2018-12-31": "$154", "2018-09-30": "$99", "2018-06-30": "$121", "2018-03-31": "$130", "2017-12-31": "$122", "2017-09-30": "$117", "2017-06-30": "$132", "2017-03-31": "$125", "2016-12-31": "$103", "2016-09-30": "$108", "2016-06-30": "$137", "2016-03-31": "$116", "2015-12-31": "$64", "2015-09-30": "$108", "2015-06-30": "$108", "2015-03-31": "$108", "2014-12-31": "$-62", "2014-09-30": "$95", "2014-06-30": "$105", "2014-03-31": "$160", "2013-12-31": "$-48", "2013-09-30": "$196", "2013-06-30": "$200", "2013-03-31": "$186", "2012-12-31": "$191", "2012-09-30": "$204", "2012-06-30": "$233", "2012-03-31": "$202", "2011-12-31": "$105", "2011-09-30": "$172", "2011-06-30": "$165", "2011-03-31": "$126", "2010-12-31": "$171", "2010-09-30": "$164", "2010-06-30": "$186", "2010-03-31": "$134", "2009-12-31": "", "2009-09-30": "$135", "2009-06-30": "$179", "2008-12-31": ""}}, "operating-income": {"BWX Technologies Annual Operating Income (Millions of US $)": {"2019": "$326", "2018": "$305", "2017": "$292", "2016": "$234", "2015": "$206", "2014": "$25", "2013": "$307", "2012": "$347", "2011": "$96", "2010": "$249", "2009": "$270", "2008": "$444"}, "BWX Technologies Quarterly Operating Income (Millions of US $)": {"2020-09-30": "$89", "2020-06-30": "$82", "2020-03-31": "$98", "2019-12-31": "$83", "2019-09-30": "$98", "2019-06-30": "$81", "2019-03-31": "$64", "2018-12-31": "$103", "2018-09-30": "$50", "2018-06-30": "$72", "2018-03-31": "$80", "2017-12-31": "$64", "2017-09-30": "$67", "2017-06-30": "$85", "2017-03-31": "$76", "2016-12-31": "$41", "2016-09-30": "$62", "2016-06-30": "$88", "2016-03-31": "$43", "2015-12-31": "$10", "2015-09-30": "$131", "2015-06-30": "$12", "2015-03-31": "$54", "2014-12-31": "$-91", "2014-09-30": "$35", "2014-06-30": "$27", "2014-03-31": "$54", "2013-12-31": "$66", "2013-09-30": "$82", "2013-06-30": "$99", "2013-03-31": "$60", "2012-12-31": "$66", "2012-09-30": "$84", "2012-06-30": "$110", "2012-03-31": "$86", "2011-12-31": "$-47", "2011-09-30": "$58", "2011-06-30": "$63", "2011-03-31": "$22", "2010-12-31": "$59", "2010-09-30": "$65", "2010-06-30": "$86", "2010-03-31": "$39", "2009-12-31": "", "2009-09-30": "$46", "2009-06-30": "$91", "2008-12-31": ""}}, "ebitda": {"BWX Technologies Annual EBITDA (Millions of US $)": {"2019": "$416", "2018": "$395", "2017": "$362", "2016": "$301", "2015": "$298", "2014": "$164", "2013": "$427", "2012": "$483", "2011": "$247", "2010": "$395", "2009": "$484", "2008": "$576"}, "BWX Technologies Quarterly EBITDA (Millions of US $)": {"2020-09-30": "$112", "2020-06-30": "$102", "2020-03-31": "$120", "2019-12-31": "$105", "2019-09-30": "$122", "2019-06-30": "$103", "2019-03-31": "$86", "2018-12-31": "$127", "2018-09-30": "$75", "2018-06-30": "$92", "2018-03-31": "$101", "2017-12-31": "$81", "2017-09-30": "$84", "2017-06-30": "$103", "2017-03-31": "$94", "2016-12-31": "$57", "2016-09-30": "$80", "2016-06-30": "$106", "2016-03-31": "$58", "2015-12-31": "$26", "2015-09-30": "$150", "2015-06-30": "$40", "2015-03-31": "$82", "2014-12-31": "$-42", "2014-09-30": "$62", "2014-06-30": "$58", "2014-03-31": "$86", "2013-12-31": "$83", "2013-09-30": "$118", "2013-06-30": "$134", "2013-03-31": "$92", "2012-12-31": "$98", "2012-09-30": "$117", "2012-06-30": "$145", "2012-03-31": "$122", "2011-12-31": "$-67", "2011-09-30": "$116", "2011-06-30": "$121", "2011-03-31": "$77", "2010-12-31": "$41", "2010-09-30": "$121", "2010-06-30": "$141", "2010-03-31": "$91", "2009-12-31": "", "2009-09-30": "$105", "2009-06-30": "$101", "2008-12-31": ""}}, "net-income": {"BWX Technologies Annual Net Income (Millions of US $)": {"2019": "$244", "2018": "$227", "2017": "$148", "2016": "$183", "2015": "$131", "2014": "$29", "2013": "$346", "2012": "$228", "2011": "$78", "2010": "$140", "2009": "$148", "2008": "$324"}, "BWX Technologies Quarterly Net Income (Millions of US $)": {"2020-09-30": "$73", "2020-06-30": "$64", "2020-03-31": "$75", "2019-12-31": "$61", "2019-09-30": "$75", "2019-06-30": "$59", "2019-03-31": "$49", "2018-12-31": "$22", "2018-09-30": "$78", "2018-06-30": "$61", "2018-03-31": "$66", "2017-12-31": "$-16", "2017-09-30": "$47", "2017-06-30": "$61", "2017-03-31": "$56", "2016-12-31": "$34", "2016-09-30": "$41", "2016-06-30": "$58", "2016-03-31": "$50", "2015-12-31": "$-1", "2015-09-30": "$104", "2015-06-30": "$-17", "2015-03-31": "$45", "2014-12-31": "$-103", "2014-09-30": "$61", "2014-06-30": "$26", "2014-03-31": "$45", "2013-12-31": "$166", "2013-09-30": "$60", "2013-06-30": "$73", "2013-03-31": "$47", "2012-12-31": "$39", "2012-09-30": "$51", "2012-06-30": "$77", "2012-03-31": "$60", "2011-12-31": "$-27", "2011-09-30": "$46", "2011-06-30": "$46", "2011-03-31": "$14", "2010-12-31": "$40", "2010-09-30": "$36", "2010-06-30": "$48", "2010-03-31": "$17", "2009-12-31": "", "2009-09-30": "$26", "2009-06-30": "$48", "2008-12-31": ""}}, "eps-earnings-per-share-diluted": {"BWX Technologies Annual EPS": {"2019": "$2.55", "2018": "$2.27", "2017": "$1.47", "2016": "$1.76", "2015": "$1.22", "2014": "$0.27", "2013": "$3.07", "2012": "$1.91", "2011": "$0.66", "2010": "$1.19", "2009": "$1.26", "2008": "$2.76"}, "BWX Technologies Quarterly EPS": {"2020-09-30": "$0.76", "2020-06-30": "$0.67", "2020-03-31": "$0.79", "2019-12-31": "$0.64", "2019-09-30": "$0.78", "2019-06-30": "$0.62", "2019-03-31": "$0.51", "2018-12-31": "$0.23", "2018-09-30": "$0.78", "2018-06-30": "$0.60", "2018-03-31": "$0.66", "2017-12-31": "$-0.15", "2017-09-30": "$0.46", "2017-06-30": "$0.61", "2017-03-31": "$0.55", "2016-12-31": "$0.34", "2016-09-30": "$0.39", "2016-06-30": "$0.56", "2016-03-31": "$0.47", "2015-12-31": "$0.00", "2015-09-30": "$0.96", "2015-06-30": "$-0.16", "2015-03-31": "$0.42", "2014-12-31": "$-0.95", "2014-09-30": "$0.57", "2014-06-30": "$0.24", "2014-03-31": "$0.41", "2013-12-31": "$1.47", "2013-09-30": "$0.54", "2013-06-30": "$0.65", "2013-03-31": "$0.41", "2012-12-31": "$0.33", "2012-09-30": "$0.43", "2012-06-30": "$0.65", "2012-03-31": "$0.50", "2011-12-31": "$-0.23", "2011-09-30": "$0.39", "2011-06-30": "$0.39", "2011-03-31": "$0.11", "2010-12-31": "$0.33", "2010-09-30": "$0.31", "2010-06-30": "$0.41", "2010-03-31": "$0.14", "2009-12-31": "$0.00", "2009-09-30": "$0.22", "2009-06-30": "$0.00", "2008-12-31": "$0.00"}}, "shares-outstanding": {"BWX Technologies Annual Shares Outstanding (Millions of Shares)": {"2019": "96", "2018": "100", "2017": "100", "2016": "104", "2015": "108", "2014": "109", "2013": "113", "2012": "119", "2011": "118", "2010": "118", "2009": "117", "2008": "117"}, "BWX Technologies Quarterly Shares Outstanding (Millions of Shares)": {"2020-09-30": "96", "2020-06-30": "96", "2020-03-31": "96", "2019-12-31": "96", "2019-09-30": "96", "2019-06-30": "96", "2019-03-31": "96", "2018-12-31": "100", "2018-09-30": "100", "2018-06-30": "101", "2018-03-31": "101", "2017-12-31": "100", "2017-09-30": "100", "2017-06-30": "100", "2017-03-31": "101", "2016-12-31": "104", "2016-09-30": "104", "2016-06-30": "105", "2016-03-31": "106", "2015-12-31": "108", "2015-09-30": "108", "2015-06-30": "107", "2015-03-31": "107", "2014-12-31": "109", "2014-09-30": "107", "2014-06-30": "110", "2014-03-31": "111", "2013-12-31": "113", "2013-09-30": "112", "2013-06-30": "113", "2013-03-31": "115", "2012-12-31": "119", "2012-09-30": "119", "2012-06-30": "119", "2012-03-31": "119", "2011-12-31": "118", "2011-09-30": "119", "2011-06-30": "118", "2011-03-31": "118", "2010-12-31": "118", "2010-09-30": "118", "2010-06-30": "117", "2010-03-31": "117", "2009-12-31": "", "2009-09-30": "117", "2009-06-30": "", "2008-12-31": ""}}, "total-assets": {"BWX Technologies Annual Total Assets (Millions of US $)": {"2019": "$1,909", "2018": "$1,655", "2017": "$1,712", "2016": "$1,580", "2015": "$1,375", "2014": "$2,857", "2013": "$2,609", "2012": "$2,840", "2011": "$2,789", "2010": "$2,501", "2009": "$2,604", "2008": "$0"}, "BWX Technologies Quarterly Total Assets (Millions of US $)": {"2020-09-30": "$2,124", "2020-06-30": "$1,971", "2020-03-31": "$1,967", "2019-12-31": "$1,909", "2019-09-30": "$1,826", "2019-06-30": "$1,756", "2019-03-31": "$1,717", "2018-12-31": "$1,655", "2018-09-30": "$1,736", "2018-06-30": "$1,742", "2018-03-31": "$1,540", "2017-12-31": "$1,712", "2017-09-30": "$1,724", "2017-06-30": "$1,625", "2017-03-31": "$1,618", "2016-12-31": "$1,580", "2016-09-30": "$1,365", "2016-06-30": "$1,401", "2016-03-31": "$1,366", "2015-12-31": "$1,375", "2015-09-30": "$1,411", "2015-06-30": "$1,337", "2015-03-31": "$2,792", "2014-12-31": "$2,857", "2014-09-30": "$2,657", "2014-06-30": "$2,626", "2014-03-31": "$2,500", "2013-12-31": "$2,609", "2013-09-30": "$2,740", "2013-06-30": "$2,725", "2013-03-31": "$2,749", "2012-12-31": "$2,840", "2012-09-30": "$2,804", "2012-06-30": "$2,781", "2012-03-31": "$2,736", "2011-12-31": "$2,789", "2011-09-30": "$2,545", "2011-06-30": "$2,578", "2011-03-31": "$2,512", "2010-12-31": "$2,501", "2010-09-30": "$2,390", "2010-06-30": "$2,406", "2010-03-31": "$0", "2009-12-31": "$0", "2009-09-30": "$0", "2009-06-30": "$0", "2008-12-31": "$0"}}, "cash-on-hand": {"BWX Technologies Annual Cash on Hand (Millions of US $)": {"2019": "$95", "2018": "$37", "2017": "$213", "2016": "$146", "2015": "$174", "2014": "$179", "2013": "$403", "2012": "$533", "2011": "$545", "2010": "$404", "2009": "$485", "2008": "$"}, "BWX Technologies Quarterly Cash on Hand (Millions of US $)": {"2020-09-30": "$51", "2020-06-30": "$68", "2020-03-31": "$84", "2019-12-31": "$95", "2019-09-30": "$21", "2019-06-30": "$42", "2019-03-31": "$31", "2018-12-31": "$37", "2018-09-30": "$73", "2018-06-30": "$325", "2018-03-31": "$150", "2017-12-31": "$213", "2017-09-30": "$213", "2017-06-30": "$159", "2017-03-31": "$114", "2016-12-31": "$146", "2016-09-30": "$66", "2016-06-30": "$118", "2016-03-31": "$87", "2015-12-31": "$174", "2015-09-30": "$156", "2015-06-30": "$67", "2015-03-31": "$336", "2014-12-31": "$179", "2014-09-30": "$259", "2014-06-30": "$260", "2014-03-31": "$250", "2013-12-31": "$403", "2013-09-30": "$312", "2013-06-30": "$360", "2013-03-31": "$415", "2012-12-31": "$533", "2012-09-30": "$401", "2012-06-30": "$419", "2012-03-31": "$420", "2011-12-31": "$545", "2011-09-30": "$346", "2011-06-30": "$307", "2011-03-31": "$305", "2010-12-31": "$404", "2010-09-30": "$189", "2010-06-30": "$260", "2010-03-31": "", "2009-12-31": "", "2009-09-30": "", "2009-06-30": "", "2008-12-31": ""}}, "long-term-debt": {"BWX Technologies Annual Long Term Debt (Millions of US $)": {"2019": "$809", "2018": "$754", "2017": "$481", "2016": "$498", "2015": "$278", "2014": "$285", "2013": "$0", "2012": "$0", "2011": "$1", "2010": "$1", "2009": "$325", "2008": "$"}, "BWX Technologies Quarterly Long Term Debt (Millions of US $)": {"2020-09-30": "$902", "2020-06-30": "$827", "2020-03-31": "$911", "2019-12-31": "$809", "2019-09-30": "$850", "2019-06-30": "$856", "2019-03-31": "$856", "2018-12-31": "$754", "2018-09-30": "$756", "2018-06-30": "$666", "2018-03-31": "$471", "2017-12-31": "$481", "2017-09-30": "$489", "2017-06-30": "$489", "2017-03-31": "$543", "2016-12-31": "$498", "2016-09-30": "$423", "2016-06-30": "$272", "2016-03-31": "$275", "2015-12-31": "$278", "2015-09-30": "$289", "2015-06-30": "$315", "2015-03-31": "$281", "2014-12-31": "$285", "2014-09-30": "$299", "2014-06-30": "$260", "2014-03-31": "$15", "2013-12-31": "$0", "2013-09-30": "$0", "2013-06-30": "$0", "2013-03-31": "$0", "2012-12-31": "$0", "2012-09-30": "$0", "2012-06-30": "$1", "2012-03-31": "$1", "2011-12-31": "$1", "2011-09-30": "$1", "2011-06-30": "$1", "2011-03-31": "$1", "2010-12-31": "$1", "2010-09-30": "$1", "2010-06-30": "$1", "2010-03-31": "", "2009-12-31": "", "2009-09-30": "", "2009-06-30": "", "2008-12-31": ""}}, "total-liabilities": {"BWX Technologies Annual Total Liabilities (Millions of US $)": {"2019": "$1,505", "2018": "$1,419", "2017": "$1,427", "2016": "$1,429", "2015": "$1,096", "2014": "$1,843", "2013": "$1,426", "2012": "$1,837", "2011": "$1,954", "2010": "$1,787", "2009": "$2,483", "2008": "$0"}, "BWX Technologies Quarterly Total Liabilities (Millions of US $)": {"2020-09-30": "$1,574", "2020-06-30": "$1,490", "2020-03-31": "$1,537", "2019-12-31": "$1,505", "2019-09-30": "$1,472", "2019-06-30": "$1,462", "2019-03-31": "$1,474", "2018-12-31": "$1,419", "2018-09-30": "$1,343", "2018-06-30": "$1,354", "2018-03-31": "$1,194", "2017-12-31": "$1,427", "2017-09-30": "$1,415", "2017-06-30": "$1,360", "2017-03-31": "$1,412", "2016-12-31": "$1,429", "2016-09-30": "$1,247", "2016-06-30": "$1,109", "2016-03-31": "$1,098", "2015-12-31": "$1,096", "2015-09-30": "$1,079", "2015-06-30": "$1,081", "2015-03-31": "$1,745", "2014-12-31": "$1,843", "2014-09-30": "$1,517", "2014-06-30": "$1,489", "2014-03-31": "$1,302", "2013-12-31": "$1,426", "2013-09-30": "$1,699", "2013-06-30": "$1,738", "2013-03-31": "$1,764", "2012-12-31": "$1,837", "2012-09-30": "$1,746", "2012-06-30": "$1,799", "2012-03-31": "$1,828", "2011-12-31": "$1,954", "2011-09-30": "$1,660", "2011-06-30": "$1,747", "2011-03-31": "$1,752", "2010-12-31": "$1,787", "2010-09-30": "$1,694", "2010-06-30": "$1,821", "2010-03-31": "$0", "2009-12-31": "", "2009-09-30": "$0", "2009-06-30": "$0", "2008-12-31": "$0"}}, "total-share-holder-equity": {"BWX Technologies Annual Share Holder Equity (Millions of US $)": {"2019": "$404", "2018": "$236", "2017": "$286", "2016": "$150", "2015": "$280", "2014": "$1,014", "2013": "$1,183", "2012": "$1,003", "2011": "$835", "2010": "$714", "2009": "$121", "2008": "$0"}, "BWX Technologies Quarterly Share Holder Equity (Millions of US $)": {"2020-09-30": "$550", "2020-06-30": "$482", "2020-03-31": "$430", "2019-12-31": "$404", "2019-09-30": "$355", "2019-06-30": "$294", "2019-03-31": "$243", "2018-12-31": "$236", "2018-09-30": "$393", "2018-06-30": "$388", "2018-03-31": "$345", "2017-12-31": "$286", "2017-09-30": "$308", "2017-06-30": "$264", "2017-03-31": "$206", "2016-12-31": "$150", "2016-09-30": "$119", "2016-06-30": "$292", "2016-03-31": "$268", "2015-12-31": "$280", "2015-09-30": "$331", "2015-06-30": "$257", "2015-03-31": "$1,047", "2014-12-31": "$1,014", "2014-09-30": "$1,140", "2014-06-30": "$1,137", "2014-03-31": "$1,197", "2013-12-31": "$1,183", "2013-09-30": "$1,041", "2013-06-30": "$987", "2013-03-31": "$986", "2012-12-31": "$1,003", "2012-09-30": "$1,058", "2012-06-30": "$982", "2012-03-31": "$909", "2011-12-31": "$835", "2011-09-30": "$885", "2011-06-30": "$832", "2011-03-31": "$760", "2010-12-31": "$714", "2010-09-30": "$696", "2010-06-30": "$585", "2010-03-31": "$0", "2009-12-31": "", "2009-09-30": "$0", "2009-06-30": "$0", "2008-12-31": "$0"}}, "profit-margins": {"current": "13.27%"}, "gross margin": {"2020-09-30": "27.71%", "2020-06-30": "27.99%", "2020-03-31": "28.27%", "2019-12-31": "28.19%", "2019-09-30": "29.29%", "2019-06-30": "27.86%", "2019-03-31": "27.69%", "2018-12-31": "28.00%", "2018-09-30": "26.94%", "2018-06-30": "28.08%", "2018-03-31": "29.20%", "2017-12-31": "29.40%", "2017-09-30": "28.72%", "2017-06-30": "28.85%", "2017-03-31": "29.31%", "2016-12-31": "29.92%", "2016-09-30": "28.13%", "2016-06-30": "28.52%", "2016-03-31": "27.40%", "2015-12-31": "27.42%", "2015-09-30": "22.98%", "2015-06-30": "22.27%", "2015-03-31": "21.91%", "2014-12-31": "20.55%", "2014-09-30": "70.75%", "2014-06-30": "46.99%", "2014-03-31": "36.21%", "2013-12-31": "34.54%", "2013-09-30": "23.21%", "2013-06-30": "23.22%", "2013-03-31": "24.44%", "2012-12-31": "25.21%", "2012-09-30": "23.05%", "2012-06-30": "22.76%", "2012-03-31": "21.28%", "2011-12-31": "19.24%", "2011-09-30": "22.20%", "2011-06-30": "22.51%", "2011-03-31": "23.81%", "2010-12-31": "24.37%", "2010-06-30": "22.76%", "2010-03-31": "21.93%"}, "operating margin": {"2020-09-30": "17.02%", "2020-06-30": "17.58%", "2020-03-31": "17.82%", "2019-12-31": "17.21%", "2019-09-30": "18.49%", "2019-06-30": "16.64%", "2019-03-31": "16.43%", "2018-12-31": "16.94%", "2018-09-30": "15.18%", "2018-06-30": "16.22%", "2018-03-31": "17.25%", "2017-12-31": "17.31%", "2017-09-30": "16.20%", "2017-06-30": "16.28%", "2017-03-31": "16.54%", "2016-12-31": "15.09%", "2016-09-30": "13.43%", "2016-06-30": "18.26%", "2016-03-31": "13.56%", "2015-12-31": "14.63%", "2015-09-30": "9.30%", "2015-06-30": "0.89%", "2015-03-31": "2.23%", "2014-12-31": "1.72%", "2014-09-30": "41.27%", "2014-06-30": "26.05%", "2014-03-31": "21.45%", "2013-12-31": "19.86%", "2013-09-30": "9.22%", "2013-06-30": "9.19%", "2013-03-31": "9.61%", "2012-12-31": "10.51%", "2012-09-30": "7.22%", "2012-06-30": "6.62%", "2012-03-31": "5.29%", "2011-12-31": "3.25%", "2011-09-30": "7.07%", "2011-06-30": "7.52%", "2011-03-31": "8.54%", "2010-12-31": "9.26%", "2010-06-30": "8.55%", "2010-03-31": "8.61%"}, "ebitda margin": {"2020-09-30": "21.23%", "2020-06-30": "21.86%", "2020-03-31": "22.28%", "2019-12-31": "21.96%", "2019-09-30": "23.41%", "2019-06-30": "21.83%", "2019-03-31": "21.60%", "2018-12-31": "21.94%", "2018-09-30": "19.92%", "2018-06-30": "20.52%", "2018-03-31": "21.50%", "2017-12-31": "21.46%", "2017-09-30": "20.35%", "2017-06-30": "20.59%", "2017-03-31": "20.88%", "2016-12-31": "19.41%", "2016-09-30": "17.87%", "2016-06-30": "22.82%", "2016-03-31": "18.96%", "2015-12-31": "21.06%", "2015-09-30": "20.18%", "2015-06-30": "12.70%", "2015-03-31": "14.25%", "2014-12-31": "11.31%", "2014-09-30": "65.53%", "2014-06-30": "39.25%", "2014-03-31": "30.01%", "2013-12-31": "27.62%", "2013-09-30": "13.27%", "2013-06-30": "13.11%", "2013-03-31": "13.57%", "2012-12-31": "14.64%", "2012-09-30": "9.82%", "2012-06-30": "10.10%", "2012-03-31": "9.65%", "2011-12-31": "8.37%", "2011-09-30": "12.43%", "2011-06-30": "12.94%", "2011-03-31": "13.99%", "2010-12-31": "14.66%", "2010-06-30": "16.86%", "2010-03-31": "14.54%"}, "pre tax profit margin": {"2020-09-30": "17.07%", "2020-06-30": "17.33%", "2020-03-31": "17.33%", "2019-12-31": "16.63%", "2019-09-30": "14.27%", "2019-06-30": "14.35%", "2019-03-31": "14.67%", "2018-12-31": "15.56%", "2018-09-30": "17.41%", "2018-06-30": "16.68%", "2018-03-31": "17.48%", "2017-12-31": "17.49%", "2017-09-30": "17.04%", "2017-06-30": "16.83%", "2017-03-31": "16.91%", "2016-12-31": "16.63%", "2016-09-30": "14.43%", "2016-06-30": "21.14%", "2016-03-31": "16.33%", "2015-12-31": "15.62%", "2015-09-30": "10.26%", "2015-06-30": "0.89%", "2015-03-31": "2.49%", "2014-12-31": "2.21%", "2014-09-30": "39.91%", "2014-06-30": "23.44%", "2014-03-31": "19.81%", "2013-12-31": "18.43%", "2013-09-30": "9.16%", "2013-06-30": "8.35%", "2013-03-31": "8.89%", "2012-12-31": "9.72%", "2012-09-30": "6.35%", "2012-06-30": "6.65%", "2012-03-31": "5.32%", "2011-12-31": "3.22%", "2011-09-30": "7.04%", "2011-06-30": "7.16%", "2011-03-31": "7.69%", "2010-12-31": "8.18%", "2010-06-30": "7.25%", "2010-03-31": "7.10%"}, "net profit margin": {"2020-09-30": "13.20%", "2020-06-30": "13.39%", "2020-03-31": "13.37%", "2019-12-31": "12.88%", "2019-09-30": "10.96%", "2019-06-30": "11.61%", "2019-03-31": "11.94%", "2018-12-31": "12.61%", "2018-09-30": "10.79%", "2018-06-30": "9.05%", "2018-03-31": "9.21%", "2017-12-31": "8.77%", "2017-09-30": "11.92%", "2017-06-30": "11.84%", "2017-03-31": "11.71%", "2016-12-31": "11.80%", "2016-09-30": "9.79%", "2016-06-30": "14.16%", "2016-03-31": "9.41%", "2015-12-31": "9.26%", "2015-09-30": "2.54%", "2015-06-30": "-1.25%", "2015-03-31": "2.58%", "2014-12-31": "2.00%", "2014-09-30": "67.57%", "2014-06-30": "33.79%", "2014-03-31": "24.52%", "2013-12-31": "22.38%", "2013-09-30": "6.57%", "2013-06-30": "6.24%", "2013-03-31": "6.42%", "2012-12-31": "6.90%", "2012-09-30": "4.99%", "2012-06-30": "4.99%", "2012-03-31": "4.13%", "2011-12-31": "2.68%", "2011-09-30": "5.11%", "2011-06-30": "4.89%", "2011-03-31": "5.08%", "2010-12-31": "5.25%", "2010-06-30": "4.55%", "2010-03-31": "4.45%"}, "pe ratio": {"current": "18.70", "2021-02-05": "19.62", "2020-09-30": "19.62", "2020-06-30": "19.54", "2020-03-31": "17.04", "2019-12-31": "24.01", "2019-09-30": "26.42", "2019-06-30": "23.99", "2019-03-31": "22.96", "2018-12-31": "16.47", "2018-09-30": "32.28", "2018-06-30": "38.66", "2018-03-31": "39.07", "2017-12-31": "39.91", "2017-09-30": "27.48", "2017-06-30": "24.75", "2017-03-31": "24.90", "2016-12-31": "21.80", "2016-09-30": "26.13", "2016-06-30": "17.27", "2016-03-31": "25.27", "2015-12-31": "24.64", "2015-09-30": "99.55", "2015-06-30": "0.00", "2015-03-31": "85.98", "2014-12-31": "84.16", "2014-09-30": "7.10", "2014-06-30": "8.39", "2014-03-31": "7.41", "2013-12-31": "7.61", "2013-09-30": "11.94", "2013-06-30": "11.83", "2013-03-31": "11.92", "2012-12-31": "11.10", "2012-09-30": "9.50", "2012-06-30": "8.90", "2012-03-31": "10.17", "2011-12-31": "11.40", "2011-09-30": "9.85", "2011-06-30": "14.85"}, "price sales": {"2021-02-05": "2.60", "2020-09-30": "2.60", "2020-06-30": "2.62", "2020-03-31": "2.29", "2019-12-31": "3.10", "2019-09-30": "2.91", "2019-06-30": "2.79", "2019-03-31": "2.73", "2018-12-31": "2.08", "2018-09-30": "3.48", "2018-06-30": "3.47", "2018-03-31": "3.58", "2017-12-31": "3.46", "2017-09-30": "3.28", "2017-06-30": "2.94", "2017-03-31": "2.92", "2016-12-31": "2.56", "2016-09-30": "2.56", "2016-06-30": "2.43", "2016-03-31": "2.36", "2015-12-31": "2.28", "2015-09-30": "2.35", "2015-06-30": "2.20", "2015-03-31": "2.15", "2014-12-31": "1.59", "2014-09-30": "4.52", "2014-06-30": "2.79", "2014-03-31": "1.81", "2013-12-31": "1.72", "2013-09-30": "0.79", "2013-06-30": "0.71", "2013-03-31": "0.68", "2012-12-31": "0.64", "2012-09-30": "0.63", "2012-06-30": "0.63", "2012-03-31": "0.68", "2011-12-31": "0.65", "2011-09-30": "0.55", "2011-06-30": "0.79"}, "price book": {"current": "9.72", "2021-02-05": "9.72", "2020-09-30": "9.72", "2020-06-30": "11.13", "2020-03-31": "10.69", "2019-12-31": "14.44", "2019-09-30": "15.12", "2019-06-30": "16.53", "2019-03-31": "18.98", "2018-12-31": "15.04", "2018-09-30": "15.26", "2018-06-30": "15.48", "2018-03-31": "17.71", "2017-12-31": "20.27", "2017-09-30": "17.36", "2017-06-30": "17.57", "2017-03-31": "21.88", "2016-12-31": "25.04", "2016-09-30": "30.59", "2016-06-30": "12.04", "2016-03-31": "12.38", "2015-12-31": "11.32", "2015-09-30": "8.02", "2015-06-30": "9.60", "2015-03-31": "2.28", "2014-12-31": "2.21", "2014-09-30": "1.79", "2014-06-30": "2.12", "2014-03-31": "2.11", "2013-12-31": "2.19", "2013-09-30": "2.45", "2013-06-30": "2.30", "2013-03-31": "2.22", "2012-12-31": "2.04", "2012-09-30": "1.93", "2012-06-30": "2.00", "2012-03-31": "2.27", "2011-12-31": "2.31", "2011-09-30": "1.76", "2011-06-30": "2.65", "2011-03-31": "3.48", "2010-12-31": "2.83", "2010-09-30": "2.41"}, "price fcf": {"2021-02-05": "", "2020-09-30": "$1.01", "2020-06-30": "$1.73", "2020-03-31": "$0.92", "2019-12-31": "$1.02", "2019-09-30": "$0.96", "2019-06-30": "$0.47", "2019-03-31": "$0.31", "2018-12-31": "$0.60", "2018-09-30": "$-0.39", "2018-06-30": "$0.73", "2018-03-31": "$1.56", "2017-12-31": "$1.25", "2017-09-30": "$2.16", "2017-06-30": "$1.64", "2017-03-31": "$1.34", "2016-12-31": "$1.80", "2016-09-30": "$1.35", "2016-06-30": "$2.60", "2016-03-31": "$2.42", "2015-12-31": "$2.48", "2015-09-30": "$3.08", "2015-06-30": "$1.76", "2015-03-31": "$1.11", "2014-12-31": "$0.04", "2014-09-30": "$-0.21", "2014-06-30": "$-0.48", "2014-03-31": "$-0.17", "2013-12-31": "$0.65", "2013-09-30": "$1.52", "2013-06-30": "$1.61", "2013-03-31": "$1.48", "2012-12-31": "$0.83", "2012-09-30": "$0.53", "2012-06-30": "$0.66", "2012-03-31": "$0.75", "2011-12-31": "$0.93", "2011-09-30": "$1.08", "2011-06-30": "$0.39"}, "net worth": {"value": "$5.35B"}, "current ratio": {"current": "1.86", "2020-09-30": "1.86", "2020-06-30": "1.66", "2020-03-31": "2.00", "2019-12-31": "1.56", "2019-09-30": "1.86", "2019-06-30": "1.86", "2019-03-31": "1.77", "2018-12-31": "1.44", "2018-09-30": "1.90", "2018-06-30": "2.88", "2018-03-31": "2.15", "2017-12-31": "1.65", "2017-09-30": "1.81", "2017-06-30": "1.90", "2017-03-31": "1.94", "2016-12-31": "1.58", "2016-09-30": "1.62", "2016-06-30": "1.72", "2016-03-31": "1.70", "2015-12-31": "1.83", "2015-09-30": "1.87", "2015-06-30": "1.82", "2015-03-31": "1.94", "2014-12-31": "1.80", "2014-09-30": "1.93", "2014-06-30": "1.91", "2014-03-31": "1.66", "2013-12-31": "1.55", "2013-09-30": "1.44", "2013-06-30": "1.40", "2013-03-31": "1.43", "2012-12-31": "1.41", "2012-09-30": "1.47", "2012-06-30": "1.35", "2012-03-31": "1.31", "2011-12-31": "1.29", "2011-09-30": "1.29", "2011-06-30": "1.24", "2011-03-31": "1.27", "2010-12-31": "1.23", "2010-09-30": "1.13", "2010-06-30": "1.10", "2010-03-31": "0.00", "2009-12-31": "0.00", "2009-09-30": "0.00", "2009-06-30": "0.00", "2008-12-31": "0.00"}, "quick ratio": {"2020-09-30": "0.00", "2020-06-30": "0.00", "2020-03-31": "0.00", "2019-12-31": "0.00", "2019-09-30": "0.00", "2019-06-30": "0.00", "2019-03-31": "0.00", "2018-12-31": "0.00", "2018-09-30": "0.00", "2018-06-30": "0.00", "2018-03-31": "0.00", "2017-12-31": "0.00", "2017-09-30": "0.00", "2017-06-30": "0.00", "2017-03-31": "0.00", "2016-12-31": "0.00", "2016-09-30": "0.00", "2016-06-30": "0.00", "2016-03-31": "0.00", "2015-12-31": "0.00", "2015-09-30": "1.84", "2015-06-30": "1.79", "2015-03-31": "1.79", "2014-12-31": "1.79", "2014-09-30": "1.77", "2014-06-30": "1.75", "2014-03-31": "1.52", "2013-12-31": "1.43", "2013-09-30": "1.33", "2013-06-30": "1.29", "2013-03-31": "1.31", "2012-12-31": "1.29", "2012-09-30": "1.34", "2012-06-30": "1.24", "2012-03-31": "1.21", "2011-12-31": "1.20", "2011-09-30": "1.19", "2011-06-30": "1.14", "2011-03-31": "1.16", "2010-12-31": "1.13", "2010-09-30": "1.03", "2010-06-30": "1.01", "2010-03-31": "0.00", "2009-12-31": "0.00", "2009-09-30": "0.00", "2009-06-30": "0.00", "2008-12-31": "0.00"}, "debt equity ratio": {"current": "1.64", "2020-09-30": "2.86", "2020-06-30": "3.09", "2020-03-31": "3.58", "2019-12-31": "3.72", "2019-09-30": "4.15", "2019-06-30": "4.97", "2019-03-31": "6.07", "2018-12-31": "6.02", "2018-09-30": "3.42", "2018-06-30": "3.49", "2018-03-31": "3.46", "2017-12-31": "4.99", "2017-09-30": "4.59", "2017-06-30": "5.15", "2017-03-31": "6.85", "2016-12-31": "9.50", "2016-09-30": "10.51", "2016-06-30": "3.79", "2016-03-31": "4.10", "2015-12-31": "3.92", "2015-09-30": "3.26", "2015-06-30": "4.21", "2015-03-31": "1.67", "2014-12-31": "1.82", "2014-09-30": "1.33", "2014-06-30": "1.31", "2014-03-31": "1.09", "2013-12-31": "1.21", "2013-09-30": "1.63", "2013-06-30": "1.76", "2013-03-31": "1.79", "2012-12-31": "1.83", "2012-09-30": "1.65", "2012-06-30": "1.83", "2012-03-31": "2.01", "2011-12-31": "2.34", "2011-09-30": "1.88", "2011-06-30": "2.10", "2011-03-31": "2.30", "2010-12-31": "2.50", "2010-09-30": "2.43", "2010-06-30": "3.11", "2010-03-31": "0.00", "2009-12-31": "0.00", "2009-09-30": "0.00", "2009-06-30": "0.00", "2008-12-31": "0.00"}, "return on equity": {"2020-09-30": "58.52%", "2020-06-30": "65.83%", "2020-03-31": "72.83%", "2019-12-31": "75.31%", "2019-09-30": "72.70%", "2019-06-30": "71.36%", "2019-03-31": "66.67%", "2018-12-31": "66.67%", "2018-09-30": "53.54%", "2018-06-30": "47.63%", "2018-03-31": "52.54%", "2017-12-31": "55.64%", "2017-09-30": "85.34%", "2017-06-30": "103.92%", "2017-03-31": "98.57%", "2016-12-31": "88.30%", "2016-09-30": "61.73%", "2016-06-30": "72.08%", "2016-03-31": "47.89%", "2015-12-31": "27.36%", "2015-09-30": "4.38%", "2015-06-30": "-1.62%", "2015-03-31": "2.67%", "2014-12-31": "2.58%", "2014-09-30": "25.60%", "2014-06-30": "26.06%", "2014-03-31": "31.22%", "2013-12-31": "32.98%", "2013-09-30": "21.81%", "2013-06-30": "20.82%", "2013-03-31": "21.25%", "2012-12-31": "22.98%", "2012-09-30": "17.02%", "2012-06-30": "17.28%", "2012-03-31": "14.45%", "2011-12-31": "9.54%", "2011-09-30": "18.30%", "2011-06-30": "18.12%", "2011-03-31": "20.04%", "2010-12-31": "28.27%", "2010-06-30": "62.22%", "2010-03-31": "inf%"}, "return on assets": {"2020-09-30": "13.70%", "2020-06-30": "14.34%", "2020-03-31": "14.48%", "2019-12-31": "13.54%", "2019-09-30": "11.79%", "2019-06-30": "12.12%", "2019-03-31": "12.26%", "2018-12-31": "13.61%", "2018-09-30": "11.23%", "2018-06-30": "9.41%", "2018-03-31": "9.57%", "2017-12-31": "8.86%", "2017-09-30": "12.10%", "2017-06-30": "12.41%", "2017-03-31": "12.68%", "2016-12-31": "12.82%", "2016-09-30": "10.75%", "2016-06-30": "15.20%", "2016-03-31": "9.91%", "2015-12-31": "7.58%", "2015-09-30": "1.38%", "2015-06-30": "-0.58%", "2015-03-31": "1.06%", "2014-12-31": "1.09%", "2014-09-30": "11.47%", "2014-06-30": "11.34%", "2014-03-31": "13.01%", "2013-12-31": "12.79%", "2013-09-30": "7.92%", "2013-06-30": "7.56%", "2013-03-31": "7.66%", "2012-12-31": "8.14%", "2012-09-30": "5.80%", "2012-06-30": "5.75%", "2012-03-31": "4.70%", "2011-12-31": "3.03%", "2011-09-30": "5.76%", "2011-06-30": "5.45%", "2011-03-31": "5.63%", "2010-12-31": "7.73%", "2010-06-30": "15.13%", "2010-03-31": "inf%"}, "return on investments": {"2020-09-30": "26.49%", "2020-06-30": "28.50%", "2020-03-31": "29.33%", "2019-12-31": "27.94%", "2019-09-30": "31.16%", "2019-06-30": "27.17%", "2019-03-31": "26.93%", "2018-12-31": "30.42%", "2018-09-30": "28.09%", "2018-06-30": "32.95%", "2018-03-31": "37.77%", "2017-12-31": "38.08%", "2017-09-30": "36.50%", "2017-06-30": "39.21%", "2017-03-31": "42.67%", "2016-12-31": "40.75%", "2016-09-30": "36.79%", "2016-06-30": "47.61%", "2016-03-31": "34.19%", "2015-12-31": "26.90%", "2015-09-30": "11.10%", "2015-06-30": "0.86%", "2015-03-31": "1.83%", "2014-12-31": "1.87%", "2014-09-30": "13.92%", "2014-06-30": "18.95%", "2014-03-31": "27.22%", "2013-12-31": "29.25%", "2013-09-30": "30.56%", "2013-06-30": "30.63%", "2013-03-31": "31.76%", "2012-12-31": "35.00%", "2012-09-30": "24.61%", "2012-06-30": "22.90%", "2012-03-31": "18.47%", "2011-12-31": "11.58%", "2011-09-30": "25.30%", "2011-06-30": "27.82%", "2011-03-31": "33.65%", "2010-12-31": "49.87%", "2010-06-30": "116.72%", "2010-03-31": "inf%"}, "return on tangible equity": {"2020-09-30": "7280.00%", "2020-06-30": "-597.83%", "2020-03-31": "-280.52%", "2019-12-31": "-167.12%", "2019-09-30": "-104.06%", "2019-06-30": "-103.87%", "2019-03-31": "-152.45%", "2018-12-31": "-300.66%", "2018-09-30": "-969.23%", "2018-06-30": "2430.77%", "2018-03-31": "-585.19%", "2017-12-31": "-238.71%", "2017-09-30": "-208.42%", "2017-06-30": "-165.52%", "2017-03-31": "-226.35%", "2016-12-31": "-418.29%", "2016-09-30": "1116.98%", "2016-06-30": "319.70%", "2016-03-31": "240.71%", "2015-12-31": "69.87%", "2015-09-30": "7.83%", "2015-06-30": "-2.79%", "2015-03-31": "4.46%", "2014-12-31": "4.04%", "2014-09-30": "41.03%", "2014-06-30": "40.24%", "2014-03-31": "46.58%", "2013-12-31": "50.57%", "2013-09-30": "34.34%", "2013-06-30": "31.67%", "2013-03-31": "31.32%", "2012-12-31": "33.05%", "2012-09-30": "24.10%", "2012-06-30": "24.87%", "2012-03-31": "21.13%", "2011-12-31": "14.22%", "2011-09-30": "27.70%", "2011-06-30": "28.44%", "2011-03-31": "33.29%", "2010-12-31": "48.25%", "2010-06-30": "119.34%", "2010-03-31": "inf%"}, "dividend yield history": {"last payout": "$0.76", "last yield": "1.35%"}}