{"ticker": "CABO", "price": {"title": "Cable One Historical Annual Stock Price Data", "value": 2063.38, "historical": {"2020": {"Average Stock Price": "1796.0594", "Year Open": "1517.0400", "Year High": "2293.7600", "Year Low": "1161.9800", "Year Close": "2227.7200", "Annual % Change": "49.67%"}, "2019": {"Average Stock Price": "1168.3267", "Year Open": "803.2400", "Year High": "1547.5100", "Year Low": "803.2400", "Year Close": "1488.4700", "Annual % Change": "81.50%"}, "2018": {"Average Stock Price": "759.9089", "Year Open": "708.2400", "Year High": "918.6500", "Year Low": "619.0000", "Year Close": "820.1000", "Annual % Change": "16.60%"}, "2017": {"Average Stock Price": "688.8095", "Year Open": "619.6600", "Year High": "762.2700", "Year Low": "570.0000", "Year Close": "703.3500", "Annual % Change": "13.13%"}, "2016": {"Average Stock Price": "510.1494", "Year Open": "431.6700", "Year High": "623.8700", "Year Low": "396.5200", "Year Close": "621.7300", "Annual % Change": "43.37%"}, "2015": {"Average Stock Price": "427.9641", "Year Open": "399.0000", "Year High": "490.4800", "Year Low": "380.5000", "Year Close": "433.6600", "Annual % Change": "0.00%"}}}, "market cap": {"value": "$12.43B"}, "income statement": {"Revenue": {"2019-12-31": "1167.99700", "2018-12-31": "1072.29500", "2017-12-31": "959.95600", "2016-12-31": "819.34800", "2015-12-31": "807.26600", "2014-12-31": "814.81200", "2013-12-31": "825.70700", "2012-12-31": "804.99200"}, "Cost Of Goods Sold": {"2019-12-31": "388.55200", "2018-12-31": "370.26900", "2017-12-31": "337.04000", "2016-12-31": "296.57700", "2015-12-31": "304.83700", "2014-12-31": "327.97400", "2013-12-31": "351.18200", "2012-12-31": "346.87000"}, "Gross Profit": {"2019-12-31": "779.44490", "2018-12-31": "702.02600", "2017-12-31": "622.91600", "2016-12-31": "522.77100", "2015-12-31": "502.42900", "2014-12-31": "486.83800", "2013-12-31": "474.52500", "2012-12-31": "458.12200"}, "Research And Development Expenses": {"2019-12-31": "", "2018-12-31": "", "2017-12-31": "", "2016-12-31": "", "2015-12-31": "", "2014-12-31": "", "2013-12-31": "", "2012-12-31": ""}, "SG&A Expenses": {"2019-12-31": "245.12000", "2018-12-31": "222.21600", "2017-12-31": "204.38400", "2016-12-31": "185.01300", "2015-12-31": "193.74700", "2014-12-31": "188.85800", "2013-12-31": "184.37000", "2012-12-31": "180.77700"}, "Other Operating Income Or Expenses": {"2019-12-31": "-7.18700", "2018-12-31": "-14.16700", "2017-12-31": "-0.57400", "2016-12-31": "-2.82100", "2015-12-31": "-0.60200", "2014-12-31": "", "2013-12-31": "", "2012-12-31": ""}, "Operating Expenses": {"2019-12-31": "857.54600", "2018-12-31": "804.38300", "2017-12-31": "723.61690", "2016-12-31": "632.25000", "2015-12-31": "643.68900", "2014-12-31": "650.99900", "2013-12-31": "661.26100", "2012-12-31": "654.40500"}, "Operating Income": {"2019-12-31": "310.45090", "2018-12-31": "267.91200", "2017-12-31": "236.33910", "2016-12-31": "187.09800", "2015-12-31": "163.57700", "2014-12-31": "163.81300", "2013-12-31": "164.44600", "2012-12-31": "150.58700"}, "Total Non-Operating Income/Expense": {"2019-12-31": "-76.63600", "2018-12-31": "-55.92800", "2017-12-31": "-46.19600", "2016-12-31": "-25.10000", "2015-12-31": "-16.32200", "2014-12-31": "74.19600", "2013-12-31": "-0.13500", "2012-12-31": "-0.37600"}, "Pre-Tax Income": {"2019-12-31": "233.81500", "2018-12-31": "211.98400", "2017-12-31": "190.14300", "2016-12-31": "161.99800", "2015-12-31": "147.25500", "2014-12-31": "238.00900", "2013-12-31": "164.31100", "2012-12-31": "150.21100"}, "Income Taxes": {"2019-12-31": "55.23300", "2018-12-31": "47.22400", "2017-12-31": "-45.02800", "2016-12-31": "61.68100", "2015-12-31": "55.43300", "2014-12-31": "90.70000", "2013-12-31": "59.80000", "2012-12-31": "56.30000"}, "Income After Taxes": {"2019-12-31": "178.58200", "2018-12-31": "164.76000", "2017-12-31": "235.17100", "2016-12-31": "100.31700", "2015-12-31": "91.82200", "2014-12-31": "147.30900", "2013-12-31": "104.51100", "2012-12-31": "93.91100"}, "Other Income": {"2019-12-31": "", "2018-12-31": "", "2017-12-31": "", "2016-12-31": "", "2015-12-31": "", "2014-12-31": "", "2013-12-31": "", "2012-12-31": ""}, "Income From Continuous Operations": {"2019-12-31": "178.58200", "2018-12-31": "164.76000", "2017-12-31": "235.17100", "2016-12-31": "100.31700", "2015-12-31": "91.82200", "2014-12-31": "147.30900", "2013-12-31": "104.51100", "2012-12-31": "93.91100"}, "Income From Discontinued Operations": {"2019-12-31": "", "2018-12-31": "", "2017-12-31": "", "2016-12-31": "", "2015-12-31": "", "2014-12-31": "", "2013-12-31": "", "2012-12-31": ""}, "Net Income": {"2019-12-31": "178.58200", "2018-12-31": "164.76000", "2017-12-31": "235.17100", "2016-12-31": "100.31700", "2015-12-31": "91.82200", "2014-12-31": "147.30900", "2013-12-31": "104.51100", "2012-12-31": "93.91100"}, "EBITDA": {"2019-12-31": "531.78390", "2018-12-31": "469.80600", "2017-12-31": "421.13200", "2016-12-31": "336.57900", "2015-12-31": "308.98200", "2014-12-31": "297.98000", "2013-12-31": "290.15500", "2012-12-31": "277.34500"}, "EBIT": {"2019-12-31": "310.45090", "2018-12-31": "267.91200", "2017-12-31": "236.33910", "2016-12-31": "187.09800", "2015-12-31": "163.57700", "2014-12-31": "163.81300", "2013-12-31": "164.44600", "2012-12-31": "150.58700"}, "Basic Shares Outstanding": {"2019-12-31": "5.67900", "2018-12-31": "5.68400", "2017-12-31": "5.68000", "2016-12-31": "5.74400", "2015-12-31": "5.85300", "2014-12-31": "5.84300", "2013-12-31": "5.84300", "2012-12-31": "0.00100"}, "Shares Outstanding": {"2019-12-31": "5.73800", "2018-12-31": "5.72600", "2017-12-31": "5.74700", "2016-12-31": "5.77100", "2015-12-31": "5.86000", "2014-12-31": "5.84300", "2013-12-31": "5.84300", "2012-12-31": "0.00100"}, "Basic EPS": {"2019-12-31": "31.45000", "2018-12-31": "28.98000", "2017-12-31": "41.40000", "2016-12-31": "17.47000", "2015-12-31": "15.69000", "2014-12-31": "25.21000", "2013-12-31": "17.89000", "2012-12-31": "93911.00000"}, "EPS - Earnings Per Share": {"2019-12-31": "31.12000", "2018-12-31": "28.77000", "2017-12-31": "40.92000", "2016-12-31": "17.38000", "2015-12-31": "15.67000", "2014-12-31": "25.21000", "2013-12-31": "17.89000", "2012-12-31": "93911.00000"}}, "income statement, quarterly": {"Revenue": {"2020-09-30": "338.96200", "2020-06-30": "328.30300", "2020-03-31": "321.19600", "2019-12-31": "318.75090", "2019-09-30": "284.99100", "2019-06-30": "285.65000", "2019-03-31": "278.60500", "2018-12-31": "269.85210", "2018-09-30": "268.26800", "2018-06-30": "268.41400", "2018-03-31": "265.76100", "2017-12-31": "257.69800", "2017-09-30": "253.83300", "2017-06-30": "240.99100", "2017-03-31": "207.43400", "2016-12-31": "206.45000", "2016-09-30": "205.53600", "2016-06-30": "204.55700", "2016-03-31": "202.80500", "2015-12-31": "203.44400", "2015-09-30": "198.21500", "2015-06-30": "202.69800", "2015-03-31": "202.90900", "2014-12-31": "201.46800", "2014-09-30": "199.68700", "2014-06-30": "205.11100", "2014-03-31": "208.54600", "2013-12-31": "", "2012-12-31": ""}, "Cost Of Goods Sold": {"2020-09-30": "107.30300", "2020-06-30": "106.02800", "2020-03-31": "105.92800", "2019-12-31": "103.44800", "2019-09-30": "94.89800", "2019-06-30": "95.68800", "2019-03-31": "94.51800", "2018-12-31": "91.79100", "2018-09-30": "91.95600", "2018-06-30": "91.78300", "2018-03-31": "94.73900", "2017-12-31": "92.01500", "2017-09-30": "91.89400", "2017-06-30": "84.04800", "2017-03-31": "69.08300", "2016-12-31": "68.84600", "2016-09-30": "75.63100", "2016-06-30": "75.67200", "2016-03-31": "76.42800", "2015-12-31": "69.16200", "2015-09-30": "75.29100", "2015-06-30": "79.11500", "2015-03-31": "81.26900", "2014-12-31": "79.07000", "2014-09-30": "79.43600", "2014-06-30": "81.58700", "2014-03-31": "87.89300", "2013-12-31": "", "2012-12-31": ""}, "Gross Profit": {"2020-09-30": "231.65900", "2020-06-30": "222.27500", "2020-03-31": "215.26800", "2019-12-31": "215.30290", "2019-09-30": "190.09300", "2019-06-30": "189.96200", "2019-03-31": "184.08700", "2018-12-31": "178.06100", "2018-09-30": "176.31200", "2018-06-30": "176.63100", "2018-03-31": "171.02200", "2017-12-31": "165.68300", "2017-09-30": "161.93900", "2017-06-30": "156.94300", "2017-03-31": "138.35100", "2016-12-31": "137.60400", "2016-09-30": "129.90500", "2016-06-30": "128.88500", "2016-03-31": "126.37700", "2015-12-31": "134.28200", "2015-09-30": "122.92400", "2015-06-30": "123.58300", "2015-03-31": "121.64000", "2014-12-31": "122.39800", "2014-09-30": "120.25100", "2014-06-30": "123.52400", "2014-03-31": "120.65300", "2013-12-31": "", "2012-12-31": ""}, "Research And Development Expenses": {"2020-09-30": "", "2020-06-30": "", "2020-03-31": "", "2019-12-31": "", "2019-09-30": "", "2019-06-30": "", "2019-03-31": "", "2018-12-31": "", "2018-09-30": "", "2018-06-30": "", "2018-03-31": "", "2017-12-31": "", "2017-09-30": "", "2017-06-30": "", "2017-03-31": "", "2016-12-31": "", "2016-09-30": "", "2016-06-30": "", "2016-03-31": "", "2015-12-31": "", "2015-09-30": "", "2015-06-30": "", "2015-03-31": "", "2014-12-31": "0.00000", "2014-09-30": "", "2014-06-30": "", "2014-03-31": "", "2013-12-31": "", "2012-12-31": ""}, "SG&A Expenses": {"2020-09-30": "62.59600", "2020-06-30": "64.99400", "2020-03-31": "62.88400", "2019-12-31": "64.71300", "2019-09-30": "58.86100", "2019-06-30": "60.10300", "2019-03-31": "61.44300", "2018-12-31": "57.63200", "2018-09-30": "59.43900", "2018-06-30": "54.19600", "2018-03-31": "50.94900", "2017-12-31": "55.22800", "2017-09-30": "51.80600", "2017-06-30": "50.96500", "2017-03-31": "46.38500", "2016-12-31": "48.83100", "2016-09-30": "48.80700", "2016-06-30": "43.48200", "2016-03-31": "43.89300", "2015-12-31": "44.23900", "2015-09-30": "47.82000", "2015-06-30": "52.35900", "2015-03-31": "49.32900", "2014-12-31": "45.85000", "2014-09-30": "49.23600", "2014-06-30": "46.27900", "2014-03-31": "47.50700", "2013-12-31": "", "2012-12-31": ""}, "Other Operating Income Or Expenses": {"2020-09-30": "-1.51100", "2020-06-30": "-0.98800", "2020-03-31": "5.62100", "2019-12-31": "-2.81200", "2019-09-30": "-2.36200", "2019-06-30": "-0.91000", "2019-03-31": "-1.10300", "2018-12-31": "-1.65900", "2018-09-30": "-3.14000", "2018-06-30": "-2.73400", "2018-03-31": "-6.63400", "2017-12-31": "-3.75200", "2017-09-30": "-2.50600", "2017-06-30": "-0.46200", "2017-03-31": "6.14600", "2016-12-31": "-1.19600", "2016-09-30": "-1.06000", "2016-06-30": "-0.15700", "2016-03-31": "-0.40800", "2015-12-31": "", "2015-09-30": "", "2015-06-30": "", "2015-03-31": "", "2014-12-31": "", "2014-09-30": "", "2014-06-30": "", "2014-03-31": "", "2013-12-31": "", "2012-12-31": ""}, "Operating Expenses": {"2020-09-30": "242.83100", "2020-06-30": "237.59400", "2020-03-31": "228.47000", "2019-12-31": "230.24400", "2019-09-30": "204.85800", "2019-06-30": "211.53600", "2019-03-31": "210.90800", "2018-12-31": "200.58800", "2018-09-30": "204.94900", "2018-06-30": "197.74600", "2018-03-31": "201.10000", "2017-12-31": "198.34400", "2017-09-30": "192.91800", "2017-06-30": "183.49700", "2017-03-31": "148.85800", "2016-12-31": "161.11200", "2016-09-30": "161.71600", "2016-06-30": "154.00000", "2016-03-31": "155.42200", "2015-12-31": "150.58300", "2015-09-30": "159.21900", "2015-06-30": "166.90900", "2015-03-31": "166.97800", "2014-12-31": "157.10000", "2014-09-30": "163.08900", "2014-06-30": "161.66900", "2014-03-31": "169.17900", "2013-12-31": "", "2012-12-31": ""}, "Operating Income": {"2020-09-30": "96.13100", "2020-06-30": "90.70900", "2020-03-31": "92.72600", "2019-12-31": "88.50700", "2019-09-30": "80.13300", "2019-06-30": "74.11400", "2019-03-31": "67.69700", "2018-12-31": "69.26400", "2018-09-30": "63.31900", "2018-06-30": "70.66800", "2018-03-31": "64.66100", "2017-12-31": "59.35400", "2017-09-30": "60.91500", "2017-06-30": "57.49400", "2017-03-31": "58.57600", "2016-12-31": "45.33800", "2016-09-30": "43.82000", "2016-06-30": "50.55700", "2016-03-31": "47.38300", "2015-12-31": "52.86100", "2015-09-30": "38.99600", "2015-06-30": "35.78900", "2015-03-31": "35.93100", "2014-12-31": "44.36800", "2014-09-30": "36.59800", "2014-06-30": "43.44200", "2014-03-31": "39.36700", "2013-12-31": "", "2012-12-31": ""}, "Total Non-Operating Income/Expense": {"2020-09-30": "-14.32900", "2020-06-30": "-14.96000", "2020-03-31": "-16.94000", "2019-12-31": "-17.69700", "2019-09-30": "-14.49700", "2019-06-30": "-28.14800", "2019-03-31": "-16.29400", "2018-12-31": "-13.79400", "2018-09-30": "-13.95700", "2018-06-30": "-14.07100", "2018-03-31": "-14.10600", "2017-12-31": "-13.03200", "2017-09-30": "-13.74100", "2017-06-30": "-12.10400", "2017-03-31": "-7.31900", "2016-12-31": "-7.48900", "2016-09-30": "-3.20000", "2016-06-30": "-7.36600", "2016-03-31": "-7.04500", "2015-12-31": "-7.64000", "2015-09-30": "-7.70100", "2015-06-30": "-0.96300", "2015-03-31": "-0.01800", "2014-12-31": "-0.96000", "2014-09-30": "75.21700", "2014-06-30": "-0.03200", "2014-03-31": "-0.03200", "2013-12-31": "", "2012-12-31": ""}, "Pre-Tax Income": {"2020-09-30": "81.80200", "2020-06-30": "75.74900", "2020-03-31": "75.78600", "2019-12-31": "70.81000", "2019-09-30": "65.63600", "2019-06-30": "45.96600", "2019-03-31": "51.40300", "2018-12-31": "55.47000", "2018-09-30": "49.36200", "2018-06-30": "56.59700", "2018-03-31": "50.55500", "2017-12-31": "46.32200", "2017-09-30": "47.17400", "2017-06-30": "45.39000", "2017-03-31": "51.25700", "2016-12-31": "37.84900", "2016-09-30": "40.62000", "2016-06-30": "43.19100", "2016-03-31": "40.33800", "2015-12-31": "45.22100", "2015-09-30": "31.29500", "2015-06-30": "34.82600", "2015-03-31": "35.91300", "2014-12-31": "43.45000", "2014-09-30": "111.81500", "2014-06-30": "43.41000", "2014-03-31": "39.33500", "2013-12-31": "", "2012-12-31": ""}, "Income Taxes": {"2020-09-30": "15.51500", "2020-06-30": "13.20900", "2020-03-31": "6.46000", "2019-12-31": "17.19700", "2019-09-30": "15.80100", "2019-06-30": "9.57100", "2019-03-31": "12.66400", "2018-12-31": "13.46200", "2018-09-30": "11.04800", "2018-06-30": "12.81200", "2018-03-31": "9.90200", "2017-12-31": "-97.97100", "2017-09-30": "16.26900", "2017-06-30": "17.53000", "2017-03-31": "19.14400", "2016-12-31": "12.08300", "2016-09-30": "19.74600", "2016-06-30": "16.55800", "2016-03-31": "13.29400", "2015-12-31": "16.35400", "2015-09-30": "11.88300", "2015-06-30": "13.39100", "2015-03-31": "13.80500", "2014-12-31": "16.56000", "2014-09-30": "42.61000", "2014-06-30": "16.54300", "2014-03-31": "14.99000", "2013-12-31": "", "2012-12-31": ""}, "Income After Taxes": {"2020-09-30": "66.28700", "2020-06-30": "62.54000", "2020-03-31": "69.32600", "2019-12-31": "53.61300", "2019-09-30": "49.83500", "2019-06-30": "36.39500", "2019-03-31": "38.73900", "2018-12-31": "42.00800", "2018-09-30": "38.31400", "2018-06-30": "43.78500", "2018-03-31": "40.65300", "2017-12-31": "144.29300", "2017-09-30": "30.90500", "2017-06-30": "27.86000", "2017-03-31": "32.11300", "2016-12-31": "25.76600", "2016-09-30": "20.87400", "2016-06-30": "26.63300", "2016-03-31": "27.04400", "2015-12-31": "28.86700", "2015-09-30": "19.41200", "2015-06-30": "21.43500", "2015-03-31": "22.10800", "2014-12-31": "26.89000", "2014-09-30": "69.20500", "2014-06-30": "26.86700", "2014-03-31": "24.34500", "2013-12-31": "", "2012-12-31": ""}, "Other Income": {"2020-09-30": "", "2020-06-30": "", "2020-03-31": "", "2019-12-31": "", "2019-09-30": "", "2019-06-30": "", "2019-03-31": "", "2018-12-31": "", "2018-09-30": "", "2018-06-30": "", "2018-03-31": "", "2017-12-31": "", "2017-09-30": "", "2017-06-30": "", "2017-03-31": "", "2016-12-31": "", "2016-09-30": "", "2016-06-30": "", "2016-03-31": "", "2015-12-31": "", "2015-09-30": "", "2015-06-30": "", "2015-03-31": "", "2014-12-31": "0.00000", "2014-09-30": "", "2014-06-30": "", "2014-03-31": "", "2013-12-31": "", "2012-12-31": ""}, "Income From Continuous Operations": {"2020-09-30": "66.28700", "2020-06-30": "62.54000", "2020-03-31": "69.32600", "2019-12-31": "53.61300", "2019-09-30": "49.83500", "2019-06-30": "36.39500", "2019-03-31": "38.73900", "2018-12-31": "42.00800", "2018-09-30": "38.31400", "2018-06-30": "43.78500", "2018-03-31": "40.65300", "2017-12-31": "144.29300", "2017-09-30": "30.90500", "2017-06-30": "27.86000", "2017-03-31": "32.11300", "2016-12-31": "25.76600", "2016-09-30": "20.87400", "2016-06-30": "26.63300", "2016-03-31": "27.04400", "2015-12-31": "28.86700", "2015-09-30": "19.41200", "2015-06-30": "21.43500", "2015-03-31": "22.10800", "2014-12-31": "26.89200", "2014-09-30": "69.20500", "2014-06-30": "26.86700", "2014-03-31": "24.34500", "2013-12-31": "", "2012-12-31": ""}, "Income From Discontinued Operations": {"2020-09-30": "", "2020-06-30": "", "2020-03-31": "", "2019-12-31": "", "2019-09-30": "", "2019-06-30": "", "2019-03-31": "", "2018-12-31": "", "2018-09-30": "", "2018-06-30": "", "2018-03-31": "", "2017-12-31": "", "2017-09-30": "", "2017-06-30": "", "2017-03-31": "", "2016-12-31": "", "2016-09-30": "", "2016-06-30": "", "2016-03-31": "", "2015-12-31": "", "2015-09-30": "", "2015-06-30": "", "2015-03-31": "", "2014-12-31": "0.00000", "2014-09-30": "", "2014-06-30": "", "2014-03-31": "", "2013-12-31": "", "2012-12-31": ""}, "Net Income": {"2020-09-30": "66.28700", "2020-06-30": "62.54000", "2020-03-31": "69.32600", "2019-12-31": "53.61300", "2019-09-30": "49.83500", "2019-06-30": "36.39500", "2019-03-31": "38.73900", "2018-12-31": "42.00800", "2018-09-30": "38.31400", "2018-06-30": "43.78500", "2018-03-31": "40.65300", "2017-12-31": "144.29300", "2017-09-30": "30.90500", "2017-06-30": "27.86000", "2017-03-31": "32.11300", "2016-12-31": "25.76600", "2016-09-30": "20.87400", "2016-06-30": "26.63300", "2016-03-31": "27.04400", "2015-12-31": "28.86700", "2015-09-30": "19.41200", "2015-06-30": "21.43500", "2015-03-31": "22.10800", "2014-12-31": "26.89200", "2014-09-30": "69.20500", "2014-06-30": "26.86700", "2014-03-31": "24.34500", "2013-12-31": "", "2012-12-31": ""}, "EBITDA": {"2020-09-30": "168.67000", "2020-06-30": "157.39900", "2020-03-31": "159.11100", "2019-12-31": "148.89700", "2019-09-30": "129.98800", "2019-06-30": "130.24000", "2019-03-31": "122.65900", "2018-12-31": "119.84500", "2018-09-30": "114.80900", "2018-06-30": "120.74300", "2018-03-31": "114.40900", "2017-12-31": "107.69400", "2017-09-30": "108.61900", "2017-06-30": "106.30700", "2017-03-31": "98.51200", "2016-12-31": "87.98600", "2016-09-30": "80.46200", "2016-06-30": "85.65100", "2016-03-31": "82.48000", "2015-12-31": "90.34400", "2015-09-30": "75.10300", "2015-06-30": "71.22400", "2015-03-31": "72.31100", "2014-12-31": "76.53000", "2014-09-30": "71.01500", "2014-06-30": "77.24400", "2014-03-31": "73.14600", "2013-12-31": "", "2012-12-31": ""}, "EBIT": {"2020-09-30": "96.13100", "2020-06-30": "90.70900", "2020-03-31": "92.72600", "2019-12-31": "88.50690", "2019-09-30": "80.13300", "2019-06-30": "74.11400", "2019-03-31": "67.69700", "2018-12-31": "69.26400", "2018-09-30": "63.31900", "2018-06-30": "70.66800", "2018-03-31": "64.66100", "2017-12-31": "59.35410", "2017-09-30": "60.91500", "2017-06-30": "57.49400", "2017-03-31": "58.57600", "2016-12-31": "45.33800", "2016-09-30": "43.82000", "2016-06-30": "50.55700", "2016-03-31": "47.38300", "2015-12-31": "52.86100", "2015-09-30": "38.99600", "2015-06-30": "35.78900", "2015-03-31": "35.93100", "2014-12-31": "44.36800", "2014-09-30": "36.59800", "2014-06-30": "43.44200", "2014-03-31": "39.36700", "2013-12-31": "", "2012-12-31": ""}, "Basic Shares Outstanding": {"2020-09-30": "6.00200", "2020-06-30": "5.83200", "2020-03-31": "5.69800", "2019-12-31": "5.67900", "2019-09-30": "5.68200", "2019-06-30": "5.67400", "2019-03-31": "5.67400", "2018-12-31": "5.68400", "2018-09-30": "5.67400", "2018-06-30": "5.68700", "2018-03-31": "5.70300", "2017-12-31": "5.68000", "2017-09-30": "5.68100", "2017-06-30": "5.67800", "2017-03-31": "5.67200", "2016-12-31": "5.74400", "2016-09-30": "5.72000", "2016-06-30": "5.74300", "2016-03-31": "5.79600", "2015-12-31": "5.85300", "2015-09-30": "5.87200", "2015-06-30": "5.84300", "2015-03-31": "5.84300", "2014-12-31": "5.84600", "2014-09-30": "5.84300", "2014-06-30": "5.84300", "2014-03-31": "0.00100", "2013-12-31": "", "2012-12-31": ""}, "Shares Outstanding": {"2020-09-30": "6.05000", "2020-06-30": "5.88300", "2020-03-31": "5.75500", "2019-12-31": "5.73800", "2019-09-30": "5.74200", "2019-06-30": "5.73000", "2019-03-31": "5.71700", "2018-12-31": "5.72600", "2018-09-30": "5.71800", "2018-06-30": "5.72300", "2018-03-31": "5.74300", "2017-12-31": "5.74700", "2017-09-30": "5.75400", "2017-06-30": "5.74600", "2017-03-31": "5.73100", "2016-12-31": "5.77100", "2016-09-30": "5.75500", "2016-06-30": "5.76600", "2016-03-31": "5.81100", "2015-12-31": "5.86000", "2015-09-30": "5.87600", "2015-06-30": "5.84300", "2015-03-31": "5.84300", "2014-12-31": "5.84600", "2014-09-30": "5.84300", "2014-06-30": "5.84300", "2014-03-31": "0.00100", "2013-12-31": "", "2012-12-31": ""}, "Basic EPS": {"2020-09-30": "11.04000", "2020-06-30": "10.72000", "2020-03-31": "12.17000", "2019-12-31": "9.44000", "2019-09-30": "8.77000", "2019-06-30": "6.41000", "2019-03-31": "6.83000", "2018-12-31": "7.40000", "2018-09-30": "6.75000", "2018-06-30": "7.70000", "2018-03-31": "7.13000", "2017-12-31": "25.39000", "2017-09-30": "5.44000", "2017-06-30": "4.91000", "2017-03-31": "5.66000", "2016-12-31": "4.51000", "2016-09-30": "3.65000", "2016-06-30": "4.64000", "2016-03-31": "4.67000", "2015-12-31": "4.93000", "2015-09-30": "3.31000", "2015-06-30": "3.67000", "2015-03-31": "3.78000", "2014-12-31": "4.60000", "2014-09-30": "11.84000", "2014-06-30": "4.60000", "2014-03-31": "24345.00000", "2013-12-31": "", "2012-12-31": ""}, "EPS - Earnings Per Share": {"2020-09-30": "10.96000", "2020-06-30": "10.63000", "2020-03-31": "12.05000", "2019-12-31": "9.31000", "2019-09-30": "8.68000", "2019-06-30": "6.35000", "2019-03-31": "6.78000", "2018-12-31": "7.34000", "2018-09-30": "6.70000", "2018-06-30": "7.65000", "2018-03-31": "7.08000", "2017-12-31": "25.10000", "2017-09-30": "5.37000", "2017-06-30": "4.85000", "2017-03-31": "5.60000", "2016-12-31": "4.48000", "2016-09-30": "3.63000", "2016-06-30": "4.62000", "2016-03-31": "4.65000", "2015-12-31": "4.92000", "2015-09-30": "3.30000", "2015-06-30": "3.67000", "2015-03-31": "3.78000", "2014-12-31": "4.60000", "2014-09-30": "11.84000", "2014-06-30": "4.60000", "2014-03-31": "24345.00000", "2013-12-31": "0.00000", "2012-12-31": "0.00000"}}, "balance sheet": {"Cash On Hand": {"2019-12-31": "125.27100", "2018-12-31": "264.11300", "2017-12-31": "161.75200", "2016-12-31": "138.04000", "2015-12-31": "119.19900", "2014-12-31": "6.41000", "2013-12-31": "6.23800", "2012-12-31": ""}, "Receivables": {"2019-12-31": "40.59800", "2018-12-31": "40.66000", "2017-12-31": "51.26100", "2016-12-31": "37.59600", "2015-12-31": "34.70500", "2014-12-31": "29.72900", "2013-12-31": "30.35600", "2012-12-31": ""}, "Inventory": {"2019-12-31": "", "2018-12-31": "", "2017-12-31": "", "2016-12-31": "", "2015-12-31": "", "2014-12-31": "", "2013-12-31": "", "2012-12-31": ""}, "Pre-Paid Expenses": {"2019-12-31": "15.61900", "2018-12-31": "13.09000", "2017-12-31": "10.89800", "2016-12-31": "10.82400", "2015-12-31": "10.82400", "2014-12-31": "12.58700", "2013-12-31": "9.15800", "2012-12-31": ""}, "Other Current Assets": {"2019-12-31": "", "2018-12-31": "", "2017-12-31": "", "2016-12-31": "", "2015-12-31": "", "2014-12-31": "", "2013-12-31": "", "2012-12-31": ""}, "Total Current Assets": {"2019-12-31": "181.48800", "2018-12-31": "317.86300", "2017-12-31": "223.91100", "2016-12-31": "186.46000", "2015-12-31": "164.72800", "2014-12-31": "50.12100", "2013-12-31": "46.76800", "2012-12-31": ""}, "Property, Plant, And Equipment": {"2019-12-31": "1201.27100", "2018-12-31": "847.97900", "2017-12-31": "831.89200", "2016-12-31": "642.91500", "2015-12-31": "640.56700", "2014-12-31": "616.23000", "2013-12-31": "595.05700", "2012-12-31": ""}, "Long-Term Investments": {"2019-12-31": "", "2018-12-31": "", "2017-12-31": "", "2016-12-31": "", "2015-12-31": "", "2014-12-31": "", "2013-12-31": "", "2012-12-31": ""}, "Goodwill And Intangible Assets": {"2019-12-31": "1741.97800", "2018-12-31": "1125.98000", "2017-12-31": "1137.87400", "2016-12-31": "582.40800", "2015-12-31": "582.25800", "2014-12-31": "582.38000", "2013-12-31": "604.67100", "2012-12-31": "0.00000"}, "Other Long-Term Assets": {"2019-12-31": "27.09400", "2018-12-31": "11.41200", "2017-12-31": "10.95500", "2016-12-31": "9.30600", "2015-12-31": "11.25200", "2014-12-31": "13.30900", "2013-12-31": "1.84800", "2012-12-31": ""}, "Total Long-Term Assets": {"2019-12-31": "2970.34300", "2018-12-31": "1985.37100", "2017-12-31": "1980.72100", "2016-12-31": "1234.62900", "2015-12-31": "1234.07700", "2014-12-31": "1211.91900", "2013-12-31": "1201.57600", "2012-12-31": ""}, "Total Assets": {"2019-12-31": "3151.83100", "2018-12-31": "2303.23400", "2017-12-31": "2204.63200", "2016-12-31": "1421.08900", "2015-12-31": "1398.80500", "2014-12-31": "1262.04000", "2013-12-31": "1248.34400", "2012-12-31": "0.00000"}, "Total Current Liabilities": {"2019-12-31": "189.54200", "2018-12-31": "133.71300", "2017-12-31": "147.23800", "2016-12-31": "111.14300", "2015-12-31": "126.83200", "2014-12-31": "95.62300", "2013-12-31": "105.14200", "2012-12-31": ""}, "Long Term Debt": {"2019-12-31": "1711.93700", "2018-12-31": "1142.05600", "2017-12-31": "1160.68200", "2016-12-31": "530.88600", "2015-12-31": "535.51100", "2014-12-31": "", "2013-12-31": "", "2012-12-31": ""}, "Other Non-Current Liabilities": {"2019-12-31": "105.46900", "2018-12-31": "9.98000", "2017-12-31": "13.11100", "2016-12-31": "24.43400", "2015-12-31": "24.48900", "2014-12-31": "21.64300", "2013-12-31": "21.11200", "2012-12-31": ""}, "Total Long Term Liabilities": {"2019-12-31": "2120.72000", "2018-12-31": "1394.16300", "2017-12-31": "1380.94700", "2016-12-31": "840.66900", "2015-12-31": "836.62700", "2014-12-31": "313.12900", "2013-12-31": "307.94300", "2012-12-31": ""}, "Total Liabilities": {"2019-12-31": "2310.26200", "2018-12-31": "1527.87600", "2017-12-31": "1528.18500", "2016-12-31": "951.81200", "2015-12-31": "963.45900", "2014-12-31": "408.75200", "2013-12-31": "413.08500", "2012-12-31": "0.00000"}, "Common Stock Net": {"2019-12-31": "0.05900", "2018-12-31": "0.05900", "2017-12-31": "0.05900", "2016-12-31": "0.05900", "2015-12-31": "0.05900", "2014-12-31": "0.05800", "2013-12-31": "0.16900", "2012-12-31": "0.00000"}, "Retained Earnings (Accumulated Deficit)": {"2019-12-31": "980.35500", "2018-12-31": "850.29200", "2017-12-31": "728.38600", "2016-12-31": "526.54200", "2015-12-31": "447.28200", "2014-12-31": "1325.91900", "2013-12-31": "1178.61000", "2012-12-31": ""}, "Comprehensive Income": {"2019-12-31": "-68.15800", "2018-12-31": "-0.09600", "2017-12-31": "-0.35200", "2016-12-31": "-0.44600", "2015-12-31": "-0.55700", "2014-12-31": "", "2013-12-31": "", "2012-12-31": ""}, "Other Share Holders Equity": {"2019-12-31": "", "2018-12-31": "", "2017-12-31": "", "2016-12-31": "", "2015-12-31": "", "2014-12-31": "", "2013-12-31": "", "2012-12-31": "0.00000"}, "Share Holder Equity": {"2019-12-31": "841.56900", "2018-12-31": "775.35800", "2017-12-31": "676.44700", "2016-12-31": "469.27700", "2015-12-31": "435.34600", "2014-12-31": "853.28800", "2013-12-31": "835.25900", "2012-12-31": "0.00000"}, "Total Liabilities And Share Holders Equity": {"2019-12-31": "3151.83100", "2018-12-31": "2303.23400", "2017-12-31": "2204.63200", "2016-12-31": "1421.08900", "2015-12-31": "1398.80500", "2014-12-31": "1262.04000", "2013-12-31": "1248.34400", "2012-12-31": "0.00000"}}, "balance sheet, quarterly": {"Cash On Hand": {"2020-09-30": "625.33200", "2020-06-30": "642.55200", "2020-03-31": "241.89400", "2019-12-31": "125.27100", "2019-09-30": "145.84800", "2019-06-30": "102.28300", "2019-03-31": "187.55900", "2018-12-31": "264.11300", "2018-09-30": "236.90100", "2018-06-30": "203.52200", "2018-03-31": "185.49300", "2017-12-31": "161.75200", "2017-09-30": "118.70100", "2017-06-30": "89.79300", "2017-03-31": "173.46700", "2016-12-31": "138.04000", "2016-09-30": "123.70100", "2016-06-30": "102.74100", "2016-03-31": "106.21700", "2015-12-31": "119.19900", "2015-09-30": "144.50600", "2015-06-30": "105.46500", "2015-03-31": "9.06400", "2014-12-31": "6.41000", "2014-09-30": "", "2014-06-30": "", "2014-03-31": "", "2013-12-31": "6.23000", "2012-12-31": ""}, "Receivables": {"2020-09-30": "93.20000", "2020-06-30": "55.61400", "2020-03-31": "51.41400", "2019-12-31": "40.59800", "2019-09-30": "32.69200", "2019-06-30": "33.03300", "2019-03-31": "33.06800", "2018-12-31": "40.66000", "2018-09-30": "36.73400", "2018-06-30": "43.29400", "2018-03-31": "42.25900", "2017-12-31": "51.26100", "2017-09-30": "72.21200", "2017-06-30": "62.35100", "2017-03-31": "31.03900", "2016-12-31": "37.59600", "2016-09-30": "30.96800", "2016-06-30": "31.09300", "2016-03-31": "29.73800", "2015-12-31": "34.70500", "2015-09-30": "30.40500", "2015-06-30": "29.78000", "2015-03-31": "25.88000", "2014-12-31": "29.72900", "2014-09-30": "", "2014-06-30": "", "2014-03-31": "", "2013-12-31": "30.35000", "2012-12-31": ""}, "Inventory": {"2020-09-30": "", "2020-06-30": "", "2020-03-31": "", "2019-12-31": "", "2019-09-30": "", "2019-06-30": "", "2019-03-31": "", "2018-12-31": "", "2018-09-30": "", "2018-06-30": "", "2018-03-31": "", "2017-12-31": "", "2017-09-30": "", "2017-06-30": "", "2017-03-31": "", "2016-12-31": "", "2016-09-30": "", "2016-06-30": "", "2016-03-31": "", "2015-12-31": "", "2015-09-30": "", "2015-06-30": "", "2015-03-31": "", "2014-12-31": "", "2014-09-30": "", "2014-06-30": "", "2014-03-31": "", "2013-12-31": "", "2012-12-31": ""}, "Pre-Paid Expenses": {"2020-09-30": "21.26300", "2020-06-30": "19.63800", "2020-03-31": "24.47600", "2019-12-31": "15.61900", "2019-09-30": "17.57800", "2019-06-30": "20.40000", "2019-03-31": "21.74200", "2018-12-31": "13.09000", "2018-09-30": "16.69400", "2018-06-30": "18.10400", "2018-03-31": "19.47400", "2017-12-31": "10.89800", "2017-09-30": "12.05300", "2017-06-30": "13.25600", "2017-03-31": "14.16000", "2016-12-31": "10.82400", "2016-09-30": "15.10100", "2016-06-30": "12.21200", "2016-03-31": "15.77200", "2015-12-31": "10.82400", "2015-09-30": "14.93900", "2015-06-30": "14.71300", "2015-03-31": "14.65500", "2014-12-31": "12.58700", "2014-09-30": "", "2014-06-30": "", "2014-03-31": "", "2013-12-31": "", "2012-12-31": ""}, "Other Current Assets": {"2020-09-30": "", "2020-06-30": "", "2020-03-31": "", "2019-12-31": "", "2019-09-30": "", "2019-06-30": "", "2019-03-31": "", "2018-12-31": "", "2018-09-30": "", "2018-06-30": "", "2018-03-31": "", "2017-12-31": "", "2017-09-30": "", "2017-06-30": "", "2017-03-31": "", "2016-12-31": "", "2016-09-30": "", "2016-06-30": "", "2016-03-31": "", "2015-12-31": "", "2015-09-30": "", "2015-06-30": "", "2015-03-31": "", "2014-12-31": "", "2014-09-30": "", "2014-06-30": "", "2014-03-31": "", "2013-12-31": "10.17000", "2012-12-31": ""}, "Total Current Assets": {"2020-09-30": "739.79500", "2020-06-30": "717.80400", "2020-03-31": "317.78400", "2019-12-31": "181.48800", "2019-09-30": "196.11800", "2019-06-30": "155.71600", "2019-03-31": "242.36900", "2018-12-31": "317.86300", "2018-09-30": "290.32900", "2018-06-30": "264.92000", "2018-03-31": "247.22600", "2017-12-31": "223.91100", "2017-09-30": "202.96600", "2017-06-30": "165.40000", "2017-03-31": "218.66600", "2016-12-31": "186.46000", "2016-09-30": "169.77000", "2016-06-30": "146.04600", "2016-03-31": "151.72700", "2015-12-31": "164.72800", "2015-09-30": "190.63600", "2015-06-30": "151.40100", "2015-03-31": "51.04200", "2014-12-31": "50.12100", "2014-09-30": "", "2014-06-30": "", "2014-03-31": "", "2013-12-31": "46.76000", "2012-12-31": ""}, "Property, Plant, And Equipment": {"2020-09-30": "1244.26400", "2020-06-30": "1233.41900", "2020-03-31": "1210.30600", "2019-12-31": "1201.27100", "2019-09-30": "997.14500", "2019-06-30": "977.39800", "2019-03-31": "965.39600", "2018-12-31": "847.97900", "2018-09-30": "837.20600", "2018-06-30": "819.73400", "2018-03-31": "820.00900", "2017-12-31": "831.89200", "2017-09-30": "810.39300", "2017-06-30": "803.38300", "2017-03-31": "616.73900", "2016-12-31": "642.91500", "2016-09-30": "623.29700", "2016-06-30": "635.23600", "2016-03-31": "632.69200", "2015-12-31": "640.56700", "2015-09-30": "606.22100", "2015-06-30": "612.81200", "2015-03-31": "610.75100", "2014-12-31": "616.23000", "2014-09-30": "", "2014-06-30": "", "2014-03-31": "", "2013-12-31": "1959.78000", "2012-12-31": ""}, "Long-Term Investments": {"2020-09-30": "25.25000", "2020-06-30": "", "2020-03-31": "", "2019-12-31": "", "2019-09-30": "", "2019-06-30": "", "2019-03-31": "", "2018-12-31": "", "2018-09-30": "", "2018-06-30": "", "2018-03-31": "", "2017-12-31": "", "2017-09-30": "", "2017-06-30": "", "2017-03-31": "", "2016-12-31": "", "2016-09-30": "", "2016-06-30": "", "2016-03-31": "", "2015-12-31": "", "2015-09-30": "", "2015-06-30": "", "2015-03-31": "", "2014-12-31": "", "2014-09-30": "", "2014-06-30": "", "2014-03-31": "", "2013-12-31": "", "2012-12-31": ""}, "Goodwill And Intangible Assets": {"2020-09-30": "1733.10200", "2020-06-30": "1719.70300", "2020-03-31": "1730.82500", "2019-12-31": "1741.97800", "2019-09-30": "1389.00700", "2019-06-30": "1390.55700", "2019-03-31": "1394.77400", "2018-12-31": "1125.98000", "2018-09-30": "1128.96100", "2018-06-30": "1131.94600", "2018-03-31": "1135.06200", "2017-12-31": "1137.87400", "2017-09-30": "1146.36600", "2017-06-30": "1150.04700", "2017-03-31": "582.38800", "2016-12-31": "582.40800", "2016-09-30": "581.73800", "2016-06-30": "582.20700", "2016-03-31": "582.23200", "2015-12-31": "582.25800", "2015-09-30": "582.30300", "2015-06-30": "582.31900", "2015-03-31": "582.34900", "2014-12-31": "582.38000", "2014-09-30": "0.00000", "2014-06-30": "0.00000", "2014-03-31": "0.00000", "2013-12-31": "604.67000", "2012-12-31": "0.00000"}, "Other Long-Term Assets": {"2020-09-30": "84.39700", "2020-06-30": "72.52400", "2020-03-31": "39.44400", "2019-12-31": "27.09400", "2019-09-30": "26.05700", "2019-06-30": "25.78100", "2019-03-31": "21.69800", "2018-12-31": "11.41200", "2018-09-30": "11.45200", "2018-06-30": "11.45800", "2018-03-31": "11.48900", "2017-12-31": "10.95500", "2017-09-30": "5.50800", "2017-06-30": "5.66400", "2017-03-31": "5.70100", "2016-12-31": "9.30600", "2016-09-30": "9.70300", "2016-06-30": "10.39800", "2016-03-31": "11.01300", "2015-12-31": "11.25200", "2015-09-30": "21.99800", "2015-06-30": "22.41200", "2015-03-31": "13.37400", "2014-12-31": "13.30900", "2014-09-30": "", "2014-06-30": "", "2014-03-31": "", "2013-12-31": "1.84000", "2012-12-31": ""}, "Total Long-Term Assets": {"2020-09-30": "3087.01300", "2020-06-30": "3025.64600", "2020-03-31": "2980.57500", "2019-12-31": "2970.34300", "2019-09-30": "2412.20900", "2019-06-30": "2393.73600", "2019-03-31": "2381.86800", "2018-12-31": "1985.37100", "2018-09-30": "1977.61900", "2018-06-30": "1963.13800", "2018-03-31": "1966.56000", "2017-12-31": "1980.72100", "2017-09-30": "1962.26700", "2017-06-30": "1959.09400", "2017-03-31": "1204.82800", "2016-12-31": "1234.62900", "2016-09-30": "1214.73800", "2016-06-30": "1227.84100", "2016-03-31": "1225.93700", "2015-12-31": "1234.07700", "2015-09-30": "1210.52200", "2015-06-30": "1217.54300", "2015-03-31": "1206.47400", "2014-12-31": "1211.91900", "2014-09-30": "", "2014-06-30": "", "2014-03-31": "", "2013-12-31": "2566.29000", "2012-12-31": ""}, "Total Assets": {"2020-09-30": "3826.80800", "2020-06-30": "3743.45000", "2020-03-31": "3298.35900", "2019-12-31": "3151.83100", "2019-09-30": "2608.32700", "2019-06-30": "2549.45200", "2019-03-31": "2624.23700", "2018-12-31": "2303.23400", "2018-09-30": "2267.94800", "2018-06-30": "2228.05800", "2018-03-31": "2213.78600", "2017-12-31": "2204.63200", "2017-09-30": "2165.23300", "2017-06-30": "2124.49400", "2017-03-31": "1423.49400", "2016-12-31": "1421.08900", "2016-09-30": "1384.50800", "2016-06-30": "1373.88700", "2016-03-31": "1377.66400", "2015-12-31": "1398.80500", "2015-09-30": "1401.15800", "2015-06-30": "1368.94400", "2015-03-31": "1257.51600", "2014-12-31": "1262.04000", "2014-09-30": "0.00000", "2014-06-30": "0.00000", "2014-03-31": "0.00000", "2013-12-31": "1248.34000", "2012-12-31": "0.00000"}, "Total Current Liabilities": {"2020-09-30": "226.54300", "2020-06-30": "207.11800", "2020-03-31": "184.94000", "2019-12-31": "189.54200", "2019-09-30": "153.17900", "2019-06-30": "143.04800", "2019-03-31": "141.20400", "2018-12-31": "133.71300", "2018-09-30": "139.30900", "2018-06-30": "130.73500", "2018-03-31": "132.09700", "2017-12-31": "147.23800", "2017-09-30": "151.28100", "2017-06-30": "134.64600", "2017-03-31": "112.54500", "2016-12-31": "111.14300", "2016-09-30": "112.45000", "2016-06-30": "110.52400", "2016-03-31": "122.52200", "2015-12-31": "126.83200", "2015-09-30": "132.99800", "2015-06-30": "102.40900", "2015-03-31": "86.11700", "2014-12-31": "95.62300", "2014-09-30": "", "2014-06-30": "", "2014-03-31": "", "2013-12-31": "105.14000", "2012-12-31": ""}, "Long Term Debt": {"2020-09-30": "1688.97300", "2020-06-30": "1699.52500", "2020-03-31": "1805.70000", "2019-12-31": "1711.93700", "2019-09-30": "1278.11000", "2019-06-30": "1280.63700", "2019-03-31": "1385.47500", "2018-12-31": "1142.05600", "2018-09-30": "1147.04800", "2018-06-30": "1151.91500", "2018-03-31": "1157.27300", "2017-12-31": "1160.68200", "2017-09-30": "1164.07000", "2017-06-30": "1167.45800", "2017-03-31": "529.40700", "2016-12-31": "530.88600", "2016-09-30": "532.35600", "2016-06-30": "533.81200", "2016-03-31": "534.66300", "2015-12-31": "535.51100", "2015-09-30": "546.55500", "2015-06-30": "547.50000", "2015-03-31": "", "2014-12-31": "", "2014-09-30": "", "2014-06-30": "", "2014-03-31": "", "2013-12-31": "", "2012-12-31": ""}, "Other Non-Current Liabilities": {"2020-09-30": "204.73800", "2020-06-30": "209.90800", "2020-03-31": "201.09600", "2019-12-31": "105.46900", "2019-09-30": "134.48200", "2019-06-30": "99.61400", "2019-03-31": "58.70700", "2018-12-31": "9.98000", "2018-09-30": "10.47600", "2018-06-30": "12.76200", "2018-03-31": "11.64200", "2017-12-31": "13.11100", "2017-09-30": "25.93400", "2017-06-30": "24.39200", "2017-03-31": "23.92600", "2016-12-31": "24.43400", "2016-09-30": "24.89300", "2016-06-30": "24.52400", "2016-03-31": "24.34400", "2015-12-31": "24.48900", "2015-09-30": "23.91600", "2015-06-30": "24.91900", "2015-03-31": "21.39500", "2014-12-31": "21.64300", "2014-09-30": "", "2014-06-30": "", "2014-03-31": "", "2013-12-31": "21.11000", "2012-12-31": ""}, "Total Long Term Liabilities": {"2020-09-30": "2215.86600", "2020-06-30": "2212.78600", "2020-03-31": "2302.52800", "2019-12-31": "2120.72000", "2019-09-30": "1680.38900", "2019-06-30": "1643.49600", "2019-03-31": "1713.99800", "2018-12-31": "1394.16300", "2018-09-30": "1383.30400", "2018-06-30": "1381.39000", "2018-03-31": "1381.77900", "2017-12-31": "1380.94700", "2017-09-30": "1488.32800", "2017-06-30": "1486.70000", "2017-03-31": "830.10300", "2016-12-31": "840.66900", "2016-09-30": "834.43900", "2016-06-30": "831.63300", "2016-03-31": "832.96400", "2015-12-31": "836.62700", "2015-09-30": "837.97100", "2015-06-30": "852.49800", "2015-03-31": "307.34900", "2014-12-31": "313.12900", "2014-09-30": "", "2014-06-30": "", "2014-03-31": "", "2013-12-31": "307.94000", "2012-12-31": ""}, "Total Liabilities": {"2020-09-30": "2442.40900", "2020-06-30": "2419.90400", "2020-03-31": "2487.46800", "2019-12-31": "2310.26200", "2019-09-30": "1833.56800", "2019-06-30": "1786.54400", "2019-03-31": "1855.20200", "2018-12-31": "1527.87600", "2018-09-30": "1522.61300", "2018-06-30": "1512.12500", "2018-03-31": "1513.87600", "2017-12-31": "1528.18500", "2017-09-30": "1639.60900", "2017-06-30": "1621.34600", "2017-03-31": "942.64800", "2016-12-31": "951.81200", "2016-09-30": "946.88900", "2016-06-30": "942.15700", "2016-03-31": "955.48600", "2015-12-31": "963.45900", "2015-09-30": "970.96900", "2015-06-30": "954.90700", "2015-03-31": "393.46600", "2014-12-31": "408.75200", "2014-09-30": "0.00000", "2014-06-30": "0.00000", "2014-03-31": "0.00000", "2013-12-31": "413.08000", "2012-12-31": "0.00000"}, "Common Stock Net": {"2020-09-30": "0.06200", "2020-06-30": "0.06200", "2020-03-31": "0.05900", "2019-12-31": "0.05900", "2019-09-30": "0.05900", "2019-06-30": "0.05900", "2019-03-31": "0.05900", "2018-12-31": "0.05900", "2018-09-30": "0.05900", "2018-06-30": "0.05900", "2018-03-31": "0.05900", "2017-12-31": "0.05900", "2017-09-30": "0.06000", "2017-06-30": "0.05900", "2017-03-31": "0.05900", "2016-12-31": "0.05900", "2016-09-30": "0.05900", "2016-06-30": "0.05900", "2016-03-31": "0.05900", "2015-12-31": "0.05900", "2015-09-30": "0.05900", "2015-06-30": "0.05800", "2015-03-31": "0.16900", "2014-12-31": "0.05800", "2014-09-30": "0.00000", "2014-06-30": "0.00000", "2014-03-31": "0.00000", "2013-12-31": "0.16000", "2012-12-31": "0.00000"}, "Retained Earnings (Accumulated Deficit)": {"2020-09-30": "1137.01000", "2020-06-30": "1085.79300", "2020-03-31": "1036.87700", "2019-12-31": "980.35500", "2019-09-30": "939.60200", "2019-06-30": "902.61500", "2019-03-31": "877.64400", "2018-12-31": "850.29200", "2018-09-30": "819.68700", "2018-06-30": "792.78400", "2018-03-31": "759.00400", "2017-12-31": "728.38600", "2017-09-30": "577.89200", "2017-06-30": "556.40100", "2017-03-31": "536.41200", "2016-12-31": "526.54200", "2016-09-30": "495.96000", "2016-06-30": "483.65600", "2016-03-31": "465.63200", "2015-12-31": "447.28200", "2015-09-30": "434.00900", "2015-06-30": "919.46300", "2015-03-31": "1348.02800", "2014-12-31": "1325.91900", "2014-09-30": "", "2014-06-30": "", "2014-03-31": "", "2013-12-31": "1178.61000", "2012-12-31": ""}, "Comprehensive Income": {"2020-09-30": "-156.43500", "2020-06-30": "-162.24200", "2020-03-31": "-152.78300", "2019-12-31": "-68.15800", "2019-09-30": "-91.20100", "2019-06-30": "-63.13500", "2019-03-31": "-29.16500", "2018-12-31": "-0.09600", "2018-09-30": "-0.35000", "2018-06-30": "-0.35100", "2018-03-31": "-0.35100", "2017-12-31": "-0.35200", "2017-09-30": "-0.44100", "2017-06-30": "-0.44200", "2017-03-31": "-0.44400", "2016-12-31": "-0.44600", "2016-09-30": "-0.47400", "2016-06-30": "-0.50200", "2016-03-31": "-0.53000", "2015-12-31": "-0.55700", "2015-09-30": "", "2015-06-30": "", "2015-03-31": "", "2014-12-31": "", "2014-09-30": "", "2014-06-30": "", "2014-03-31": "", "2013-12-31": "", "2012-12-31": ""}, "Other Share Holders Equity": {"2020-09-30": "", "2020-06-30": "", "2020-03-31": "", "2019-12-31": "", "2019-09-30": "", "2019-06-30": "", "2019-03-31": "", "2018-12-31": "", "2018-09-30": "", "2018-06-30": "", "2018-03-31": "", "2017-12-31": "", "2017-09-30": "", "2017-06-30": "", "2017-03-31": "", "2016-12-31": "", "2016-09-30": "", "2016-06-30": "", "2016-03-31": "", "2015-12-31": "", "2015-09-30": "", "2015-06-30": "", "2015-03-31": "", "2014-12-31": "", "2014-09-30": "0.00000", "2014-06-30": "0.00000", "2014-03-31": "0.00000", "2013-12-31": "0.00000", "2012-12-31": "0.00000"}, "Share Holder Equity": {"2020-09-30": "1384.39900", "2020-06-30": "1323.54600", "2020-03-31": "810.89100", "2019-12-31": "841.56900", "2019-09-30": "774.75900", "2019-06-30": "762.90800", "2019-03-31": "769.03500", "2018-12-31": "775.35800", "2018-09-30": "745.33500", "2018-06-30": "715.93300", "2018-03-31": "699.91000", "2017-12-31": "676.44700", "2017-09-30": "525.62400", "2017-06-30": "503.14800", "2017-03-31": "480.84600", "2016-12-31": "469.27700", "2016-09-30": "437.61900", "2016-06-30": "431.73000", "2016-03-31": "422.17800", "2015-12-31": "435.34600", "2015-09-30": "430.18900", "2015-06-30": "414.03700", "2015-03-31": "864.05000", "2014-12-31": "853.28800", "2014-09-30": "0.00000", "2014-06-30": "0.00000", "2014-03-31": "0.00000", "2013-12-31": "835.25000", "2012-12-31": "0.00000"}, "Total Liabilities And Share Holders Equity": {"2020-09-30": "3826.80800", "2020-06-30": "3743.45000", "2020-03-31": "3298.35900", "2019-12-31": "3151.83100", "2019-09-30": "2608.32700", "2019-06-30": "2549.45200", "2019-03-31": "2624.23700", "2018-12-31": "2303.23400", "2018-09-30": "2267.94800", "2018-06-30": "2228.05800", "2018-03-31": "2213.78600", "2017-12-31": "2204.63200", "2017-09-30": "2165.23300", "2017-06-30": "2124.49400", "2017-03-31": "1423.49400", "2016-12-31": "1421.08900", "2016-09-30": "1384.50800", "2016-06-30": "1373.88700", "2016-03-31": "1377.66400", "2015-12-31": "1398.80500", "2015-09-30": "1401.15800", "2015-06-30": "1368.94400", "2015-03-31": "1257.51600", "2014-12-31": "1262.04000", "2014-09-30": "0.00000", "2014-06-30": "0.00000", "2014-03-31": "0.00000", "2013-12-31": "1248.34000", "2012-12-31": "0.00000"}}, "cash flow statement": {"Net Income/Loss": {"2019-12-31": "178.58200", "2018-12-31": "164.76000", "2017-12-31": "235.17100", "2016-12-31": "100.31700", "2015-12-31": "91.82200", "2014-12-31": "147.30900", "2013-12-31": "104.51100", "2012-12-31": "93.91100"}, "Total Depreciation And Amortization - Cash Flow": {"2019-12-31": "221.33300", "2018-12-31": "201.89400", "2017-12-31": "184.79300", "2016-12-31": "149.48100", "2015-12-31": "145.40500", "2014-12-31": "134.16700", "2013-12-31": "125.70900", "2012-12-31": "126.75800"}, "Other Non-Cash Items": {"2019-12-31": "73.70800", "2018-12-31": "59.73600", "2017-12-31": "-75.29300", "2016-12-31": "8.70400", "2015-12-31": "-2.26300", "2014-12-31": "-68.11800", "2013-12-31": "3.01000", "2012-12-31": "4.51100"}, "Total Non-Cash Items": {"2019-12-31": "295.04100", "2018-12-31": "261.63000", "2017-12-31": "109.50000", "2016-12-31": "158.18500", "2015-12-31": "143.14200", "2014-12-31": "66.04900", "2013-12-31": "128.71900", "2012-12-31": "131.26900"}, "Change In Accounts Receivable": {"2019-12-31": "-3.52000", "2018-12-31": "-0.01700", "2017-12-31": "18.14600", "2016-12-31": "1.77300", "2015-12-31": "-4.97600", "2014-12-31": "0.62700", "2013-12-31": "-0.91700", "2012-12-31": "-1.10200"}, "Change In Inventories": {"2019-12-31": "", "2018-12-31": "", "2017-12-31": "", "2016-12-31": "", "2015-12-31": "", "2014-12-31": "", "2013-12-31": "", "2012-12-31": ""}, "Change In Accounts Payable": {"2019-12-31": "", "2018-12-31": "", "2017-12-31": "", "2016-12-31": "", "2015-12-31": "", "2014-12-31": "", "2013-12-31": "", "2012-12-31": ""}, "Change In Assets/Liabilities": {"2019-12-31": "-3.38100", "2018-12-31": "-1.36900", "2017-12-31": "-28.42100", "2016-12-31": "3.26900", "2015-12-31": "4.63800", "2014-12-31": "-3.03000", "2013-12-31": "1.96800", "2012-12-31": "-0.74400"}, "Total Change In Assets/Liabilities": {"2019-12-31": "18.11800", "2018-12-31": "-18.62100", "2017-12-31": "-20.18500", "2016-12-31": "-1.38100", "2015-12-31": "17.15200", "2014-12-31": "-7.52500", "2013-12-31": "3.41700", "2012-12-31": "5.81700"}, "Cash Flow From Operating Activities": {"2019-12-31": "491.74100", "2018-12-31": "407.76900", "2017-12-31": "324.48600", "2016-12-31": "257.12100", "2015-12-31": "252.11600", "2014-12-31": "205.83300", "2013-12-31": "236.64700", "2012-12-31": "230.99700"}, "Net Change In Property, Plant, And Equipment": {"2019-12-31": "-250.80200", "2018-12-31": "-214.29500", "2017-12-31": "-163.22000", "2016-12-31": "-145.68700", "2015-12-31": "-160.92800", "2014-12-31": "-175.79900", "2013-12-31": "-140.11000", "2012-12-31": "-154.73200"}, "Net Change In Intangible Assets": {"2019-12-31": "", "2018-12-31": "", "2017-12-31": "", "2016-12-31": "", "2015-12-31": "", "2014-12-31": "97.39900", "2013-12-31": "", "2012-12-31": ""}, "Net Acquisitions/Divestitures": {"2019-12-31": "-883.44000", "2018-12-31": "", "2017-12-31": "-727.94700", "2016-12-31": "4.08000", "2015-12-31": "", "2014-12-31": "", "2013-12-31": "", "2012-12-31": ""}, "Net Change In Short-term Investments": {"2019-12-31": "", "2018-12-31": "", "2017-12-31": "", "2016-12-31": "", "2015-12-31": "", "2014-12-31": "", "2013-12-31": "", "2012-12-31": ""}, "Net Change In Long-Term Investments": {"2019-12-31": "", "2018-12-31": "", "2017-12-31": "", "2016-12-31": "", "2015-12-31": "", "2014-12-31": "", "2013-12-31": "", "2012-12-31": ""}, "Net Change In Investments - Total": {"2019-12-31": "", "2018-12-31": "", "2017-12-31": "", "2016-12-31": "", "2015-12-31": "", "2014-12-31": "", "2013-12-31": "", "2012-12-31": ""}, "Investing Activities - Other": {"2019-12-31": "", "2018-12-31": "", "2017-12-31": "", "2016-12-31": "", "2015-12-31": "", "2014-12-31": "", "2013-12-31": "-0.07100", "2012-12-31": "-0.16300"}, "Cash Flow From Investing Activities": {"2019-12-31": "-1134.24200", "2018-12-31": "-214.29500", "2017-12-31": "-891.16700", "2016-12-31": "-141.60700", "2015-12-31": "-160.92800", "2014-12-31": "-78.40000", "2013-12-31": "-140.18100", "2012-12-31": "-154.89500"}, "Net Long-Term Debt": {"2019-12-31": "572.12000", "2018-12-31": "-14.39100", "2017-12-31": "649.35800", "2016-12-31": "-3.76700", "2015-12-31": "539.86400", "2014-12-31": "", "2013-12-31": "", "2012-12-31": ""}, "Net Current Debt": {"2019-12-31": "", "2018-12-31": "", "2017-12-31": "", "2016-12-31": "", "2015-12-31": "", "2014-12-31": "", "2013-12-31": "", "2012-12-31": ""}, "Debt Issuance/Retirement Net - Total": {"2019-12-31": "572.12000", "2018-12-31": "-14.39100", "2017-12-31": "649.35800", "2016-12-31": "-3.76700", "2015-12-31": "539.86400", "2014-12-31": "", "2013-12-31": "", "2012-12-31": ""}, "Net Common Equity Issued/Repurchased": {"2019-12-31": "-5.07300", "2018-12-31": "-26.58200", "2017-12-31": "-0.52800", "2016-12-31": "-56.37000", "2015-12-31": "-16.36700", "2014-12-31": "", "2013-12-31": "", "2012-12-31": ""}, "Net Total Equity Issued/Repurchased": {"2019-12-31": "-5.07300", "2018-12-31": "-26.58200", "2017-12-31": "-0.52800", "2016-12-31": "-56.37000", "2015-12-31": "-16.36700", "2014-12-31": "", "2013-12-31": "", "2012-12-31": ""}, "Total Common And Preferred Stock Dividends Paid": {"2019-12-31": "-48.52700", "2018-12-31": "-42.85400", "2017-12-31": "-37.21600", "2016-12-31": "-34.44500", "2015-12-31": "-458.78200", "2014-12-31": "", "2013-12-31": "", "2012-12-31": ""}, "Financial Activities - Other": {"2019-12-31": "-14.86100", "2018-12-31": "-7.28600", "2017-12-31": "-21.22100", "2016-12-31": "-2.09100", "2015-12-31": "-43.11400", "2014-12-31": "-127.26100", "2013-12-31": "-97.52800", "2012-12-31": "-74.76300"}, "Cash Flow From Financial Activities": {"2019-12-31": "503.65900", "2018-12-31": "-91.11300", "2017-12-31": "590.39300", "2016-12-31": "-96.67300", "2015-12-31": "21.60100", "2014-12-31": "-127.26100", "2013-12-31": "-97.52800", "2012-12-31": "-74.76300"}, "Net Cash Flow": {"2019-12-31": "-138.84200", "2018-12-31": "102.36100", "2017-12-31": "23.71200", "2016-12-31": "18.84100", "2015-12-31": "112.78900", "2014-12-31": "0.17200", "2013-12-31": "-1.06200", "2012-12-31": "1.33900"}, "Stock-Based Compensation": {"2019-12-31": "12.30000", "2018-12-31": "10.48600", "2017-12-31": "10.74300", "2016-12-31": "12.29800", "2015-12-31": "9.21300", "2014-12-31": "1.99700", "2013-12-31": "2.36100", "2012-12-31": "2.52600"}, "Common Stock Dividends Paid": {"2019-12-31": "-48.52700", "2018-12-31": "-42.85400", "2017-12-31": "-37.21600", "2016-12-31": "-34.44500", "2015-12-31": "-458.78200", "2014-12-31": "", "2013-12-31": "", "2012-12-31": ""}}, "cash flow statement, quarterly": {"Net Income/Loss": {"2020-09-30": 66.287, "2020-06-30": 62.54, "2020-03-31": "69.32600", "2019-12-31": 53.613, "2019-09-30": 49.835, "2019-06-30": 36.395, "2019-03-31": "38.73900", "2018-12-31": 42.008, "2018-09-30": 38.314, "2018-06-30": 43.785, "2018-03-31": "40.65300", "2017-12-31": 144.293, "2017-09-30": 30.903, "2017-06-30": 27.862, "2017-03-31": "32.11300", "2016-12-31": 25.765, "2016-09-30": 20.875, "2016-06-30": 26.633, "2016-03-31": "27.04400", "2015-12-31": 28.866, "2015-09-30": 19.413, "2015-06-30": 21.435, "2015-03-31": "22.10800", "2014-12-31": 26.883, "2014-09-30": 69.205, "2014-06-30": 26.867, "2014-03-31": "24.34500", "2013-12-31": 10.6, "2012-12-31": 93.91}, "Total Depreciation And Amortization - Cash Flow": {"2020-09-30": 72.539, "2020-06-30": 66.69, "2020-03-31": "66.38500", "2019-12-31": 60.39, "2019-09-30": 49.855, "2019-06-30": 56.126, "2019-03-31": "54.96200", "2018-12-31": 50.581, "2018-09-30": 51.49, "2018-06-30": 50.075, "2018-03-31": "49.74800", "2017-12-31": 48.34, "2017-09-30": 47.704, "2017-06-30": 48.813, "2017-03-31": "39.93600", "2016-12-31": 42.648, "2016-09-30": 36.642, "2016-06-30": 35.094, "2016-03-31": "35.09700", "2015-12-31": 37.483, "2015-09-30": 36.107, "2015-06-30": 35.435, "2015-03-31": "36.38000", "2014-12-31": 32.162, "2014-09-30": 34.417, "2014-06-30": 33.802, "2014-03-31": "33.77900", "2013-12-31": -1.05, "2012-12-31": 126.75}, "Other Non-Cash Items": {"2020-09-30": 22.377, "2020-06-30": 15.133, "2020-03-31": "17.70800", "2019-12-31": 33.253, "2019-09-30": 16.485, "2019-06-30": 12.744, "2019-03-31": "11.22600", "2018-12-31": 21.23, "2018-09-30": 14.625, "2018-06-30": 9.199, "2018-03-31": "14.68200", "2017-12-31": -90.467, "2017-09-30": 8.683, "2017-06-30": 10.413, "2017-03-31": "-3.92200", "2016-12-31": 1.028, "2016-09-30": 3.975, "2016-06-30": 2.917, "2016-03-31": "0.78400", "2015-12-31": 13.643, "2015-09-30": -9.652, "2015-06-30": -1.364, "2015-03-31": "-4.89000", "2014-12-31": 2.22, "2014-09-30": -73.155, "2014-06-30": 1.555, "2014-03-31": "1.26200", "2013-12-31": 0, "2012-12-31": 0}, "Total Non-Cash Items": {"2020-09-30": 94.916, "2020-06-30": 81.823, "2020-03-31": "84.09300", "2019-12-31": 93.643, "2019-09-30": 66.34, "2019-06-30": 68.87, "2019-03-31": "66.18800", "2018-12-31": 71.811, "2018-09-30": 66.115, "2018-06-30": 59.274, "2018-03-31": "64.43000", "2017-12-31": -42.127, "2017-09-30": 56.387, "2017-06-30": 59.226, "2017-03-31": "36.01400", "2016-12-31": 43.676, "2016-09-30": 40.617, "2016-06-30": 38.011, "2016-03-31": "35.88100", "2015-12-31": 51.126, "2015-09-30": 26.455, "2015-06-30": 34.071, "2015-03-31": "31.49000", "2014-12-31": 102.5, "2014-09-30": -38.738, "2014-06-30": 35.357, "2014-03-31": "35.04100", "2013-12-31": -1.05, "2012-12-31": 126.75}, "Change In Accounts Receivable": {"2020-09-30": -8.37, "2020-06-30": -5.965, "2020-03-31": "3.06600", "2019-12-31": -3.83, "2019-09-30": -0.591, "2019-06-30": -1.93, "2019-03-31": "2.83100", "2018-12-31": -1.779, "2018-09-30": 6.113, "2018-06-30": -8.804, "2018-03-31": "4.45300", "2017-12-31": 24.155, "2017-09-30": -8.272, "2017-06-30": 0.254, "2017-03-31": "2.00900", "2016-12-31": -1.964, "2016-09-30": 0.125, "2016-06-30": -1.355, "2016-03-31": "4.96700", "2015-12-31": -4.3, "2015-09-30": -0.625, "2015-06-30": -3.9, "2015-03-31": "3.84900", "2014-12-31": -5, "2014-09-30": -0.421, "2014-06-30": 0.709, "2014-03-31": "5.33900", "2013-12-31": 0, "2012-12-31": 0}, "Change In Inventories": {"2020-09-30": 0, "2020-06-30": 0, "2020-03-31": "", "2019-12-31": 0, "2019-09-30": 0, "2019-06-30": 0, "2019-03-31": "", "2018-12-31": 0, "2018-09-30": 0, "2018-06-30": 0, "2018-03-31": "", "2017-12-31": 0, "2017-09-30": 0, "2017-06-30": 0, "2017-03-31": "", "2016-12-31": 0, "2016-09-30": 0, "2016-06-30": 0, "2016-03-31": "", "2015-12-31": 0, "2015-09-30": 0, "2015-06-30": 0, "2015-03-31": "", "2014-12-31": 0, "2014-09-30": 0, "2014-06-30": 0, "2014-03-31": "", "2013-12-31": 0, "2012-12-31": 0}, "Change In Accounts Payable": {"2020-09-30": 0, "2020-06-30": 0, "2020-03-31": "", "2019-12-31": 0, "2019-09-30": 0, "2019-06-30": 0, "2019-03-31": "", "2018-12-31": 0, "2018-09-30": 0, "2018-06-30": 0, "2018-03-31": "", "2017-12-31": 0, "2017-09-30": 0, "2017-06-30": 0, "2017-03-31": "", "2016-12-31": 0, "2016-09-30": 0, "2016-06-30": 0, "2016-03-31": "", "2015-12-31": 0, "2015-09-30": 0, "2015-06-30": 0, "2015-03-31": "", "2014-12-31": 0, "2014-09-30": 0, "2014-06-30": 0, "2014-03-31": "", "2013-12-31": 0, "2012-12-31": 0}, "Change In Assets/Liabilities": {"2020-09-30": -2.556, "2020-06-30": 3.13, "2020-03-31": "-10.31400", "2019-12-31": 5.786, "2019-09-30": 2.456, "2019-06-30": -0.746, "2019-03-31": "-10.87700", "2018-12-31": 3.675, "2018-09-30": -0.976, "2018-06-30": 3.662, "2018-03-31": "-7.73000", "2017-12-31": -31.911, "2017-09-30": 4.044, "2017-06-30": 2.65, "2017-03-31": "-3.20400", "2016-12-31": 5.99, "2016-09-30": -2.117, "2016-06-30": 3.987, "2016-03-31": "-4.59100", "2015-12-31": 4.205, "2015-09-30": 0.131, "2015-06-30": 1.638, "2015-03-31": "-1.33600", "2014-12-31": 1.134, "2014-09-30": 1.243, "2014-06-30": -3.579, "2014-03-31": "-1.82800", "2013-12-31": 0, "2012-12-31": 0}, "Total Change In Assets/Liabilities": {"2020-09-30": -34.418, "2020-06-30": 9.332, "2020-03-31": "-34.91900", "2019-12-31": 9.3, "2019-09-30": 6.516, "2019-06-30": 2.851, "2019-03-31": "-0.54900", "2018-12-31": -13.667, "2018-09-30": 6.586, "2018-06-30": -1.149, "2018-03-31": "-10.39100", "2017-12-31": 2.532, "2017-09-30": 1.639, "2017-06-30": -34.489, "2017-03-31": "10.13300", "2016-12-31": -5.892, "2016-09-30": 6.5, "2016-06-30": -16.603, "2016-03-31": "14.61400", "2015-12-31": -22.603, "2015-09-30": 31.622, "2015-06-30": 5.961, "2015-03-31": "2.17200", "2014-12-31": -7.4, "2014-09-30": 7.187, "2014-06-30": -4.088, "2014-03-31": "-3.21900", "2013-12-31": -2.4, "2012-12-31": 5.81}, "Cash Flow From Operating Activities": {"2020-09-30": 126.785, "2020-06-30": 153.695, "2020-03-31": "118.50000", "2019-12-31": 156.556, "2019-09-30": 122.691, "2019-06-30": 108.116, "2019-03-31": "104.37800", "2018-12-31": 100.152, "2018-09-30": 111.015, "2018-06-30": 101.91, "2018-03-31": "94.69200", "2017-12-31": 104.698, "2017-09-30": 88.929, "2017-06-30": 52.599, "2017-03-31": "78.26000", "2016-12-31": 63.549, "2016-09-30": 67.992, "2016-06-30": 48.041, "2016-03-31": "77.53900", "2015-12-31": 57.389, "2015-09-30": 77.49, "2015-06-30": 61.467, "2015-03-31": "55.77000", "2014-12-31": 53.873, "2014-09-30": 37.654, "2014-06-30": 58.136, "2014-03-31": "56.16700", "2013-12-31": 5.65, "2012-12-31": 230.99}, "Net Change In Property, Plant, And Equipment": {"2020-09-30": -79.476, "2020-06-30": -71.062, "2020-03-31": "-72.47700", "2019-12-31": -80.097, "2019-09-30": -61.805, "2019-06-30": -60.848, "2019-03-31": "-48.05200", "2018-12-31": -58.692, "2018-09-30": -63.787, "2018-06-30": -46.197, "2018-03-31": "-45.61900", "2017-12-31": -47.706, "2017-09-30": -48.491, "2017-06-30": -40.038, "2017-03-31": "-26.98500", "2016-12-31": -37.015, "2016-09-30": -33.15, "2016-06-30": -28.957, "2016-03-31": "-46.56500", "2015-12-31": -57.826, "2015-09-30": -28.686, "2015-06-30": -37.007, "2015-03-31": "-37.40900", "2014-12-31": -45.301, "2014-09-30": -44.798, "2014-06-30": -38.803, "2014-03-31": "-46.85800", "2013-12-31": 14.62, "2012-12-31": -154.73}, "Net Change In Intangible Assets": {"2020-09-30": 0, "2020-06-30": 0, "2020-03-31": "", "2019-12-31": 0, "2019-09-30": 0, "2019-06-30": 0, "2019-03-31": "", "2018-12-31": 0, "2018-09-30": 0, "2018-06-30": 0, "2018-03-31": "", "2017-12-31": 0, "2017-09-30": 0, "2017-06-30": 0, "2017-03-31": "", "2016-12-31": 0, "2016-09-30": 0, "2016-06-30": 0, "2016-03-31": "", "2015-12-31": 0, "2015-09-30": 0, "2015-06-30": 0, "2015-03-31": "", "2014-12-31": 0, "2014-09-30": 97.399, "2014-06-30": 0, "2014-03-31": "", "2013-12-31": 0, "2012-12-31": 0}, "Net Acquisitions/Divestitures": {"2020-09-30": -38.296, "2020-06-30": 0, "2020-03-31": "", "2019-12-31": -526.523, "2019-09-30": 0, "2019-06-30": 0, "2019-03-31": "-356.91700", "2018-12-31": 0, "2018-09-30": 0, "2018-06-30": 0, "2018-03-31": "", "2017-12-31": 0, "2017-09-30": 0.836, "2017-06-30": -728.783, "2017-03-31": "", "2016-12-31": -1.912, "2016-09-30": 5.992, "2016-06-30": 0, "2016-03-31": "", "2015-12-31": 0, "2015-09-30": 0, "2015-06-30": 0, "2015-03-31": "", "2014-12-31": 0, "2014-09-30": 0, "2014-06-30": 0, "2014-03-31": "", "2013-12-31": 0, "2012-12-31": 0}, "Net Change In Short-term Investments": {"2020-09-30": 0, "2020-06-30": 0, "2020-03-31": "", "2019-12-31": 0, "2019-09-30": 0, "2019-06-30": 0, "2019-03-31": "", "2018-12-31": 0, "2018-09-30": 0, "2018-06-30": 0, "2018-03-31": "", "2017-12-31": 0, "2017-09-30": 0, "2017-06-30": 0, "2017-03-31": "", "2016-12-31": 0, "2016-09-30": 0, "2016-06-30": 0, "2016-03-31": "", "2015-12-31": 0, "2015-09-30": 0, "2015-06-30": 0, "2015-03-31": "", "2014-12-31": 0, "2014-09-30": 0, "2014-06-30": 0, "2014-03-31": "", "2013-12-31": 0, "2012-12-31": 0}, "Net Change In Long-Term Investments": {"2020-09-30": -10, "2020-06-30": -27.245, "2020-03-31": "", "2019-12-31": 0, "2019-09-30": 0, "2019-06-30": 0, "2019-03-31": "", "2018-12-31": 0, "2018-09-30": 0, "2018-06-30": 0, "2018-03-31": "", "2017-12-31": 0, "2017-09-30": 0, "2017-06-30": 0, "2017-03-31": "", "2016-12-31": 0, "2016-09-30": 0, "2016-06-30": 0, "2016-03-31": "", "2015-12-31": 0, "2015-09-30": 0, "2015-06-30": 0, "2015-03-31": "", "2014-12-31": 0, "2014-09-30": 0, "2014-06-30": 0, "2014-03-31": "", "2013-12-31": 0, "2012-12-31": 0}, "Net Change In Investments - Total": {"2020-09-30": -10, "2020-06-30": -27.245, "2020-03-31": "", "2019-12-31": 0, "2019-09-30": 0, "2019-06-30": 0, "2019-03-31": "", "2018-12-31": 0, "2018-09-30": 0, "2018-06-30": 0, "2018-03-31": "", "2017-12-31": 0, "2017-09-30": 0, "2017-06-30": 0, "2017-03-31": "", "2016-12-31": 0, "2016-09-30": 0, "2016-06-30": 0, "2016-03-31": "", "2015-12-31": 0, "2015-09-30": 0, "2015-06-30": 0, "2015-03-31": "", "2014-12-31": 0, "2014-09-30": 0, "2014-06-30": 0, "2014-03-31": "", "2013-12-31": 0, "2012-12-31": 0}, "Investing Activities - Other": {"2020-09-30": 6, "2020-06-30": -3.748, "2020-03-31": "-3.54000", "2019-12-31": 0, "2019-09-30": 0, "2019-06-30": 0, "2019-03-31": "", "2018-12-31": 0, "2018-09-30": 0, "2018-06-30": 0, "2018-03-31": "", "2017-12-31": 0, "2017-09-30": 0, "2017-06-30": 0, "2017-03-31": "", "2016-12-31": 0, "2016-09-30": 0, "2016-06-30": 0, "2016-03-31": "", "2015-12-31": 0, "2015-09-30": 0, "2015-06-30": 0, "2015-03-31": "", "2014-12-31": 97.4, "2014-09-30": -0.016, "2014-06-30": -0.024, "2014-03-31": "", "2013-12-31": 0.09, "2012-12-31": -0.16}, "Cash Flow From Investing Activities": {"2020-09-30": -121.772, "2020-06-30": -102.055, "2020-03-31": "-76.01700", "2019-12-31": -606.62, "2019-09-30": -61.805, "2019-06-30": -60.848, "2019-03-31": "-404.96900", "2018-12-31": -58.692, "2018-09-30": -63.787, "2018-06-30": -46.197, "2018-03-31": "-45.61900", "2017-12-31": -47.706, "2017-09-30": -47.655, "2017-06-30": -768.821, "2017-03-31": "-26.98500", "2016-12-31": -38.927, "2016-09-30": -27.158, "2016-06-30": -28.957, "2016-03-31": "-46.56500", "2015-12-31": -57.826, "2015-09-30": -28.686, "2015-06-30": -37.007, "2015-03-31": "-37.40900", "2014-12-31": -45.3, "2014-09-30": 52.585, "2014-06-30": -38.827, "2014-03-31": "-46.85800", "2013-12-31": 14.71, "2012-12-31": -154.89}, "Net Long-Term Debt": {"2020-09-30": -7.125, "2020-06-30": -107.13, "2020-03-31": "92.74000", "2019-12-31": 442.56, "2019-09-30": -4.26, "2019-06-30": -111.649, "2019-03-31": "245.46900", "2018-12-31": -4.378, "2018-09-30": -4.38, "2018-06-30": -2.817, "2018-03-31": "-2.81600", "2017-12-31": -2.817, "2017-09-30": -2.817, "2017-06-30": 656.246, "2017-03-31": "-1.25400", "2016-12-31": -1.255, "2016-09-30": -1.254, "2016-06-30": -0.63, "2016-03-31": "-0.62800", "2015-12-31": -0.625, "2015-09-30": -0.625, "2015-06-30": 541.114, "2015-03-31": "", "2014-12-31": 0, "2014-09-30": 0, "2014-06-30": 0, "2014-03-31": "", "2013-12-31": 0, "2012-12-31": 0}, "Net Current Debt": {"2020-09-30": 0, "2020-06-30": 0, "2020-03-31": "", "2019-12-31": 0, "2019-09-30": 0, "2019-06-30": 0, "2019-03-31": "", "2018-12-31": 0, "2018-09-30": 0, "2018-06-30": 0, "2018-03-31": "", "2017-12-31": 0, "2017-09-30": 0, "2017-06-30": 0, "2017-03-31": "", "2016-12-31": 0, "2016-09-30": 0, "2016-06-30": 0, "2016-03-31": "", "2015-12-31": 0, "2015-09-30": 0, "2015-06-30": 0, "2015-03-31": "", "2014-12-31": 0, "2014-09-30": 0, "2014-06-30": 0, "2014-03-31": "", "2013-12-31": 0, "2012-12-31": 0}, "Debt Issuance/Retirement Net - Total": {"2020-09-30": -7.125, "2020-06-30": -107.13, "2020-03-31": "92.74000", "2019-12-31": 442.56, "2019-09-30": -4.26, "2019-06-30": -111.649, "2019-03-31": "245.46900", "2018-12-31": -4.378, "2018-09-30": -4.38, "2018-06-30": -2.817, "2018-03-31": "-2.81600", "2017-12-31": -2.817, "2017-09-30": -2.817, "2017-06-30": 656.246, "2017-03-31": "-1.25400", "2016-12-31": -1.255, "2016-09-30": -1.254, "2016-06-30": -0.63, "2016-03-31": "-0.62800", "2015-12-31": -0.625, "2015-09-30": -0.625, "2015-06-30": 541.114, "2015-03-31": "", "2014-12-31": 0, "2014-09-30": 0, "2014-06-30": 0, "2014-03-31": "", "2013-12-31": 0, "2012-12-31": 0}, "Net Common Equity Issued/Repurchased": {"2020-09-30": 0, "2020-06-30": 0, "2020-03-31": "", "2019-12-31": 0, "2019-09-30": 0, "2019-06-30": 0, "2019-03-31": "-5.07300", "2018-12-31": -4.026, "2018-09-30": 0, "2018-06-30": -20.261, "2018-03-31": "-2.29500", "2017-12-31": -0.129, "2017-09-30": 0, "2017-06-30": 0, "2017-03-31": "-0.39900", "2016-12-31": -0.229, "2016-09-30": -9.63, "2016-06-30": -11.92, "2016-03-31": "-34.59100", "2015-12-31": -10.435, "2015-09-30": -5.932, "2015-06-30": 0, "2015-03-31": "", "2014-12-31": 0, "2014-09-30": 0, "2014-06-30": 0, "2014-03-31": "", "2013-12-31": 0, "2012-12-31": 0}, "Net Total Equity Issued/Repurchased": {"2020-09-30": 0, "2020-06-30": 0, "2020-03-31": "", "2019-12-31": 0, "2019-09-30": 0, "2019-06-30": 0, "2019-03-31": "-5.07300", "2018-12-31": -4.026, "2018-09-30": 0, "2018-06-30": -20.261, "2018-03-31": "-2.29500", "2017-12-31": -0.129, "2017-09-30": 0, "2017-06-30": 0, "2017-03-31": "-0.39900", "2016-12-31": -0.229, "2016-09-30": -9.63, "2016-06-30": -11.92, "2016-03-31": "-34.59100", "2015-12-31": -10.435, "2015-09-30": -5.932, "2015-06-30": 0, "2015-03-31": "", "2014-12-31": 0, "2014-09-30": 0, "2014-06-30": 0, "2014-03-31": "", "2013-12-31": 0, "2012-12-31": 0}, "Total Common And Preferred Stock Dividends Paid": {"2020-09-30": -15.07, "2020-06-30": -13.624, "2020-03-31": "-12.80400", "2019-12-31": -12.86, "2019-09-30": -12.848, "2019-06-30": -11.424, "2019-03-31": "-11.39500", "2018-12-31": -11.403, "2018-09-30": -11.411, "2018-06-30": -10.005, "2018-03-31": "-10.03500", "2017-12-31": -10.028, "2017-09-30": -10.023, "2017-06-30": -8.586, "2017-03-31": "-8.57900", "2016-12-31": -8.571, "2016-09-30": -8.571, "2016-06-30": -8.609, "2016-03-31": "-8.69400", "2015-12-31": -8.782, "2015-09-30": 0, "2015-06-30": -450, "2015-03-31": "", "2014-12-31": 0, "2014-09-30": 0, "2014-06-30": 0, "2014-03-31": "", "2013-12-31": 0, "2012-12-31": 0}, "Financial Activities - Other": {"2020-09-30": -0.038, "2020-06-30": 469.772, "2020-03-31": "-5.79600", "2019-12-31": -0.213, "2019-09-30": -0.213, "2019-06-30": -9.471, "2019-03-31": "-4.96400", "2018-12-31": 5.559, "2018-09-30": 1.942, "2018-06-30": -4.601, "2018-03-31": "-10.18600", "2017-12-31": -0.967, "2017-09-30": 0.474, "2017-06-30": -15.112, "2017-03-31": "-5.61600", "2016-12-31": -0.228, "2016-09-30": -0.419, "2016-06-30": -1.401, "2016-03-31": "-0.04300", "2015-12-31": -5.028, "2015-09-30": -3.206, "2015-06-30": -19.173, "2015-03-31": "-15.70700", "2014-12-31": -8.189, "2014-09-30": -91.4, "2014-06-30": -18.699, "2014-03-31": "-8.97200", "2013-12-31": -22.76, "2012-12-31": -74.76}, "Cash Flow From Financial Activities": {"2020-09-30": -22.233, "2020-06-30": 349.018, "2020-03-31": "74.14000", "2019-12-31": 429.487, "2019-09-30": -17.321, "2019-06-30": -132.544, "2019-03-31": "224.03700", "2018-12-31": -14.248, "2018-09-30": -13.849, "2018-06-30": -37.684, "2018-03-31": "-25.33200", "2017-12-31": -13.941, "2017-09-30": -12.366, "2017-06-30": 632.548, "2017-03-31": "-15.84800", "2016-12-31": -10.283, "2016-09-30": -19.874, "2016-06-30": -22.56, "2016-03-31": "-43.95600", "2015-12-31": -24.87, "2015-09-30": -9.763, "2015-06-30": 71.941, "2015-03-31": "-15.70700", "2014-12-31": -8.189, "2014-09-30": -91.4, "2014-06-30": -18.699, "2014-03-31": "-8.97200", "2013-12-31": -22.76, "2012-12-31": -74.76}, "Net Cash Flow": {"2020-09-30": -17.22, "2020-06-30": 400.658, "2020-03-31": "116.62300", "2019-12-31": -20.577, "2019-09-30": 43.565, "2019-06-30": -85.276, "2019-03-31": "-76.55400", "2018-12-31": 27.212, "2018-09-30": 33.379, "2018-06-30": 18.029, "2018-03-31": "23.74100", "2017-12-31": 43.051, "2017-09-30": 28.908, "2017-06-30": -83.674, "2017-03-31": "35.42700", "2016-12-31": 14.339, "2016-09-30": 20.96, "2016-06-30": -3.476, "2016-03-31": "-12.98200", "2015-12-31": -25.307, "2015-09-30": 39.041, "2015-06-30": 96.401, "2015-03-31": "2.65400", "2014-12-31": 0.384, "2014-09-30": -1.161, "2014-06-30": 0.61, "2014-03-31": "0.33700", "2013-12-31": -2.39, "2012-12-31": 1.33}, "Stock-Based Compensation": {"2020-09-30": 3.867, "2020-06-30": 3.426, "2020-03-31": "3.22100", "2019-12-31": 3.139, "2019-09-30": 3.058, "2019-06-30": 3.082, "2019-03-31": "3.02100", "2018-12-31": 3.224, "2018-09-30": 2.418, "2018-06-30": 2.506, "2018-03-31": "2.33800", "2017-12-31": 2.822, "2017-09-30": 3.076, "2017-06-30": 2.418, "2017-03-31": "2.42700", "2016-12-31": 2.645, "2016-09-30": 3.187, "2016-06-30": 3.42, "2016-03-31": "3.04600", "2015-12-31": 2.875, "2015-09-30": 2.054, "2015-06-30": 4.011, "2015-03-31": "0.27300", "2014-12-31": 0.482, "2014-09-30": 0.498, "2014-06-30": 0.529, "2014-03-31": "0.48800", "2013-12-31": 0, "2012-12-31": 0}, "Common Stock Dividends Paid": {"2020-09-30": -15.07, "2020-06-30": -13.624, "2020-03-31": "-12.80400", "2019-12-31": -12.86, "2019-09-30": -12.848, "2019-06-30": -11.424, "2019-03-31": "-11.39500", "2018-12-31": -11.403, "2018-09-30": -11.411, "2018-06-30": -10.005, "2018-03-31": "-10.03500", "2017-12-31": -10.028, "2017-09-30": -10.023, "2017-06-30": -8.586, "2017-03-31": "-8.57900", "2016-12-31": -8.571, "2016-09-30": -8.571, "2016-06-30": -8.609, "2016-03-31": "-8.69400", "2015-12-31": -8.782, "2015-09-30": 0, "2015-06-30": -450, "2015-03-31": "", "2014-12-31": 0, "2014-09-30": 0, "2014-06-30": 0, "2014-03-31": "", "2013-12-31": 0, "2012-12-31": 0}}, "financial ratios": {"Current Ratio": {"2019-12-31": "0.95750", "2018-12-31": "2.37720", "2017-12-31": "1.52070", "2016-12-31": "1.67770", "2015-12-31": "1.29880", "2014-12-31": "0.52420", "2013-12-31": "0.44480", "2012-12-31": ""}, "Long-term Debt / Capital": {"2019-12-31": "0.67040", "2018-12-31": "0.59560", "2017-12-31": "0.63180", "2016-12-31": "0.53080", "2015-12-31": "0.55160", "2014-12-31": "", "2013-12-31": "", "2012-12-31": ""}, "Debt/Equity Ratio": {"2019-12-31": "2.06860", "2018-12-31": "1.49950", "2017-12-31": "1.73710", "2016-12-31": "1.14460", "2015-12-31": "1.23870", "2014-12-31": "", "2013-12-31": "", "2012-12-31": ""}, "Gross Margin": {"2019-12-31": "66.73350", "2018-12-31": "65.46950", "2017-12-31": "64.89010", "2016-12-31": "63.80330", "2015-12-31": "62.23830", "2014-12-31": "59.74850", "2013-12-31": "57.46890", "2012-12-31": "56.91010"}, "Operating Margin": {"2019-12-31": "26.57980", "2018-12-31": "24.98490", "2017-12-31": "24.61980", "2016-12-31": "22.83500", "2015-12-31": "20.26310", "2014-12-31": "20.10440", "2013-12-31": "19.91580", "2012-12-31": "18.70670"}, "EBIT Margin": {"2019-12-31": "26.57980", "2018-12-31": "24.98490", "2017-12-31": "24.61980", "2016-12-31": "22.83500", "2015-12-31": "20.26310", "2014-12-31": "20.10440", "2013-12-31": "19.91580", "2012-12-31": "18.70670"}, "EBITDA Margin": {"2019-12-31": "45.52960", "2018-12-31": "43.81310", "2017-12-31": "43.86990", "2016-12-31": "41.07890", "2015-12-31": "38.27510", "2014-12-31": "36.57040", "2013-12-31": "35.14020", "2012-12-31": "34.45310"}, "Pre-Tax Profit Margin": {"2019-12-31": "20.01850", "2018-12-31": "19.76920", "2017-12-31": "19.80750", "2016-12-31": "19.77160", "2015-12-31": "18.24120", "2014-12-31": "29.21030", "2013-12-31": "19.89940", "2012-12-31": "18.65990"}, "Net Profit Margin": {"2019-12-31": "15.28960", "2018-12-31": "15.36520", "2017-12-31": "24.49810", "2016-12-31": "12.24350", "2015-12-31": "11.37440", "2014-12-31": "18.07890", "2013-12-31": "12.65720", "2012-12-31": "11.66610"}, "Asset Turnover": {"2019-12-31": "0.37060", "2018-12-31": "0.46560", "2017-12-31": "0.43540", "2016-12-31": "0.57660", "2015-12-31": "0.57710", "2014-12-31": "0.64560", "2013-12-31": "0.66140", "2012-12-31": ""}, "Inventory Turnover Ratio": {"2019-12-31": "", "2018-12-31": "", "2017-12-31": "", "2016-12-31": "", "2015-12-31": "", "2014-12-31": "", "2013-12-31": "", "2012-12-31": ""}, "Receiveable Turnover": {"2019-12-31": "28.76980", "2018-12-31": "26.37220", "2017-12-31": "18.72680", "2016-12-31": "21.79350", "2015-12-31": "23.26080", "2014-12-31": "27.40800", "2013-12-31": "27.20080", "2012-12-31": ""}, "Days Sales In Receivables": {"2019-12-31": "12.68690", "2018-12-31": "13.84030", "2017-12-31": "19.49080", "2016-12-31": "16.74810", "2015-12-31": "15.69160", "2014-12-31": "13.31730", "2013-12-31": "13.41870", "2012-12-31": ""}, "ROE - Return On Equity": {"2019-12-31": "21.22010", "2018-12-31": "21.24950", "2017-12-31": "34.76560", "2016-12-31": "21.37690", "2015-12-31": "21.09170", "2014-12-31": "17.26370", "2013-12-31": "12.51240", "2012-12-31": ""}, "Return On Tangible Equity": {"2019-12-31": "-19.83340", "2018-12-31": "-46.99080", "2017-12-31": "-50.96600", "2016-12-31": "-88.67330", "2015-12-31": "-62.50140", "2014-12-31": "54.37600", "2013-12-31": "45.32370", "2012-12-31": ""}, "ROA - Return On Assets": {"2019-12-31": "5.66600", "2018-12-31": "7.15340", "2017-12-31": "10.66710", "2016-12-31": "7.05920", "2015-12-31": "6.56430", "2014-12-31": "11.67230", "2013-12-31": "8.37200", "2012-12-31": ""}, "ROI - Return On Investment": {"2019-12-31": "6.99360", "2018-12-31": "8.59280", "2017-12-31": "12.80100", "2016-12-31": "10.03010", "2015-12-31": "9.45780", "2014-12-31": "17.26370", "2013-12-31": "12.51240", "2012-12-31": ""}, "Book Value Per Share": {"2019-12-31": "147.25620", "2018-12-31": "135.95620", "2017-12-31": "118.03300", "2016-12-31": "82.21390", "2015-12-31": "74.63500", "2014-12-31": "146.03590", "2013-12-31": "", "2012-12-31": ""}, "Operating Cash Flow Per Share": {"2019-12-31": 14.4854, "2018-12-31": 14.7518, "2017-12-31": 11.9078, "2016-12-31": 1.5308, "2015-12-31": 7.7959, "2014-12-31": -5.2736, "2013-12-31": 40.5009, "2012-12-31": 0}, "Free Cash Flow Per Share": {"2019-12-31": 8.2014, "2018-12-31": 5.7278, "2017-12-31": 8.7516, "2016-12-31": 3.7482, "2015-12-31": 10.4209, "2014-12-31": -11.3816, "2013-12-31": 16.5218, "2012-12-31": 0}}, "financial ratios, quarterly": {"Current Ratio": {"2020-09-30": "3.26560", "2020-06-30": "3.46570", "2020-03-31": "1.71830", "2019-12-31": "0.95750", "2019-09-30": "1.28030", "2019-06-30": "1.08860", "2019-03-31": "1.71640", "2018-12-31": "2.37720", "2018-09-30": "2.08410", "2018-06-30": "2.02640", "2018-03-31": "1.87150", "2017-12-31": "1.52070", "2017-09-30": "1.34160", "2017-06-30": "1.22840", "2017-03-31": "1.94290", "2016-12-31": "1.67770", "2016-09-30": "1.50970", "2016-06-30": "1.32140", "2016-03-31": "1.23840", "2015-12-31": "1.29880", "2015-09-30": "1.43340", "2015-06-30": "1.47840", "2015-03-31": "0.59270", "2014-12-31": "0.52420", "2014-09-30": "", "2014-06-30": "", "2014-03-31": "", "2013-12-31": "", "2012-12-31": ""}, "Long-term Debt / Capital": {"2020-09-30": "0.54960", "2020-06-30": "0.56220", "2020-03-31": "0.69010", "2019-12-31": "0.67040", "2019-09-30": "0.62260", "2019-06-30": "0.62670", "2019-03-31": "0.64310", "2018-12-31": "0.59560", "2018-09-30": "0.60610", "2018-06-30": "0.61670", "2018-03-31": "0.62310", "2017-12-31": "0.63180", "2017-09-30": "0.68890", "2017-06-30": "0.69880", "2017-03-31": "0.52400", "2016-12-31": "0.53080", "2016-09-30": "0.54880", "2016-06-30": "0.55290", "2016-03-31": "0.55880", "2015-12-31": "0.55160", "2015-09-30": "0.55960", "2015-06-30": "0.56940", "2015-03-31": "", "2014-12-31": "", "2014-09-30": "", "2014-06-30": "", "2014-03-31": "", "2013-12-31": "", "2012-12-31": ""}, "Debt/Equity Ratio": {"2020-09-30": "1.24410", "2020-06-30": "1.30590", "2020-03-31": "2.26250", "2019-12-31": "2.06860", "2019-09-30": "1.67190", "2019-06-30": "1.70110", "2019-03-31": "1.83390", "2018-12-31": "1.49950", "2018-09-30": "1.56450", "2018-06-30": "1.63340", "2018-03-31": "1.67620", "2017-12-31": "1.73710", "2017-09-30": "2.23900", "2017-06-30": "2.34270", "2017-03-31": "1.11530", "2016-12-31": "1.14460", "2016-09-30": "1.22930", "2016-06-30": "1.24800", "2016-03-31": "1.27680", "2015-12-31": "1.23870", "2015-09-30": "1.27780", "2015-06-30": "1.32840", "2015-03-31": "", "2014-12-31": "", "2014-09-30": "", "2014-06-30": "", "2014-03-31": "", "2013-12-31": "", "2012-12-31": ""}, "Gross Margin": {"2020-09-30": "68.34360", "2020-06-30": "67.70420", "2020-03-31": "67.02080", "2019-12-31": "67.54580", "2019-09-30": "66.70140", "2019-06-30": "66.50170", "2019-03-31": "66.07460", "2018-12-31": "65.98470", "2018-09-30": "65.72230", "2018-06-30": "65.80540", "2018-03-31": "64.35180", "2017-12-31": "64.29350", "2017-09-30": "63.79750", "2017-06-30": "65.12400", "2017-03-31": "66.69640", "2016-12-31": "66.65250", "2016-09-30": "63.20300", "2016-06-30": "63.00690", "2016-03-31": "62.31450", "2015-12-31": "66.00440", "2015-09-30": "62.01550", "2015-06-30": "60.96900", "2015-03-31": "59.94810", "2014-12-31": "60.75900", "2014-09-30": "60.21980", "2014-06-30": "60.22300", "2014-03-31": "57.85440", "2013-12-31": "", "2012-12-31": ""}, "Operating Margin": {"2020-09-30": "28.36040", "2020-06-30": "27.62970", "2020-03-31": "28.86900", "2019-12-31": "27.76680", "2019-09-30": "28.11770", "2019-06-30": "25.94570", "2019-03-31": "24.29860", "2018-12-31": "25.66740", "2018-09-30": "23.60290", "2018-06-30": "26.32800", "2018-03-31": "24.33050", "2017-12-31": "23.03240", "2017-09-30": "23.99810", "2017-06-30": "23.85730", "2017-03-31": "28.23840", "2016-12-31": "21.96080", "2016-09-30": "21.31990", "2016-06-30": "24.71540", "2016-03-31": "23.36380", "2015-12-31": "25.98310", "2015-09-30": "19.67360", "2015-06-30": "17.65630", "2015-03-31": "17.70790", "2014-12-31": "22.02240", "2014-09-30": "18.32770", "2014-06-30": "21.17980", "2014-03-31": "18.87690", "2013-12-31": "", "2012-12-31": ""}, "EBIT Margin": {"2020-09-30": "28.36040", "2020-06-30": "27.62970", "2020-03-31": "28.86900", "2019-12-31": "27.76680", "2019-09-30": "28.11770", "2019-06-30": "25.94570", "2019-03-31": "24.29860", "2018-12-31": "25.66740", "2018-09-30": "23.60290", "2018-06-30": "26.32800", "2018-03-31": "24.33050", "2017-12-31": "23.03240", "2017-09-30": "23.99810", "2017-06-30": "23.85730", "2017-03-31": "28.23840", "2016-12-31": "21.96080", "2016-09-30": "21.31990", "2016-06-30": "24.71540", "2016-03-31": "23.36380", "2015-12-31": "25.98310", "2015-09-30": "19.67360", "2015-06-30": "17.65630", "2015-03-31": "17.70790", "2014-12-31": "22.02240", "2014-09-30": "18.32770", "2014-06-30": "21.17980", "2014-03-31": "18.87690", "2013-12-31": "", "2012-12-31": ""}, "EBITDA Margin": {"2020-09-30": "", "2020-06-30": "", "2020-03-31": "", "2019-12-31": "", "2019-09-30": "", "2019-06-30": "", "2019-03-31": "", "2018-12-31": "", "2018-09-30": "", "2018-06-30": "", "2018-03-31": "", "2017-12-31": "", "2017-09-30": "", "2017-06-30": "", "2017-03-31": "", "2016-12-31": "", "2016-09-30": "", "2016-06-30": "", "2016-03-31": "", "2015-12-31": "", "2015-09-30": "", "2015-06-30": "", "2015-03-31": "", "2014-12-31": "", "2014-09-30": "", "2014-06-30": "", "2014-03-31": "", "2013-12-31": "", "2012-12-31": ""}, "Pre-Tax Profit Margin": {"2020-09-30": "24.13310", "2020-06-30": "23.07290", "2020-03-31": "23.59490", "2019-12-31": "22.21480", "2019-09-30": "23.03090", "2019-06-30": "16.09170", "2019-03-31": "18.45010", "2018-12-31": "20.55570", "2018-09-30": "18.40030", "2018-06-30": "21.08570", "2018-03-31": "19.02270", "2017-12-31": "17.97530", "2017-09-30": "18.58470", "2017-06-30": "18.83470", "2017-03-31": "24.71000", "2016-12-31": "18.33330", "2016-09-30": "19.76300", "2016-06-30": "21.11440", "2016-03-31": "19.89000", "2015-12-31": "22.22770", "2015-09-30": "15.78840", "2015-06-30": "17.18120", "2015-03-31": "17.69910", "2014-12-31": "21.56670", "2014-09-30": "55.99510", "2014-06-30": "21.16420", "2014-03-31": "18.86160", "2013-12-31": "", "2012-12-31": ""}, "Net Profit Margin": {"2020-09-30": "19.55590", "2020-06-30": "19.04950", "2020-03-31": "21.58370", "2019-12-31": "16.81970", "2019-09-30": "17.48650", "2019-06-30": "12.74110", "2019-03-31": "13.90460", "2018-12-31": "15.56710", "2018-09-30": "14.28200", "2018-06-30": "16.31250", "2018-03-31": "15.29680", "2017-12-31": "55.99310", "2017-09-30": "12.17530", "2017-06-30": "11.56060", "2017-03-31": "15.48110", "2016-12-31": "12.48050", "2016-09-30": "10.15590", "2016-06-30": "13.01980", "2016-03-31": "13.33500", "2015-12-31": "14.18920", "2015-09-30": "9.79340", "2015-06-30": "10.57490", "2015-03-31": "10.89550", "2014-12-31": "13.34800", "2014-09-30": "34.65670", "2014-06-30": "13.09880", "2014-03-31": "11.67370", "2013-12-31": "", "2012-12-31": ""}, "Asset Turnover": {"2020-09-30": "0.08860", "2020-06-30": "0.08770", "2020-03-31": "0.09740", "2019-12-31": "0.10110", "2019-09-30": "0.10930", "2019-06-30": "0.11200", "2019-03-31": "0.10620", "2018-12-31": "0.11720", "2018-09-30": "0.11830", "2018-06-30": "0.12050", "2018-03-31": "0.12000", "2017-12-31": "0.11690", "2017-09-30": "0.11720", "2017-06-30": "0.11340", "2017-03-31": "0.14570", "2016-12-31": "0.14530", "2016-09-30": "0.14850", "2016-06-30": "0.14890", "2016-03-31": "0.14720", "2015-12-31": "0.14540", "2015-09-30": "0.14150", "2015-06-30": "0.14810", "2015-03-31": "0.16140", "2014-12-31": "0.15960", "2014-09-30": "", "2014-06-30": "", "2014-03-31": "", "2013-12-31": "", "2012-12-31": ""}, "Inventory Turnover Ratio": {"2020-09-30": "", "2020-06-30": "", "2020-03-31": "", "2019-12-31": "", "2019-09-30": "", "2019-06-30": "", "2019-03-31": "", "2018-12-31": "", "2018-09-30": "", "2018-06-30": "", "2018-03-31": "", "2017-12-31": "", "2017-09-30": "", "2017-06-30": "", "2017-03-31": "", "2016-12-31": "", "2016-09-30": "", "2016-06-30": "", "2016-03-31": "", "2015-12-31": "", "2015-09-30": "", "2015-06-30": "", "2015-03-31": "", "2014-12-31": "", "2014-09-30": "", "2014-06-30": "", "2014-03-31": "", "2013-12-31": "", "2012-12-31": ""}, "Receiveable Turnover": {"2020-09-30": "3.63690", "2020-06-30": "5.90320", "2020-03-31": "6.24720", "2019-12-31": "7.85140", "2019-09-30": "8.71750", "2019-06-30": "8.64740", "2019-03-31": "8.42520", "2018-12-31": "6.63680", "2018-09-30": "7.30300", "2018-06-30": "6.19980", "2018-03-31": "6.28890", "2017-12-31": "5.02720", "2017-09-30": "3.51510", "2017-06-30": "3.86510", "2017-03-31": "6.68300", "2016-12-31": "5.49130", "2016-09-30": "6.63700", "2016-06-30": "6.57890", "2016-03-31": "6.81970", "2015-12-31": "5.86210", "2015-09-30": "6.51920", "2015-06-30": "6.80650", "2015-03-31": "7.84040", "2014-12-31": "6.77680", "2014-09-30": "", "2014-06-30": "", "2014-03-31": "", "2013-12-31": "", "2012-12-31": ""}, "Days Sales In Receivables": {"2020-09-30": "24.74610", "2020-06-30": "15.24590", "2020-03-31": "14.40630", "2019-12-31": "11.46290", "2019-09-30": "10.32410", "2019-06-30": "10.40770", "2019-03-31": "10.68220", "2018-12-31": "13.56080", "2018-09-30": "12.32370", "2018-06-30": "14.51660", "2018-03-31": "14.31100", "2017-12-31": "17.90270", "2017-09-30": "25.60380", "2017-06-30": "23.28550", "2017-03-31": "13.46700", "2016-12-31": "16.38960", "2016-09-30": "13.56030", "2016-06-30": "13.68020", "2016-03-31": "13.19700", "2015-12-31": "15.35290", "2015-09-30": "13.80550", "2015-06-30": "13.22260", "2015-03-31": "11.47900", "2014-12-31": "13.28060", "2014-09-30": "", "2014-06-30": "", "2014-03-31": "", "2013-12-31": "", "2012-12-31": ""}, "ROE - Return On Equity": {"2020-09-30": "4.78810", "2020-06-30": "4.72520", "2020-03-31": "8.54940", "2019-12-31": "6.37060", "2019-09-30": "6.43230", "2019-06-30": "4.77060", "2019-03-31": "5.03740", "2018-12-31": "5.41790", "2018-09-30": "5.14050", "2018-06-30": "6.11580", "2018-03-31": "5.80830", "2017-12-31": "21.33100", "2017-09-30": "5.87970", "2017-06-30": "5.53710", "2017-03-31": "6.67840", "2016-12-31": "5.49060", "2016-09-30": "4.76990", "2016-06-30": "6.16890", "2016-03-31": "6.40580", "2015-12-31": "6.63080", "2015-09-30": "4.51240", "2015-06-30": "5.17710", "2015-03-31": "2.55860", "2014-12-31": "3.15160", "2014-09-30": "", "2014-06-30": "", "2014-03-31": "", "2013-12-31": "", "2012-12-31": ""}, "Return On Tangible Equity": {"2020-09-30": "-19.00960", "2020-06-30": "-15.78670", "2020-03-31": "-7.53600", "2019-12-31": "-5.95430", "2019-09-30": "-8.11320", "2019-06-30": "-5.79860", "2019-03-31": "-6.19090", "2018-12-31": "-11.98100", "2018-09-30": "-9.98730", "2018-06-30": "-10.52490", "2018-03-31": "-9.34230", "2017-12-31": "-31.27100", "2017-09-30": "-4.97870", "2017-06-30": "-4.30670", "2017-03-31": "-31.62530", "2016-12-31": "-22.77540", "2016-09-30": "-14.48390", "2016-06-30": "-17.69910", "2016-03-31": "-16.89680", "2015-12-31": "-19.64920", "2015-09-30": "-12.76150", "2015-06-30": "-12.73760", "2015-03-31": "7.84800", "2014-12-31": "9.92660", "2014-09-30": "", "2014-06-30": "", "2014-03-31": "", "2013-12-31": "", "2012-12-31": ""}, "ROA - Return On Assets": {"2020-09-30": "1.73220", "2020-06-30": "1.67070", "2020-03-31": "2.10180", "2019-12-31": "1.70100", "2019-09-30": "1.91060", "2019-06-30": "1.42760", "2019-03-31": "1.47620", "2018-12-31": "1.82390", "2018-09-30": "1.68940", "2018-06-30": "1.96520", "2018-03-31": "1.83640", "2017-12-31": "6.54500", "2017-09-30": "1.42730", "2017-06-30": "1.31140", "2017-03-31": "2.25590", "2016-12-31": "1.81310", "2016-09-30": "1.50770", "2016-06-30": "1.93850", "2016-03-31": "1.96300", "2015-12-31": "2.06370", "2015-09-30": "1.38540", "2015-06-30": "1.56580", "2015-03-31": "1.75810", "2014-12-31": "2.13080", "2014-09-30": "", "2014-06-30": "", "2014-03-31": "", "2013-12-31": "", "2012-12-31": ""}, "ROI - Return On Investment": {"2020-09-30": "2.15680", "2020-06-30": "2.06880", "2020-03-31": "2.64950", "2019-12-31": "2.09960", "2019-09-30": "2.42760", "2019-06-30": "1.78100", "2019-03-31": "1.79800", "2018-12-31": "2.19090", "2018-09-30": "2.02460", "2018-06-30": "2.34410", "2018-03-31": "2.18900", "2017-12-31": "7.85430", "2017-09-30": "1.82900", "2017-06-30": "1.66770", "2017-03-31": "3.17870", "2016-12-31": "2.57620", "2016-09-30": "2.15200", "2016-06-30": "2.75830", "2016-03-31": "2.82640", "2015-12-31": "2.97340", "2015-09-30": "1.98740", "2015-06-30": "2.22920", "2015-03-31": "2.55860", "2014-12-31": "3.15160", "2014-09-30": "", "2014-06-30": "", "2014-03-31": "", "2013-12-31": "", "2012-12-31": ""}, "Book Value Per Share": {"2020-09-30": "229.81390", "2020-06-30": "219.85810", "2020-03-31": "141.64040", "2019-12-31": "147.25620", "2019-09-30": "135.68460", "2019-06-30": "133.67940", "2019-03-31": "134.94210", "2018-12-31": "135.95620", "2018-09-30": "130.64590", "2018-06-30": "125.53620", "2018-03-31": "122.10570", "2017-12-31": "118.03300", "2017-09-30": "91.76400", "2017-06-30": "87.88610", "2017-03-31": "84.00520", "2016-12-31": "82.21390", "2016-09-30": "76.60060", "2016-06-30": "75.31930", "2016-03-31": "73.33300", "2015-12-31": "74.63500", "2015-09-30": "73.39860", "2015-06-30": "70.86030", "2015-03-31": "", "2014-12-31": "146.03590", "2014-09-30": "", "2014-06-30": "", "2014-03-31": "", "2013-12-31": "", "2012-12-31": ""}, "Operating Cash Flow Per Share": {"2020-09-30": 19.679, "2020-06-30": 25.6773, "2020-03-31": "20.59080", "2019-12-31": 27.3247, "2019-09-30": 21.2898, "2019-06-30": 18.827, "2019-03-31": "18.25750", "2018-12-31": 17.4156, "2018-09-30": 19.445, "2018-06-30": 17.8647, "2018-03-31": "16.48830", "2017-12-31": 18.2644, "2017-09-30": 15.4235, "2017-06-30": 9.1183, "2017-03-31": "13.65560", "2016-12-31": 10.9185, "2016-09-30": 11.8561, "2016-06-30": 8.4359, "2016-03-31": "13.34350", "2015-12-31": 9.8838, "2015-09-30": 13.0749, "2015-06-30": 10.5197, "2015-03-31": "9.54480", "2014-12-31": 9.202, "2014-09-30": 6.4443, "2014-06-30": 19.5624, "2014-03-31": "", "2013-12-31": 0, "2012-12-31": 0}, "Free Cash Flow Per Share": {"2020-09-30": 7.216, "2020-06-30": 13.8721, "2020-03-31": "7.99700", "2019-12-31": 13.345, "2019-09-30": 10.5659, "2019-06-30": 8.2268, "2019-03-31": "9.85240", "2018-12-31": 7.2035, "2018-09-30": 8.2756, "2018-06-30": 9.7648, "2018-03-31": "8.54480", "2017-12-31": 9.9389, "2017-09-30": 7.0124, "2017-06-30": 2.1626, "2017-03-31": "8.94700", "2016-12-31": 4.5569, "2016-09-30": 6.0708, "2016-06-30": 3.3514, "2016-03-31": "5.33020", "2015-12-31": -0.032, "2015-09-30": 8.2645, "2015-06-30": 4.1862, "2015-03-31": "3.14240", "2014-12-31": 1.4644, "2014-09-30": -1.2226, "2014-06-30": 4.9019, "2014-03-31": "", "2013-12-31": 0, "2012-12-31": 0}}, "revenue": {"Cable One Annual Revenue (Millions of US $)": {"2019": "$1,168", "2018": "$1,072", "2017": "$960", "2016": "$819", "2015": "$807", "2014": "$815", "2013": "$826", "2012": "$805"}, "Cable One Quarterly Revenue (Millions of US $)": {"2020-09-30": "$339", "2020-06-30": "$328", "2020-03-31": "$321", "2019-12-31": "$319", "2019-09-30": "$285", "2019-06-30": "$286", "2019-03-31": "$279", "2018-12-31": "$270", "2018-09-30": "$268", "2018-06-30": "$268", "2018-03-31": "$266", "2017-12-31": "$258", "2017-09-30": "$254", "2017-06-30": "$241", "2017-03-31": "$207", "2016-12-31": "$206", "2016-09-30": "$206", "2016-06-30": "$205", "2016-03-31": "$203", "2015-12-31": "$203", "2015-09-30": "$198", "2015-06-30": "$203", "2015-03-31": "$203", "2014-12-31": "$201", "2014-09-30": "$200", "2014-06-30": "$205", "2014-03-31": "$209", "2013-12-31": "", "2012-12-31": ""}}, "gross-profit": {"Cable One Annual Gross Profit (Millions of US $)": {"2019": "$779", "2018": "$702", "2017": "$623", "2016": "$523", "2015": "$502", "2014": "$487", "2013": "$475", "2012": "$458"}, "Cable One Quarterly Gross Profit (Millions of US $)": {"2020-09-30": "$232", "2020-06-30": "$222", "2020-03-31": "$215", "2019-12-31": "$215", "2019-09-30": "$190", "2019-06-30": "$190", "2019-03-31": "$184", "2018-12-31": "$178", "2018-09-30": "$176", "2018-06-30": "$177", "2018-03-31": "$171", "2017-12-31": "$166", "2017-09-30": "$162", "2017-06-30": "$157", "2017-03-31": "$138", "2016-12-31": "$138", "2016-09-30": "$130", "2016-06-30": "$129", "2016-03-31": "$126", "2015-12-31": "$134", "2015-09-30": "$123", "2015-06-30": "$124", "2015-03-31": "$122", "2014-12-31": "$122", "2014-09-30": "$120", "2014-06-30": "$124", "2014-03-31": "$121", "2013-12-31": "", "2012-12-31": ""}}, "operating-income": {"Cable One Annual Operating Income (Millions of US $)": {"2019": "$310", "2018": "$268", "2017": "$236", "2016": "$187", "2015": "$164", "2014": "$164", "2013": "$164", "2012": "$151"}, "Cable One Quarterly Operating Income (Millions of US $)": {"2020-09-30": "$96", "2020-06-30": "$91", "2020-03-31": "$93", "2019-12-31": "$89", "2019-09-30": "$80", "2019-06-30": "$74", "2019-03-31": "$68", "2018-12-31": "$69", "2018-09-30": "$63", "2018-06-30": "$71", "2018-03-31": "$65", "2017-12-31": "$59", "2017-09-30": "$61", "2017-06-30": "$57", "2017-03-31": "$59", "2016-12-31": "$45", "2016-09-30": "$44", "2016-06-30": "$51", "2016-03-31": "$47", "2015-12-31": "$53", "2015-09-30": "$39", "2015-06-30": "$36", "2015-03-31": "$36", "2014-12-31": "$44", "2014-09-30": "$37", "2014-06-30": "$43", "2014-03-31": "$39", "2013-12-31": "", "2012-12-31": ""}}, "ebitda": {"Cable One Annual EBITDA (Millions of US $)": {"2019": "$532", "2018": "$470", "2017": "$421", "2016": "$337", "2015": "$309", "2014": "$298", "2013": "$290", "2012": "$277"}, "Cable One Quarterly EBITDA (Millions of US $)": {"2020-09-30": "$169", "2020-06-30": "$157", "2020-03-31": "$159", "2019-12-31": "$149", "2019-09-30": "$130", "2019-06-30": "$130", "2019-03-31": "$123", "2018-12-31": "$120", "2018-09-30": "$115", "2018-06-30": "$121", "2018-03-31": "$114", "2017-12-31": "$108", "2017-09-30": "$109", "2017-06-30": "$106", "2017-03-31": "$99", "2016-12-31": "$88", "2016-09-30": "$80", "2016-06-30": "$86", "2016-03-31": "$82", "2015-12-31": "$90", "2015-09-30": "$75", "2015-06-30": "$71", "2015-03-31": "$72", "2014-12-31": "$77", "2014-09-30": "$71", "2014-06-30": "$77", "2014-03-31": "$73", "2013-12-31": "", "2012-12-31": ""}}, "net-income": {"Cable One Annual Net Income (Millions of US $)": {"2019": "$179", "2018": "$165", "2017": "$235", "2016": "$100", "2015": "$92", "2014": "$147", "2013": "$105", "2012": "$94"}, "Cable One Quarterly Net Income (Millions of US $)": {"2020-09-30": "$66", "2020-06-30": "$63", "2020-03-31": "$69", "2019-12-31": "$54", "2019-09-30": "$50", "2019-06-30": "$36", "2019-03-31": "$39", "2018-12-31": "$42", "2018-09-30": "$38", "2018-06-30": "$44", "2018-03-31": "$41", "2017-12-31": "$144", "2017-09-30": "$31", "2017-06-30": "$28", "2017-03-31": "$32", "2016-12-31": "$26", "2016-09-30": "$21", "2016-06-30": "$27", "2016-03-31": "$27", "2015-12-31": "$29", "2015-09-30": "$19", "2015-06-30": "$21", "2015-03-31": "$22", "2014-12-31": "$27", "2014-09-30": "$69", "2014-06-30": "$27", "2014-03-31": "$24", "2013-12-31": "", "2012-12-31": ""}}, "eps-earnings-per-share-diluted": {"Cable One Annual EPS": {"2019": "$31.12", "2018": "$28.77", "2017": "$40.92", "2016": "$17.38", "2015": "$15.67", "2014": "$25.21", "2013": "$17.89", "2012": "$93,911.00"}, "Cable One Quarterly EPS": {"2020-09-30": "$10.96", "2020-06-30": "$10.63", "2020-03-31": "$12.05", "2019-12-31": "$9.31", "2019-09-30": "$8.68", "2019-06-30": "$6.35", "2019-03-31": "$6.78", "2018-12-31": "$7.34", "2018-09-30": "$6.70", "2018-06-30": "$7.65", "2018-03-31": "$7.08", "2017-12-31": "$25.10", "2017-09-30": "$5.37", "2017-06-30": "$4.85", "2017-03-31": "$5.60", "2016-12-31": "$4.48", "2016-09-30": "$3.63", "2016-06-30": "$4.62", "2016-03-31": "$4.65", "2015-12-31": "$4.92", "2015-09-30": "$3.30", "2015-06-30": "$3.67", "2015-03-31": "$3.78", "2014-12-31": "$4.60", "2014-09-30": "$11.84", "2014-06-30": "$4.60", "2014-03-31": "$24,345.00", "2013-12-31": "$0.00", "2012-12-31": "$0.00"}}, "shares-outstanding": {"Cable One Annual Shares Outstanding (Millions of Shares)": {"2019": "6", "2018": "6", "2017": "6", "2016": "6", "2015": "6", "2014": "6", "2013": "6", "2012": "0"}, "Cable One Quarterly Shares Outstanding (Millions of Shares)": {"2020-09-30": "6", "2020-06-30": "6", "2020-03-31": "6", "2019-12-31": "6", "2019-09-30": "6", "2019-06-30": "6", "2019-03-31": "6", "2018-12-31": "6", "2018-09-30": "6", "2018-06-30": "6", "2018-03-31": "6", "2017-12-31": "6", "2017-09-30": "6", "2017-06-30": "6", "2017-03-31": "6", "2016-12-31": "6", "2016-09-30": "6", "2016-06-30": "6", "2016-03-31": "6", "2015-12-31": "6", "2015-09-30": "6", "2015-06-30": "6", "2015-03-31": "6", "2014-12-31": "6", "2014-09-30": "6", "2014-06-30": "6", "2014-03-31": "0", "2013-12-31": "", "2012-12-31": ""}}, "total-assets": {"Cable One Annual Total Assets (Millions of US $)": {"2019": "$3,152", "2018": "$2,303", "2017": "$2,205", "2016": "$1,421", "2015": "$1,399", "2014": "$1,262", "2013": "$1,248", "2012": "$0"}, "Cable One Quarterly Total Assets (Millions of US $)": {"2020-09-30": "$3,827", "2020-06-30": "$3,743", "2020-03-31": "$3,298", "2019-12-31": "$3,152", "2019-09-30": "$2,608", "2019-06-30": "$2,549", "2019-03-31": "$2,624", "2018-12-31": "$2,303", "2018-09-30": "$2,268", "2018-06-30": "$2,228", "2018-03-31": "$2,214", "2017-12-31": "$2,205", "2017-09-30": "$2,165", "2017-06-30": "$2,124", "2017-03-31": "$1,423", "2016-12-31": "$1,421", "2016-09-30": "$1,385", "2016-06-30": "$1,374", "2016-03-31": "$1,378", "2015-12-31": "$1,399", "2015-09-30": "$1,401", "2015-06-30": "$1,369", "2015-03-31": "$1,258", "2014-12-31": "$1,262", "2014-09-30": "$0", "2014-06-30": "$0", "2014-03-31": "$0", "2013-12-31": "$1,248", "2012-12-31": "$0"}}, "cash-on-hand": {"Cable One Annual Cash on Hand (Millions of US $)": {"2019": "$125", "2018": "$264", "2017": "$162", "2016": "$138", "2015": "$119", "2014": "$6", "2013": "$6", "2012": "$"}, "Cable One Quarterly Cash on Hand (Millions of US $)": {"2020-09-30": "$625", "2020-06-30": "$643", "2020-03-31": "$242", "2019-12-31": "$125", "2019-09-30": "$146", "2019-06-30": "$102", "2019-03-31": "$188", "2018-12-31": "$264", "2018-09-30": "$237", "2018-06-30": "$204", "2018-03-31": "$185", "2017-12-31": "$162", "2017-09-30": "$119", "2017-06-30": "$90", "2017-03-31": "$173", "2016-12-31": "$138", "2016-09-30": "$124", "2016-06-30": "$103", "2016-03-31": "$106", "2015-12-31": "$119", "2015-09-30": "$145", "2015-06-30": "$105", "2015-03-31": "$9", "2014-12-31": "$6", "2014-09-30": "", "2014-06-30": "", "2014-03-31": "", "2013-12-31": "$6", "2012-12-31": ""}}, "long-term-debt": {"Cable One Annual Long Term Debt (Millions of US $)": {"2019": "$1,712", "2018": "$1,142", "2017": "$1,161", "2016": "$531", "2015": "$536", "2014": "$", "2013": "$", "2012": "$"}, "Cable One Quarterly Long Term Debt (Millions of US $)": {"2020-09-30": "$1,689", "2020-06-30": "$1,700", "2020-03-31": "$1,806", "2019-12-31": "$1,712", "2019-09-30": "$1,278", "2019-06-30": "$1,281", "2019-03-31": "$1,385", "2018-12-31": "$1,142", "2018-09-30": "$1,147", "2018-06-30": "$1,152", "2018-03-31": "$1,157", "2017-12-31": "$1,161", "2017-09-30": "$1,164", "2017-06-30": "$1,167", "2017-03-31": "$529", "2016-12-31": "$531", "2016-09-30": "$532", "2016-06-30": "$534", "2016-03-31": "$535", "2015-12-31": "$536", "2015-09-30": "$547", "2015-06-30": "$548", "2015-03-31": "", "2014-12-31": "", "2014-09-30": "", "2014-06-30": "", "2014-03-31": "", "2013-12-31": "", "2012-12-31": ""}}, "total-liabilities": {"Cable One Annual Total Liabilities (Millions of US $)": {"2019": "$2,310", "2018": "$1,528", "2017": "$1,528", "2016": "$952", "2015": "$963", "2014": "$409", "2013": "$413", "2012": "$0"}, "Cable One Quarterly Total Liabilities (Millions of US $)": {"2020-09-30": "$2,442", "2020-06-30": "$2,420", "2020-03-31": "$2,487", "2019-12-31": "$2,310", "2019-09-30": "$1,834", "2019-06-30": "$1,787", "2019-03-31": "$1,855", "2018-12-31": "$1,528", "2018-09-30": "$1,523", "2018-06-30": "$1,512", "2018-03-31": "$1,514", "2017-12-31": "$1,528", "2017-09-30": "$1,640", "2017-06-30": "$1,621", "2017-03-31": "$943", "2016-12-31": "$952", "2016-09-30": "$947", "2016-06-30": "$942", "2016-03-31": "$955", "2015-12-31": "$963", "2015-09-30": "$971", "2015-06-30": "$955", "2015-03-31": "$393", "2014-12-31": "$409", "2014-09-30": "$0", "2014-06-30": "$0", "2014-03-31": "$0", "2013-12-31": "$413", "2012-12-31": "$0"}}, "total-share-holder-equity": {"Cable One Annual Share Holder Equity (Millions of US $)": {"2019": "$842", "2018": "$775", "2017": "$676", "2016": "$469", "2015": "$435", "2014": "$853", "2013": "$835", "2012": "$0"}, "Cable One Quarterly Share Holder Equity (Millions of US $)": {"2020-09-30": "$1,384", "2020-06-30": "$1,324", "2020-03-31": "$811", "2019-12-31": "$842", "2019-09-30": "$775", "2019-06-30": "$763", "2019-03-31": "$769", "2018-12-31": "$775", "2018-09-30": "$745", "2018-06-30": "$716", "2018-03-31": "$700", "2017-12-31": "$676", "2017-09-30": "$526", "2017-06-30": "$503", "2017-03-31": "$481", "2016-12-31": "$469", "2016-09-30": "$438", "2016-06-30": "$432", "2016-03-31": "$422", "2015-12-31": "$435", "2015-09-30": "$430", "2015-06-30": "$414", "2015-03-31": "$864", "2014-12-31": "$853", "2014-09-30": "$0", "2014-06-30": "$0", "2014-03-31": "$0", "2013-12-31": "$835", "2012-12-31": "$0"}}, "profit-margins": {"current": "19.26%"}, "gross margin": {"2020-09-30": "67.64%", "2020-06-30": "67.20%", "2020-03-31": "66.89%", "2019-12-31": "66.64%", "2019-09-30": "66.25%", "2019-06-30": "66.00%", "2019-03-31": "65.90%", "2018-12-31": "65.49%", "2018-09-30": "65.09%", "2018-06-30": "64.63%", "2018-03-31": "64.38%", "2017-12-31": "64.90%", "2017-09-30": "65.53%", "2017-06-30": "65.47%", "2017-03-31": "64.93%", "2016-12-31": "63.78%", "2016-09-30": "63.53%", "2016-06-30": "63.29%", "2016-03-31": "62.83%", "2015-12-31": "62.33%", "2015-09-30": "60.99%", "2015-06-30": "60.47%", "2015-03-31": "60.32%", "2014-12-31": "59.75%"}, "operating margin": {"2020-09-30": "28.23%", "2020-06-30": "28.17%", "2020-03-31": "27.75%", "2019-12-31": "26.60%", "2019-09-30": "25.98%", "2019-06-30": "24.84%", "2019-03-31": "24.98%", "2018-12-31": "25.00%", "2018-09-30": "24.34%", "2018-06-30": "24.47%", "2018-03-31": "23.75%", "2017-12-31": "24.58%", "2017-09-30": "24.45%", "2017-06-30": "23.84%", "2017-03-31": "24.15%", "2016-12-31": "22.80%", "2016-09-30": "23.87%", "2016-06-30": "23.49%", "2016-03-31": "21.69%", "2015-12-31": "20.32%", "2015-09-30": "19.25%", "2015-06-30": "18.96%", "2015-03-31": "19.78%", "2014-12-31": "20.00%"}, "ebitda margin": {"2020-09-30": "48.51%", "2020-06-30": "47.49%", "2020-03-31": "46.90%", "2019-12-31": "45.51%", "2019-09-30": "44.91%", "2019-06-30": "44.24%", "2019-03-31": "44.15%", "2018-12-31": "43.84%", "2018-09-30": "43.21%", "2018-06-30": "43.21%", "2018-03-31": "42.89%", "2017-12-31": "43.96%", "2017-09-30": "44.27%", "2017-06-30": "43.37%", "2017-03-31": "42.84%", "2016-12-31": "40.98%", "2016-09-30": "41.37%", "2016-06-30": "41.16%", "2016-03-31": "39.41%", "2015-12-31": "38.17%", "2015-09-30": "36.65%", "2015-06-30": "36.06%", "2015-03-31": "36.71%", "2014-12-31": "36.56%"}, "pre tax profit margin": {"2020-09-30": "23.34%", "2020-06-30": "23.06%", "2020-03-31": "21.39%", "2019-12-31": "20.02%", "2019-09-30": "19.46%", "2019-06-30": "18.22%", "2019-03-31": "19.54%", "2018-12-31": "19.78%", "2018-09-30": "19.15%", "2018-06-30": "19.22%", "2018-03-31": "18.55%", "2017-12-31": "19.69%", "2017-09-30": "19.93%", "2017-06-30": "20.35%", "2017-03-31": "21.00%", "2016-12-31": "19.76%", "2016-09-30": "20.69%", "2016-06-30": "19.65%", "2016-03-31": "18.71%", "2015-12-31": "18.22%", "2015-09-30": "18.01%", "2015-06-30": "28.00%", "2015-03-31": "28.92%", "2014-12-31": "29.08%"}, "net profit margin": {"2020-09-30": "19.28%", "2020-06-30": "18.83%", "2020-03-31": "17.26%", "2019-12-31": "15.31%", "2019-09-30": "14.91%", "2019-06-30": "14.05%", "2019-03-31": "15.02%", "2018-12-31": "15.39%", "2018-09-30": "25.19%", "2018-06-30": "24.86%", "2018-03-31": "23.95%", "2017-12-31": "24.48%", "2017-09-30": "12.89%", "2017-06-30": "12.44%", "2017-03-31": "12.86%", "2016-12-31": "12.32%", "2016-09-30": "12.73%", "2016-06-30": "12.61%", "2016-03-31": "11.90%", "2015-12-31": "11.28%", "2015-09-30": "11.06%", "2015-06-30": "17.22%", "2015-03-31": "17.92%", "2014-12-31": "18.04%"}, "pe ratio": {"current": "48.45", "2021-02-05": "48.03", "2020-09-30": "43.83", "2020-06-30": "43.52", "2020-03-31": "44.99", "2019-12-31": "47.57", "2019-09-30": "42.76", "2019-06-30": "42.74", "2019-03-31": "34.12", "2018-12-31": "28.16", "2018-09-30": "18.80", "2018-06-30": "15.98", "2018-03-31": "15.88", "2017-12-31": "16.72", "2017-09-30": "34.39", "2017-06-30": "37.13", "2017-03-31": "33.17", "2016-12-31": "35.16", "2016-09-30": "32.54", "2016-06-30": "28.97"}, "price sales": {"2021-02-05": "9.24", "2020-09-30": "8.44", "2020-06-30": "8.17", "2020-03-31": "7.77", "2019-12-31": "7.27", "2019-09-30": "6.38", "2019-06-30": "6.03", "2019-03-31": "5.12", "2018-12-31": "4.33", "2018-09-30": "4.71", "2018-06-30": "3.96", "2018-03-31": "3.80", "2017-12-31": "4.12", "2017-09-30": "4.46", "2017-06-30": "4.62", "2017-03-31": "4.24", "2016-12-31": "4.25", "2016-09-30": "4.01", "2016-06-30": "3.55"}, "price book": {"current": "8.98", "2021-02-05": "8.98", "2020-09-30": "8.19", "2020-06-30": "8.05", "2020-03-31": "11.56", "2019-12-31": "10.06", "2019-09-30": "9.19", "2019-06-30": "8.69", "2019-03-31": "7.20", "2018-12-31": "5.96", "2018-09-30": "6.67", "2018-06-30": "5.74", "2018-03-31": "5.52", "2017-12-31": "5.83", "2017-09-30": "7.68", "2017-06-30": "7.87", "2017-03-31": "7.22", "2016-12-31": "7.33", "2016-09-30": "7.37", "2016-06-30": "6.54", "2016-03-31": "5.73", "2015-12-31": "5.56", "2015-09-30": "5.45"}, "price fcf": {"2021-02-05": "", "2020-09-30": "$42.43", "2020-06-30": "$45.78", "2020-03-31": "$40.13", "2019-12-31": "$41.99", "2019-09-30": "$35.85", "2019-06-30": "$33.56", "2019-03-31": "$35.10", "2018-12-31": "$33.79", "2018-09-30": "$36.52", "2018-06-30": "$35.26", "2018-03-31": "$27.66", "2017-12-31": "$28.06", "2017-09-30": "$22.68", "2017-06-30": "$21.74", "2017-03-31": "$22.93", "2016-12-31": "$19.31", "2016-09-30": "$14.72", "2016-06-30": "$24.24"}, "net worth": {"value": "$12.43B"}, "current ratio": {"current": "3.27", "2020-09-30": "3.27", "2020-06-30": "3.47", "2020-03-31": "1.72", "2019-12-31": "0.96", "2019-09-30": "1.28", "2019-06-30": "1.09", "2019-03-31": "1.72", "2018-12-31": "2.38", "2018-09-30": "2.08", "2018-06-30": "2.03", "2018-03-31": "1.87", "2017-12-31": "1.52", "2017-09-30": "1.34", "2017-06-30": "1.23", "2017-03-31": "1.94", "2016-12-31": "1.68", "2016-09-30": "1.51", "2016-06-30": "1.32", "2016-03-31": "1.24", "2015-12-31": "1.30", "2015-09-30": "1.43", "2015-06-30": "1.48", "2015-03-31": "0.59", "2014-12-31": "0.52", "2014-09-30": "0.00", "2014-06-30": "0.00", "2014-03-31": "0.00", "2013-12-31": "0.45", "2012-12-31": "0.00"}, "quick ratio": {"2020-09-30": "0.00", "2020-06-30": "0.00", "2020-03-31": "0.00", "2019-12-31": "0.00", "2019-09-30": "0.00", "2019-06-30": "0.00", "2019-03-31": "0.00", "2018-12-31": "0.00", "2018-09-30": "0.00", "2018-06-30": "0.00", "2018-03-31": "0.00", "2017-12-31": "0.00", "2017-09-30": "0.00", "2017-06-30": "0.00", "2017-03-31": "0.00", "2016-12-31": "0.00", "2016-09-30": "0.00", "2016-06-30": "0.00", "2016-03-31": "0.00", "2015-12-31": "0.00", "2015-09-30": "0.00", "2015-06-30": "0.00", "2015-03-31": "0.00", "2014-12-31": "0.00", "2014-09-30": "0.00", "2014-06-30": "0.00", "2014-03-31": "0.00", "2013-12-31": "0.00", "2012-12-31": "0.00"}, "debt equity ratio": {"current": "1.22", "2020-09-30": "1.76", "2020-06-30": "1.83", "2020-03-31": "3.07", "2019-12-31": "2.75", "2019-09-30": "2.37", "2019-06-30": "2.34", "2019-03-31": "2.41", "2018-12-31": "1.97", "2018-09-30": "2.04", "2018-06-30": "2.11", "2018-03-31": "2.16", "2017-12-31": "2.26", "2017-09-30": "3.12", "2017-06-30": "3.22", "2017-03-31": "1.96", "2016-12-31": "2.03", "2016-09-30": "2.16", "2016-06-30": "2.18", "2016-03-31": "2.26", "2015-12-31": "2.21", "2015-09-30": "2.26", "2015-06-30": "2.31", "2015-03-31": "0.46", "2014-12-31": "0.48", "2014-09-30": "0.00", "2014-06-30": "0.00", "2014-03-31": "0.00", "2013-12-31": "0.50", "2012-12-31": "0.00"}, "return on equity": {"2020-09-30": "23.11%", "2020-06-30": "25.16%", "2020-03-31": "26.20%", "2019-12-31": "22.74%", "2019-09-30": "21.67%", "2019-06-30": "20.31%", "2019-03-31": "21.70%", "2018-12-31": "22.48%", "2018-09-30": "37.65%", "2018-06-30": "39.72%", "2018-03-31": "40.58%", "2017-12-31": "43.00%", "2017-09-30": "23.65%", "2017-06-30": "22.63%", "2017-03-31": "23.30%", "2016-12-31": "22.94%", "2016-09-30": "24.09%", "2016-06-30": "23.73%", "2016-03-31": "22.57%", "2015-12-31": "16.99%", "2015-09-30": "13.90%", "2015-06-30": "26.09%", "2015-03-31": "33.78%", "2014-12-31": "68.93%"}, "return on assets": {"2020-09-30": "7.19%", "2020-06-30": "7.37%", "2020-03-31": "7.20%", "2019-12-31": "6.55%", "2019-09-30": "6.62%", "2019-06-30": "6.36%", "2019-03-31": "6.92%", "2018-12-31": "7.32%", "2018-09-30": "11.98%", "2018-06-30": "11.80%", "2018-03-31": "11.21%", "2017-12-31": "11.87%", "2017-09-30": "6.56%", "2017-06-30": "6.74%", "2017-03-31": "7.57%", "2016-12-31": "7.27%", "2016-09-30": "7.51%", "2016-06-30": "7.35%", "2016-03-31": "6.92%", "2015-12-31": "6.71%", "2015-09-30": "6.73%", "2015-06-30": "14.30%", "2015-03-31": "23.02%", "2014-12-31": "46.59%"}, "return on investments": {"2020-09-30": "13.10%", "2020-06-30": "13.78%", "2020-03-31": "14.50%", "2019-12-31": "14.13%", "2019-09-30": "14.25%", "2019-06-30": "13.69%", "2019-03-31": "13.84%", "2018-12-31": "14.23%", "2018-09-30": "13.84%", "2018-06-30": "14.12%", "2018-03-31": "13.72%", "2017-12-31": "15.21%", "2017-09-30": "16.53%", "2017-06-30": "17.63%", "2017-03-31": "20.17%", "2016-12-31": "19.21%", "2016-09-30": "20.19%", "2016-06-30": "19.63%", "2016-03-31": "18.10%", "2015-12-31": "22.54%", "2015-09-30": "31.98%", "2015-06-30": "63.62%", "2015-03-31": "inf%", "2014-12-31": "inf%"}, "return on tangible equity": {"2020-09-30": "-39.30%", "2020-06-30": "-33.36%", "2020-03-31": "-27.30%", "2019-12-31": "-25.87%", "2019-09-30": "-30.10%", "2019-06-30": "-31.17%", "2019-03-31": "-36.69%", "2018-12-31": "-41.61%", "2018-09-30": "-62.97%", "2018-06-30": "-53.80%", "2018-03-31": "-45.10%", "2017-12-31": "-51.34%", "2017-09-30": "-31.56%", "2017-06-30": "-42.54%", "2017-03-31": "-83.30%", "2016-12-31": "-71.25%", "2016-09-30": "-69.22%", "2016-06-30": "-67.00%", "2016-03-31": "-61.24%", "2015-12-31": "-196.76%", "2015-09-30": "152.79%", "2015-06-30": "144.42%", "2015-03-31": "104.88%", "2014-12-31": "216.97%"}, "dividend yield history": {"last payout": "$10.00", "last yield": "0.48%"}}