{"ticker": "COG", "price": {"title": "Cabot Oil & Gas Historical Annual Stock Price Data", "value": 17.56, "historical": {"2021": {"Average Stock Price": "18.2479", "Year Open": "16.6000", "Year High": "19.3000", "Year Low": "16.6000", "Year Close": "17.5600", "Annual % Change": "7.86%"}, "2020": {"Average Stock Price": "17.8801", "Year Open": "17.2300", "Year High": "22.3700", "Year Low": "13.5100", "Year Close": "16.2800", "Annual % Change": "-6.49%"}, "2019": {"Average Stock Price": "21.7165", "Year Open": "23.5300", "Year High": "27.4300", "Year Low": "15.7100", "Year Close": "17.4100", "Annual % Change": "-22.10%"}, "2018": {"Average Stock Price": "24.1142", "Year Open": "28.9000", "Year High": "29.1200", "Year Low": "21.1800", "Year Close": "22.3500", "Annual % Change": "-21.85%"}, "2017": {"Average Stock Price": "24.7973", "Year Open": "22.3400", "Year High": "29.4400", "Year Low": "20.7700", "Year Close": "28.6000", "Annual % Change": "22.43%"}, "2016": {"Average Stock Price": "22.9213", "Year Open": "17.5900", "Year High": "26.5000", "Year Low": "15.4800", "Year Close": "23.3600", "Annual % Change": "32.05%"}, "2015": {"Average Stock Price": "26.7993", "Year Open": "30.1000", "Year High": "35.4000", "Year Low": "15.0300", "Year Close": "17.6900", "Annual % Change": "-40.26%"}, "2014": {"Average Stock Price": "34.3793", "Year Open": "38.1700", "Year High": "41.6100", "Year Low": "28.4800", "Year Close": "29.6100", "Annual % Change": "-23.61%"}, "2013": {"Average Stock Price": "34.1651", "Year Open": "24.6150", "Year High": "39.9300", "Year Low": "23.7650", "Year Close": "38.7600", "Annual % Change": "55.85%"}, "2012": {"Average Stock Price": "19.6315", "Year Open": "19.2000", "Year High": "25.5350", "Year Low": "14.7700", "Year Close": "24.8700", "Annual % Change": "31.07%"}, "2011": {"Average Stock Price": "15.3415", "Year Open": "9.6150", "Year High": "22.1475", "Year Low": "9.3575", "Year Close": "18.9750", "Annual % Change": "100.53%"}, "2010": {"Average Stock Price": "8.7635", "Year Open": "11.5575", "Year High": "11.5575", "Year Low": "6.7475", "Year Close": "9.4625", "Annual % Change": "-13.17%"}, "2009": {"Average Stock Price": "8.2087", "Year Open": "6.8700", "Year High": "11.4325", "Year Low": "4.5350", "Year Close": "10.8975", "Annual % Change": "67.65%"}, "2008": {"Average Stock Price": "11.1214", "Year Open": "10.3675", "Year High": "17.7775", "Year Low": "5.3275", "Year Close": "6.5000", "Annual % Change": "-35.60%"}, "2007": {"Average Stock Price": "8.8686", "Year Open": "7.1975", "Year High": "10.4700", "Year Low": "7.0138", "Year Close": "10.0925", "Annual % Change": "33.12%"}, "2006": {"Average Stock Price": "6.2781", "Year Open": "5.9488", "Year High": "8.2138", "Year Low": "4.8025", "Year Close": "7.5813", "Annual % Change": "34.48%"}, "2005": {"Average Stock Price": "4.8078", "Year Open": "3.5758", "Year High": "6.4425", "Year Low": "3.4725", "Year Close": "5.6375", "Annual % Change": "52.88%"}, "2004": {"Average Stock Price": "3.2023", "Year Open": "2.4492", "Year High": "4.0317", "Year Low": "2.3967", "Year Close": "3.6875", "Annual % Change": "50.77%"}, "2003": {"Average Stock Price": "2.1648", "Year Open": "2.1367", "Year High": "2.5217", "Year Low": "1.8783", "Year Close": "2.4458", "Annual % Change": "18.44%"}, "2002": {"Average Stock Price": "1.8678", "Year Open": "1.9725", "Year High": "2.1833", "Year Low": "1.5333", "Year Close": "2.0650", "Annual % Change": "3.03%"}, "2001": {"Average Stock Price": "2.1357", "Year Open": "2.4217", "Year High": "2.8500", "Year Low": "1.3917", "Year Close": "2.0042", "Annual % Change": "-22.89%"}, "2000": {"Average Stock Price": "1.6279", "Year Open": "1.2342", "Year High": "2.6458", "Year Low": "1.1825", "Year Close": "2.5992", "Annual % Change": "94.22%"}, "1999": {"Average Stock Price": "1.3673", "Year Open": "1.2817", "Year High": "1.6667", "Year Low": "0.9117", "Year Close": "1.3383", "Annual % Change": "7.06%"}, "1998": {"Average Stock Price": "1.5395", "Year Open": "1.5833", "Year High": "1.9900", "Year Low": "1.0625", "Year Close": "1.2500", "Annual % Change": "-22.84%"}, "1997": {"Average Stock Price": "1.6074", "Year Open": "1.4067", "Year High": "2.0883", "Year Low": "1.2917", "Year Close": "1.6200", "Annual % Change": "13.55%"}, "1996": {"Average Stock Price": "1.3304", "Year Open": "1.2500", "Year High": "1.5317", "Year Low": "1.1250", "Year Close": "1.4267", "Annual % Change": "17.02%"}, "1995": {"Average Stock Price": "1.1961", "Year Open": "1.2192", "Year High": "1.4167", "Year Low": "1.0317", "Year Close": "1.2192", "Annual % Change": "1.74%"}, "1994": {"Average Stock Price": "1.6604", "Year Open": "1.7083", "Year High": "1.9583", "Year Low": "1.1150", "Year Close": "1.1983", "Annual % Change": "-31.95%"}, "1993": {"Average Stock Price": "1.8427", "Year Open": "1.4167", "Year High": "2.2500", "Year Low": "1.3125", "Year Close": "1.7608", "Annual % Change": "18.17%"}, "1992": {"Average Stock Price": "1.1937", "Year Open": "1.0525", "Year High": "1.6458", "Year Low": "0.8650", "Year Close": "1.4900", "Annual % Change": "45.96%"}, "1991": {"Average Stock Price": "1.2908", "Year Open": "1.3025", "Year High": "1.5000", "Year Low": "0.9583", "Year Close": "1.0208", "Annual % Change": "-22.86%"}}}, "market cap": {"value": "$7B"}, "income statement": {"Revenue": {"2019-12-31": "2066.27700", "2018-12-31": "2188.14800", "2017-12-31": "1764.21900", "2016-12-31": "1155.67700", "2015-12-31": "1357.15000", "2014-12-31": "2173.01100", "2013-12-31": "1746.27800", "2012-12-31": "1204.54600", "2011-12-31": "979.86400", "2010-12-31": "863.10400", "2009-12-31": "893.08500", "2008-12-31": "945.79100", "2007-12-31": "732.17000", "2006-12-31": "761.98800", "2005-12-31": "682.79700"}, "Cost Of Goods Sold": {"2019-12-31": "651.63500", "2018-12-31": "750.57500", "2017-12-31": "599.00100", "2016-12-31": "548.02290", "2015-12-31": "580.99400", "2014-12-31": "524.88000", "2013-12-31": "400.28100", "2012-12-31": "290.05400", "2011-12-31": "224.56500", "2010-12-31": "175.17700", "2009-12-31": "174.82400", "2008-12-31": "192.28800", "2007-12-31": "158.98900", "2006-12-31": "158.16500", "2005-12-31": "148.93300"}, "Gross Profit": {"2019-12-31": "1414.64200", "2018-12-31": "1437.57300", "2017-12-31": "1165.21800", "2016-12-31": "607.65410", "2015-12-31": "776.15610", "2014-12-31": "1648.13100", "2013-12-31": "1345.99700", "2012-12-31": "914.49200", "2011-12-31": "755.29900", "2010-12-31": "687.92700", "2009-12-31": "718.26100", "2008-12-31": "753.50310", "2007-12-31": "573.18100", "2006-12-31": "603.82300", "2005-12-31": "533.86400"}, "Research And Development Expenses": {"2019-12-31": "20.27000", "2018-12-31": "113.82000", "2017-12-31": "21.52600", "2016-12-31": "27.66200", "2015-12-31": "27.46000", "2014-12-31": "28.74600", "2013-12-31": "18.16500", "2012-12-31": "37.47600", "2011-12-31": "36.44700", "2010-12-31": "42.72500", "2009-12-31": "50.78400", "2008-12-31": "31.20000", "2007-12-31": "39.77200", "2006-12-31": "49.39700", "2005-12-31": "61.84000"}, "SG&A Expenses": {"2019-12-31": "111.92300", "2018-12-31": "119.28300", "2017-12-31": "131.27300", "2016-12-31": "114.85600", "2015-12-31": "110.80500", "2014-12-31": "129.60200", "2013-12-31": "147.65100", "2012-12-31": "170.11300", "2011-12-31": "132.24300", "2010-12-31": "117.07100", "2009-12-31": "113.02300", "2008-12-31": "140.72500", "2007-12-31": "104.55700", "2006-12-31": "113.51900", "2005-12-31": "91.94300"}, "Other Operating Income Or Expenses": {"2019-12-31": "79.03400", "2018-12-31": "-15.19000", "2017-12-31": "-594.86200", "2016-12-31": "-439.95300", "2015-12-31": "-104.59400", "2014-12-31": "-750.83700", "2013-12-31": "22.45300", "2012-12-31": "50.68800", "2011-12-31": "63.38200", "2010-12-31": "65.39100", "2009-12-31": "-20.92500", "2008-12-31": "17.34900", "2007-12-31": "-10.20800", "2006-12-31": "217.01400", "2005-12-31": "-12.89200"}, "Operating Expenses": {"2019-12-31": "1110.52700", "2018-12-31": "1416.34700", "2017-12-31": "1915.47900", "2016-12-31": "1720.62200", "2015-12-31": "1446.06400", "2014-12-31": "2066.82500", "2013-12-31": "1194.69600", "2012-12-31": "898.36000", "2011-12-31": "673.01400", "2010-12-31": "596.66500", "2009-12-31": "610.81600", "2008-12-31": "573.77900", "2007-12-31": "457.47700", "2006-12-31": "233.04200", "2005-12-31": "424.06600"}, "Operating Income": {"2019-12-31": "955.75000", "2018-12-31": "771.80110", "2017-12-31": "-151.26030", "2016-12-31": "-564.94490", "2015-12-31": "-88.91380", "2014-12-31": "106.18600", "2013-12-31": "551.58190", "2012-12-31": "306.18600", "2011-12-31": "306.85000", "2010-12-31": "266.43900", "2009-12-31": "282.26900", "2008-12-31": "372.01200", "2007-12-31": "274.69300", "2006-12-31": "528.94590", "2005-12-31": "258.73100"}, "Total Non-Operating Income/Expense": {"2019-12-31": "-55.52600", "2018-12-31": "-73.66400", "2017-12-31": "-77.17500", "2016-12-31": "-94.65400", "2015-12-31": "-98.35900", "2014-12-31": "-73.78500", "2013-12-31": "-66.04400", "2012-12-31": "-68.34600", "2011-12-31": "-71.66300", "2010-12-31": "-67.94100", "2009-12-31": "-58.97900", "2008-12-31": "-36.38900", "2007-12-31": "-17.16100", "2006-12-31": "-18.44100", "2005-12-31": "-22.49700"}, "Pre-Tax Income": {"2019-12-31": "900.22400", "2018-12-31": "698.13700", "2017-12-31": "-228.43500", "2016-12-31": "-659.59900", "2015-12-31": "-187.27300", "2014-12-31": "32.40100", "2013-12-31": "485.53800", "2012-12-31": "237.84000", "2011-12-31": "235.18700", "2010-12-31": "198.49800", "2009-12-31": "223.29000", "2008-12-31": "335.62300", "2007-12-31": "257.53200", "2006-12-31": "510.50500", "2005-12-31": "236.23400"}, "Income Taxes": {"2019-12-31": "219.15400", "2018-12-31": "141.09400", "2017-12-31": "-328.82800", "2016-12-31": "-242.47500", "2015-12-31": "-73.38200", "2014-12-31": "-72.06700", "2013-12-31": "205.76500", "2012-12-31": "106.11000", "2011-12-31": "112.77900", "2010-12-31": "95.11200", "2009-12-31": "74.94700", "2008-12-31": "124.33300", "2007-12-31": "90.10900", "2006-12-31": "189.33000", "2005-12-31": "87.78900"}, "Income After Taxes": {"2019-12-31": "681.07000", "2018-12-31": "557.04300", "2017-12-31": "100.39300", "2016-12-31": "-417.12400", "2015-12-31": "-113.89100", "2014-12-31": "104.46800", "2013-12-31": "279.77300", "2012-12-31": "131.73000", "2011-12-31": "122.40800", "2010-12-31": "103.38600", "2009-12-31": "148.34300", "2008-12-31": "211.29000", "2007-12-31": "167.42300", "2006-12-31": "321.17500", "2005-12-31": "148.44500"}, "Other Income": {"2019-12-31": "", "2018-12-31": "", "2017-12-31": "", "2016-12-31": "", "2015-12-31": "", "2014-12-31": "", "2013-12-31": "", "2012-12-31": "", "2011-12-31": "", "2010-12-31": "", "2009-12-31": "", "2008-12-31": "", "2007-12-31": "", "2006-12-31": "", "2005-12-31": ""}, "Income From Continuous Operations": {"2019-12-31": "681.07000", "2018-12-31": "557.04300", "2017-12-31": "100.39300", "2016-12-31": "-417.12400", "2015-12-31": "-113.89100", "2014-12-31": "104.46800", "2013-12-31": "279.77300", "2012-12-31": "131.73000", "2011-12-31": "122.40800", "2010-12-31": "103.38600", "2009-12-31": "148.34300", "2008-12-31": "211.29000", "2007-12-31": "167.42300", "2006-12-31": "321.17500", "2005-12-31": "148.44500"}, "Income From Discontinued Operations": {"2019-12-31": "", "2018-12-31": "", "2017-12-31": "", "2016-12-31": "", "2015-12-31": "", "2014-12-31": "", "2013-12-31": "", "2012-12-31": "", "2011-12-31": "", "2010-12-31": "", "2009-12-31": "", "2008-12-31": "", "2007-12-31": "", "2006-12-31": "", "2005-12-31": ""}, "Net Income": {"2019-12-31": "681.07000", "2018-12-31": "557.04300", "2017-12-31": "100.39300", "2016-12-31": "-417.12400", "2015-12-31": "-113.89100", "2014-12-31": "104.46800", "2013-12-31": "279.77300", "2012-12-31": "131.73000", "2011-12-31": "122.40800", "2010-12-31": "103.38600", "2009-12-31": "148.34300", "2008-12-31": "211.29000", "2007-12-31": "167.42300", "2006-12-31": "321.17500", "2005-12-31": "148.44500"}, "EBITDA": {"2019-12-31": "1365.44900", "2018-12-31": "1193.91100", "2017-12-31": "422.33070", "2016-12-31": "30.26610", "2015-12-31": "537.75120", "2014-12-31": "743.70010", "2013-12-31": "1206.32700", "2012-12-31": "762.85600", "2011-12-31": "654.37210", "2010-12-31": "596.90310", "2009-12-31": "537.16410", "2008-12-31": "599.56100", "2007-12-31": "418.64400", "2006-12-31": "657.92090", "2005-12-31": "367.18900"}, "EBIT": {"2019-12-31": "955.75000", "2018-12-31": "771.80110", "2017-12-31": "-151.26030", "2016-12-31": "-564.94490", "2015-12-31": "-88.91380", "2014-12-31": "106.18600", "2013-12-31": "551.58190", "2012-12-31": "306.18600", "2011-12-31": "306.85000", "2010-12-31": "266.43900", "2009-12-31": "282.26900", "2008-12-31": "372.01200", "2007-12-31": "274.69300", "2006-12-31": "528.94590", "2005-12-31": "258.73100"}, "Basic Shares Outstanding": {"2019-12-31": "415.51400", "2018-12-31": "445.53800", "2017-12-31": "463.73500", "2016-12-31": "456.84700", "2015-12-31": "413.69600", "2014-12-31": "415.84000", "2013-12-31": "420.18800", "2012-12-31": "419.07500", "2011-12-31": "416.99600", "2010-12-31": "415.64600", "2009-12-31": "414.46400", "2008-12-31": "402.94800", "2007-12-31": "387.91200", "2006-12-31": "387.21200", "2005-12-31": "390.85200"}, "Shares Outstanding": {"2019-12-31": "417.45100", "2018-12-31": "447.56800", "2017-12-31": "465.55100", "2016-12-31": "456.84700", "2015-12-31": "413.69600", "2014-12-31": "417.60100", "2013-12-31": "422.37500", "2012-12-31": "421.98700", "2011-12-31": "421.52200", "2010-12-31": "420.78000", "2009-12-31": "418.73000", "2008-12-31": "406.90400", "2007-12-31": "387.91200", "2006-12-31": "394.40400", "2005-12-31": "397.80400"}, "Basic EPS": {"2019-12-31": "1.64000", "2018-12-31": "1.25000", "2017-12-31": "0.22000", "2016-12-31": "-0.91000", "2015-12-31": "-0.28000", "2014-12-31": "0.25000", "2013-12-31": "0.67000", "2012-12-31": "0.31000", "2011-12-31": "0.29000", "2010-12-31": "0.25000", "2009-12-31": "0.36000", "2008-12-31": "0.52500", "2007-12-31": "0.43250", "2006-12-31": "0.83000", "2005-12-31": "0.38000"}, "EPS - Earnings Per Share": {"2019-12-31": "1.63000", "2018-12-31": "1.24000", "2017-12-31": "0.22000", "2016-12-31": "-0.91000", "2015-12-31": "-0.28000", "2014-12-31": "0.25000", "2013-12-31": "0.66000", "2012-12-31": "0.31000", "2011-12-31": "0.29000", "2010-12-31": "0.24500", "2009-12-31": "0.35500", "2008-12-31": "0.52000", "2007-12-31": "0.42750", "2006-12-31": "0.81500", "2005-12-31": "0.37250"}}, "income statement, quarterly": {"Revenue": {"2020-09-30": "291.04100", "2020-06-30": "332.34800", "2020-03-31": "386.45700", "2019-12-31": "461.36800", "2019-09-30": "429.11100", "2019-06-30": "534.11700", "2019-03-31": "641.68100", "2018-12-31": "716.30100", "2018-09-30": "545.17300", "2018-06-30": "453.44700", "2018-03-31": "473.22700", "2017-12-31": "400.50290", "2017-09-30": "385.41600", "2017-06-30": "460.45700", "2017-03-31": "517.84300", "2016-12-31": "316.49110", "2016-09-30": "310.42900", "2016-06-30": "246.81600", "2016-03-31": "281.94100", "2015-12-31": "280.79200", "2015-09-30": "305.29600", "2015-06-30": "306.29700", "2015-03-31": "464.76500", "2014-12-31": "618.00390", "2014-09-30": "512.01700", "2014-06-30": "533.18700", "2014-03-31": "509.80300", "2013-12-31": "487.46300", "2013-09-30": "435.85000", "2013-06-30": "449.68000", "2013-03-31": "373.28500", "2012-12-31": "369.87900", "2012-09-30": "296.87400", "2012-06-30": "265.65700", "2012-03-31": "272.13600", "2011-12-31": "268.02500", "2011-09-30": "262.11700", "2011-06-30": "240.69600", "2011-03-31": "209.02600", "2010-12-31": "222.45600", "2010-09-30": "224.06200", "2010-06-30": "200.24100", "2010-03-31": "216.34500", "2009-12-31": "247.30100", "2009-09-30": "207.02100", "2009-06-30": "204.82400", "2009-03-31": "233.93900", "2008-12-31": "232.46600", "2008-09-30": "244.82000", "2008-06-30": "248.85400", "2008-03-31": "219.65100", "2007-12-31": "193.91700", "2007-09-30": "170.84800", "2007-06-30": "175.83200", "2007-03-31": "191.57300", "2006-12-31": "171.68190", "2006-09-30": "184.74400", "2006-06-30": "190.79400", "2006-03-31": "214.76800", "2005-12-31": "225.08200", "2005-09-30": "161.75700", "2005-06-30": "151.88400", "2005-03-31": "144.07400"}, "Cost Of Goods Sold": {"2020-09-30": "167.17900", "2020-06-30": "152.67200", "2020-03-31": "160.57600", "2019-12-31": "171.32400", "2019-09-30": "164.86200", "2019-06-30": "159.78200", "2019-03-31": "155.66700", "2018-12-31": "163.53300", "2018-09-30": "239.96900", "2018-06-30": "209.92800", "2018-03-31": "137.14500", "2017-12-31": "148.64500", "2017-09-30": "146.97000", "2017-06-30": "151.22500", "2017-03-31": "152.16100", "2016-12-31": "140.47600", "2016-09-30": "133.23600", "2016-06-30": "136.05800", "2016-03-31": "138.25300", "2015-12-31": "142.75200", "2015-09-30": "139.95900", "2015-06-30": "137.29200", "2015-03-31": "160.99100", "2014-12-31": "143.36100", "2014-09-30": "129.44800", "2014-06-30": "126.61200", "2014-03-31": "125.45900", "2013-12-31": "118.20500", "2013-09-30": "99.63900", "2013-06-30": "96.33000", "2013-03-31": "86.10700", "2012-12-31": "86.95200", "2012-09-30": "66.95700", "2012-06-30": "66.69500", "2012-03-31": "69.45000", "2011-12-31": "65.61500", "2011-09-30": "55.26400", "2011-06-30": "48.44900", "2011-03-31": "55.23700", "2010-12-31": "44.55100", "2010-09-30": "41.67900", "2010-06-30": "40.90700", "2010-03-31": "48.04000", "2009-12-31": "55.04100", "2009-09-30": "30.79800", "2009-06-30": "33.75700", "2009-03-31": "55.22800", "2008-12-31": "51.86600", "2008-09-30": "45.86500", "2008-06-30": "46.77600", "2008-03-31": "47.78100", "2007-12-31": "43.88500", "2007-09-30": "34.21900", "2007-06-30": "35.05500", "2007-03-31": "45.83000", "2006-12-31": "42.76300", "2006-09-30": "35.17500", "2006-06-30": "33.35200", "2006-03-31": "46.87500", "2005-12-31": "52.21300", "2005-09-30": "30.79600", "2005-06-30": "28.00800", "2005-03-31": "37.91600"}, "Gross Profit": {"2020-09-30": "123.86200", "2020-06-30": "179.67600", "2020-03-31": "225.88100", "2019-12-31": "290.04400", "2019-09-30": "264.24900", "2019-06-30": "374.33500", "2019-03-31": "486.01400", "2018-12-31": "552.76790", "2018-09-30": "305.20400", "2018-06-30": "243.51900", "2018-03-31": "336.08200", "2017-12-31": "251.85790", "2017-09-30": "238.44600", "2017-06-30": "309.23200", "2017-03-31": "365.68200", "2016-12-31": "176.01510", "2016-09-30": "177.19300", "2016-06-30": "110.75800", "2016-03-31": "143.68800", "2015-12-31": "138.04000", "2015-09-30": "165.33700", "2015-06-30": "169.00500", "2015-03-31": "303.77400", "2014-12-31": "474.64290", "2014-09-30": "382.56900", "2014-06-30": "406.57500", "2014-03-31": "384.34400", "2013-12-31": "369.25800", "2013-09-30": "336.21100", "2013-06-30": "353.35000", "2013-03-31": "287.17800", "2012-12-31": "282.92700", "2012-09-30": "229.91700", "2012-06-30": "198.96200", "2012-03-31": "202.68600", "2011-12-31": "202.41000", "2011-09-30": "206.85300", "2011-06-30": "192.24700", "2011-03-31": "153.78900", "2010-12-31": "177.90500", "2010-09-30": "182.38300", "2010-06-30": "159.33400", "2010-03-31": "168.30500", "2009-12-31": "192.26000", "2009-09-30": "176.22300", "2009-06-30": "171.06700", "2009-03-31": "178.71100", "2008-12-31": "180.60000", "2008-09-30": "198.95500", "2008-06-30": "202.07800", "2008-03-31": "171.87000", "2007-12-31": "150.03200", "2007-09-30": "136.62900", "2007-06-30": "140.77700", "2007-03-31": "145.74300", "2006-12-31": "128.91890", "2006-09-30": "149.56900", "2006-06-30": "157.44200", "2006-03-31": "167.89300", "2005-12-31": "172.86900", "2005-09-30": "130.96100", "2005-06-30": "123.87600", "2005-03-31": "106.15800"}, "Research And Development Expenses": {"2020-09-30": "3.90000", "2020-06-30": "4.57900", "2020-03-31": "2.19000", "2019-12-31": "5.24100", "2019-09-30": "4.48100", "2019-06-30": "4.50400", "2019-03-31": "6.04400", "2018-12-31": "45.65400", "2018-09-30": "10.04900", "2018-06-30": "54.50000", "2018-03-31": "3.61700", "2017-12-31": "4.90300", "2017-09-30": "6.46600", "2017-06-30": "3.95900", "2017-03-31": "6.19800", "2016-12-31": "14.55300", "2016-09-30": "2.98800", "2016-06-30": "3.73800", "2016-03-31": "6.38300", "2015-12-31": "8.50000", "2015-09-30": "4.93000", "2015-06-30": "5.29800", "2015-03-31": "8.73200", "2014-12-31": "8.78400", "2014-09-30": "8.81200", "2014-06-30": "4.67600", "2014-03-31": "6.47400", "2013-12-31": "5.72100", "2013-09-30": "3.89100", "2013-06-30": "4.52900", "2013-03-31": "4.02400", "2012-12-31": "7.92800", "2012-09-30": "9.30300", "2012-06-30": "16.24400", "2012-03-31": "4.00100", "2011-12-31": "5.35700", "2011-09-30": "20.19000", "2011-06-30": "4.59200", "2011-03-31": "6.30800", "2010-12-31": "14.40100", "2010-09-30": "9.66500", "2010-06-30": "10.23300", "2010-03-31": "8.42600", "2009-12-31": "19.52600", "2009-09-30": "14.39500", "2009-06-30": "10.39700", "2009-03-31": "6.46600", "2008-12-31": "12.43600", "2008-09-30": "6.41300", "2008-06-30": "7.29000", "2008-03-31": "5.06100", "2007-12-31": "18.52900", "2007-09-30": "8.76600", "2007-06-30": "6.82500", "2007-03-31": "5.65200", "2006-12-31": "9.42500", "2006-09-30": "13.56100", "2006-06-30": "14.79700", "2006-03-31": "11.61400", "2005-12-31": "14.44400", "2005-09-30": "16.66500", "2005-06-30": "11.36200", "2005-03-31": "19.36900"}, "SG&A Expenses": {"2020-09-30": "27.87700", "2020-06-30": "26.51800", "2020-03-31": "37.16700", "2019-12-31": "25.45900", "2019-09-30": "22.99800", "2019-06-30": "26.52900", "2019-03-31": "36.93700", "2018-12-31": "37.83700", "2018-09-30": "23.57600", "2018-06-30": "26.62000", "2018-03-31": "31.25000", "2017-12-31": "33.81000", "2017-09-30": "32.43800", "2017-06-30": "32.26700", "2017-03-31": "32.75800", "2016-12-31": "23.92600", "2016-09-30": "28.14500", "2016-06-30": "28.91800", "2016-03-31": "33.86700", "2015-12-31": "22.89800", "2015-09-30": "22.50900", "2015-06-30": "31.58900", "2015-03-31": "33.80900", "2014-12-31": "31.46700", "2014-09-30": "30.51200", "2014-06-30": "32.94300", "2014-03-31": "34.68000", "2013-12-31": "31.05900", "2013-09-30": "36.22900", "2013-06-30": "32.97200", "2013-03-31": "47.39100", "2012-12-31": "36.99000", "2012-09-30": "34.26500", "2012-06-30": "57.72600", "2012-03-31": "41.13200", "2011-12-31": "32.91900", "2011-09-30": "34.99100", "2011-06-30": "31.88300", "2011-03-31": "32.45000", "2010-12-31": "36.26000", "2010-09-30": "29.56600", "2010-06-30": "24.69400", "2010-03-31": "26.55100", "2009-12-31": "29.38900", "2009-09-30": "25.64000", "2009-06-30": "28.03100", "2009-03-31": "29.96300", "2008-12-31": "23.13500", "2008-09-30": "20.41800", "2008-06-30": "52.70200", "2008-03-31": "44.47000", "2007-12-31": "21.47400", "2007-09-30": "24.09400", "2007-06-30": "27.54400", "2007-03-31": "31.44500", "2006-12-31": "30.59800", "2006-09-30": "25.08100", "2006-06-30": "28.09300", "2006-03-31": "29.74700", "2005-12-31": "27.55100", "2005-09-30": "24.61800", "2005-06-30": "21.09600", "2005-03-31": "18.67800"}, "Other Operating Income Or Expenses": {"2020-09-30": "0.03100", "2020-06-30": "-0.24100", "2020-03-31": "0.01200", "2019-12-31": "69.30400", "2019-09-30": "3.89600", "2019-06-30": "3.65000", "2019-03-31": "2.18400", "2018-12-31": "0.66900", "2018-09-30": "25.64400", "2018-06-30": "0.54000", "2018-03-31": "-42.04300", "2017-12-31": "-508.82300", "2017-09-30": "-13.28900", "2017-06-30": "-71.24400", "2017-03-31": "-1.50600", "2016-12-31": "-439.39300", "2016-09-30": "-2.97200", "2016-06-30": "-0.95100", "2016-03-31": "3.36300", "2015-12-31": "-112.99000", "2015-09-30": "5.40400", "2015-06-30": "1.43300", "2015-03-31": "1.55900", "2014-12-31": "-749.92100", "2014-09-30": "1.10900", "2014-06-30": "-0.74000", "2014-03-31": "-1.28500", "2013-12-31": "17.28400", "2013-09-30": "4.69900", "2013-06-30": "0.56600", "2013-03-31": "-0.09600", "2012-12-31": "-16.35400", "2012-09-30": "-0.12600", "2012-06-30": "67.70300", "2012-03-31": "-0.53500", "2011-12-31": "26.97400", "2011-09-30": "3.85400", "2011-06-30": "34.07100", "2011-03-31": "-1.51700", "2010-12-31": "95.76900", "2010-09-30": "-35.52400", "2010-06-30": "4.38700", "2010-03-31": "0.75900", "2009-12-31": "-1.60500", "2009-09-30": "0.57200", "2009-06-30": "-23.29200", "2009-03-31": "3.40000", "2008-12-31": "36.13000", "2008-09-30": "-8.51200", "2008-06-30": "-5.51800", "2008-03-31": "-4.75100", "2007-12-31": "-1.73100", "2007-09-30": "-10.50400", "2007-06-30": "-1.90700", "2007-03-31": "3.93400", "2006-12-31": "-1.64100", "2006-09-30": "225.90700", "2006-06-30": "-3.87900", "2006-03-31": "-3.37300", "2005-12-31": "-1.82000", "2005-09-30": "-4.07700", "2005-06-30": "-3.58400", "2005-03-31": "-3.41100"}, "Operating Expenses": {"2020-09-30": "298.57400", "2020-06-30": "278.63200", "2020-03-31": "300.05600", "2019-12-31": "239.15910", "2019-09-30": "299.33400", "2019-06-30": "283.31200", "2019-03-31": "288.72200", "2018-12-31": "375.62390", "2018-09-30": "369.12200", "2018-06-30": "375.41800", "2018-03-31": "296.18300", "2017-12-31": "839.30920", "2017-09-30": "345.43000", "2017-06-30": "403.01700", "2017-03-31": "327.72310", "2016-12-31": "759.56600", "2016-09-30": "306.83100", "2016-06-30": "317.19800", "2016-03-31": "337.02690", "2015-12-31": "437.01500", "2015-09-30": "306.32000", "2015-06-30": "325.25900", "2015-03-31": "377.47000", "2014-12-31": "1107.29900", "2014-09-30": "321.67600", "2014-06-30": "322.53400", "2014-03-31": "315.31600", "2013-12-31": "319.73110", "2013-09-30": "304.04000", "2013-06-30": "284.65400", "2013-03-31": "286.27100", "2012-12-31": "264.20800", "2012-09-30": "221.09900", "2012-06-30": "187.57800", "2012-03-31": "225.47500", "2011-12-31": "169.41600", "2011-09-30": "196.88400", "2011-06-30": "134.07800", "2011-03-31": "172.63600", "2010-12-31": "90.94700", "2010-09-30": "201.78900", "2010-06-30": "148.17300", "2010-03-31": "155.75600", "2009-12-31": "183.89100", "2009-09-30": "132.29800", "2009-06-30": "150.58500", "2009-03-31": "144.04200", "2008-12-31": "145.32900", "2008-09-30": "130.10300", "2008-06-30": "154.76800", "2008-03-31": "143.57900", "2007-12-31": "124.16900", "2007-09-30": "115.32700", "2007-06-30": "105.59300", "2007-03-31": "112.38800", "2006-12-31": "116.58700", "2006-09-30": "-120.00200", "2006-06-30": "112.91300", "2006-03-31": "123.54400", "2005-12-31": "125.14000", "2005-09-30": "102.73400", "2005-06-30": "90.16200", "2005-03-31": "106.03000"}, "Operating Income": {"2020-09-30": "-7.53300", "2020-06-30": "53.71600", "2020-03-31": "86.40100", "2019-12-31": "222.20900", "2019-09-30": "129.77700", "2019-06-30": "250.80500", "2019-03-31": "352.95900", "2018-12-31": "340.67710", "2018-09-30": "176.05100", "2018-06-30": "78.02900", "2018-03-31": "177.04400", "2017-12-31": "-438.80630", "2017-09-30": "39.98600", "2017-06-30": "57.44000", "2017-03-31": "190.12000", "2016-12-31": "-443.07500", "2016-09-30": "3.59800", "2016-06-30": "-70.38200", "2016-03-31": "-55.08590", "2015-12-31": "-156.22300", "2015-09-30": "-1.02400", "2015-06-30": "-18.96200", "2015-03-31": "87.29500", "2014-12-31": "-489.29500", "2014-09-30": "190.34100", "2014-06-30": "210.65300", "2014-03-31": "194.48700", "2013-12-31": "167.73190", "2013-09-30": "131.81000", "2013-06-30": "165.02600", "2013-03-31": "87.01400", "2012-12-31": "105.67100", "2012-09-30": "75.77500", "2012-06-30": "78.07900", "2012-03-31": "46.66100", "2011-12-31": "98.60900", "2011-09-30": "65.23300", "2011-06-30": "106.61800", "2011-03-31": "36.39000", "2010-12-31": "131.50900", "2010-09-30": "22.27300", "2010-06-30": "52.06800", "2010-03-31": "60.58900", "2009-12-31": "63.41010", "2009-09-30": "74.72300", "2009-06-30": "54.23900", "2009-03-31": "89.89700", "2008-12-31": "87.13700", "2008-09-30": "114.71700", "2008-06-30": "94.08600", "2008-03-31": "76.07200", "2007-12-31": "69.74790", "2007-09-30": "55.52100", "2007-06-30": "70.23900", "2007-03-31": "79.18500", "2006-12-31": "55.09490", "2006-09-30": "304.74600", "2006-06-30": "77.88100", "2006-03-31": "91.22400", "2005-12-31": "99.94200", "2005-09-30": "59.02300", "2005-06-30": "61.72200", "2005-03-31": "38.04400"}, "Total Non-Operating Income/Expense": {"2020-09-30": "-14.44600", "2020-06-30": "-14.59100", "2020-03-31": "-14.27700", "2019-12-31": "-14.79400", "2019-09-30": "-13.69700", "2019-06-30": "-14.71000", "2019-03-31": "-12.32500", "2018-12-31": "-15.74000", "2018-09-30": "-14.30600", "2018-06-30": "-23.44600", "2018-03-31": "-20.17200", "2017-12-31": "-20.42800", "2017-09-30": "-15.24800", "2017-06-30": "-20.30400", "2017-03-31": "-21.19500", "2016-12-31": "-20.91700", "2016-09-30": "-21.88500", "2016-06-30": "-26.97400", "2016-03-31": "-24.87800", "2015-12-31": "-26.11500", "2015-09-30": "-24.51000", "2015-06-30": "-24.16800", "2015-03-31": "-23.56600", "2014-12-31": "-23.47200", "2014-09-30": "-17.42200", "2014-06-30": "-16.33400", "2014-03-31": "-16.55700", "2013-12-31": "-16.72400", "2013-09-30": "-16.07400", "2013-06-30": "-16.99100", "2013-03-31": "-16.25500", "2012-12-31": "-16.71500", "2012-09-30": "-16.21900", "2012-06-30": "-18.49500", "2012-03-31": "-16.91700", "2011-12-31": "-17.73500", "2011-09-30": "-18.51700", "2011-06-30": "-18.04400", "2011-03-31": "-17.36700", "2010-12-31": "-20.50200", "2010-09-30": "-16.75800", "2010-06-30": "-15.76900", "2010-03-31": "-14.91200", "2009-12-31": "-14.85000", "2009-09-30": "-14.85700", "2009-06-30": "-15.04600", "2009-03-31": "-14.22600", "2008-12-31": "-13.70500", "2008-09-30": "-10.48600", "2008-06-30": "-6.20700", "2008-03-31": "-5.99100", "2007-12-31": "-5.69700", "2007-09-30": "-3.92100", "2007-06-30": "-3.61900", "2007-03-31": "-3.92400", "2006-12-31": "0.71000", "2006-09-30": "-6.97800", "2006-06-30": "-6.02300", "2006-03-31": "-6.15000", "2005-12-31": "-7.03600", "2005-09-30": "-5.33900", "2005-06-30": "-5.13400", "2005-03-31": "-4.98800"}, "Pre-Tax Income": {"2020-09-30": "-21.97900", "2020-06-30": "39.12500", "2020-03-31": "72.12400", "2019-12-31": "207.41490", "2019-09-30": "116.08000", "2019-06-30": "236.09500", "2019-03-31": "340.63400", "2018-12-31": "324.93700", "2018-09-30": "161.74500", "2018-06-30": "54.58300", "2018-03-31": "156.87200", "2017-12-31": "-459.23400", "2017-09-30": "24.73800", "2017-06-30": "37.13600", "2017-03-31": "168.92500", "2016-12-31": "-463.99200", "2016-09-30": "-18.28700", "2016-06-30": "-97.35600", "2016-03-31": "-79.96400", "2015-12-31": "-182.33800", "2015-09-30": "-25.53400", "2015-06-30": "-43.13000", "2015-03-31": "63.72900", "2014-12-31": "-512.76700", "2014-09-30": "172.91900", "2014-06-30": "194.31900", "2014-03-31": "177.93000", "2013-12-31": "151.00800", "2013-09-30": "115.73600", "2013-06-30": "148.03500", "2013-03-31": "70.75900", "2012-12-31": "88.95600", "2012-09-30": "59.55600", "2012-06-30": "59.58400", "2012-03-31": "29.74400", "2011-12-31": "80.87400", "2011-09-30": "46.71600", "2011-06-30": "88.57400", "2011-03-31": "19.02300", "2010-12-31": "111.00700", "2010-09-30": "5.51500", "2010-06-30": "36.29900", "2010-03-31": "45.67700", "2009-12-31": "48.56000", "2009-09-30": "59.86600", "2009-06-30": "39.19300", "2009-03-31": "75.67100", "2008-12-31": "73.43200", "2008-09-30": "104.23100", "2008-06-30": "87.87900", "2008-03-31": "70.08100", "2007-12-31": "64.04500", "2007-09-30": "51.60000", "2007-06-30": "66.62600", "2007-03-31": "75.26100", "2006-12-31": "55.80500", "2006-09-30": "297.76800", "2006-06-30": "71.85800", "2006-03-31": "85.07400", "2005-12-31": "92.90600", "2005-09-30": "53.68400", "2005-06-30": "56.58800", "2005-03-31": "33.05600"}, "Income Taxes": {"2020-09-30": "-7.01800", "2020-06-30": "8.75100", "2020-03-31": "18.21400", "2019-12-31": "60.47500", "2019-09-30": "25.72200", "2019-06-30": "55.08600", "2019-03-31": "77.87100", "2018-12-31": "49.89300", "2018-09-30": "39.40800", "2018-06-30": "12.15200", "2018-03-31": "39.64100", "2017-12-31": "-414.79300", "2017-09-30": "7.15100", "2017-06-30": "15.60900", "2017-03-31": "63.20500", "2016-12-31": "-171.23200", "2016-09-30": "-8.02700", "2016-06-30": "-34.44600", "2016-03-31": "-28.77000", "2015-12-31": "-71.21400", "2015-09-30": "-10.02000", "2015-06-30": "-15.62200", "2015-03-31": "23.47400", "2014-12-31": "-290.99600", "2014-09-30": "72.13100", "2014-06-30": "75.89900", "2014-03-31": "70.89900", "2013-12-31": "73.06200", "2013-09-30": "45.84700", "2013-06-30": "58.92100", "2013-03-31": "27.93500", "2012-12-31": "48.08900", "2012-09-30": "22.94800", "2012-06-30": "23.64700", "2012-03-31": "11.42600", "2011-12-31": "54.51100", "2011-09-30": "18.23400", "2011-06-30": "33.89700", "2011-03-31": "6.13700", "2010-12-31": "61.89700", "2010-09-30": "1.61700", "2010-06-30": "14.61700", "2010-03-31": "16.98100", "2009-12-31": "12.19600", "2009-09-30": "20.96900", "2009-06-30": "13.69100", "2009-03-31": "28.09100", "2008-12-31": "29.73200", "2008-09-30": "37.24100", "2008-06-30": "33.25400", "2008-03-31": "24.10600", "2007-12-31": "21.99800", "2007-09-30": "16.14700", "2007-06-30": "25.25000", "2007-03-31": "26.71400", "2006-12-31": "23.67900", "2006-09-30": "108.74800", "2006-06-30": "24.99400", "2006-03-31": "31.90900", "2005-12-31": "34.40100", "2005-09-30": "19.92800", "2005-06-30": "21.16600", "2005-03-31": "12.29400"}, "Income After Taxes": {"2020-09-30": "-14.96100", "2020-06-30": "30.37400", "2020-03-31": "53.91000", "2019-12-31": "146.94000", "2019-09-30": "90.35800", "2019-06-30": "181.00900", "2019-03-31": "262.76300", "2018-12-31": "275.04410", "2018-09-30": "122.33700", "2018-06-30": "42.43100", "2018-03-31": "117.23100", "2017-12-31": "-44.44100", "2017-09-30": "17.58700", "2017-06-30": "21.52700", "2017-03-31": "105.72000", "2016-12-31": "-292.76000", "2016-09-30": "-10.26000", "2016-06-30": "-62.91000", "2016-03-31": "-51.19400", "2015-12-31": "-111.12400", "2015-09-30": "-15.51400", "2015-06-30": "-27.50800", "2015-03-31": "40.25500", "2014-12-31": "-221.77100", "2014-09-30": "100.78800", "2014-06-30": "118.42000", "2014-03-31": "107.03100", "2013-12-31": "77.94600", "2013-09-30": "69.88900", "2013-06-30": "89.11400", "2013-03-31": "42.82400", "2012-12-31": "40.86700", "2012-09-30": "36.60800", "2012-06-30": "35.93700", "2012-03-31": "18.31800", "2011-12-31": "26.36300", "2011-09-30": "28.48200", "2011-06-30": "54.67700", "2011-03-31": "12.88600", "2010-12-31": "49.11000", "2010-09-30": "3.89800", "2010-06-30": "21.68200", "2010-03-31": "28.69600", "2009-12-31": "36.36400", "2009-09-30": "38.89700", "2009-06-30": "25.50200", "2009-03-31": "47.58000", "2008-12-31": "43.70000", "2008-09-30": "66.99000", "2008-06-30": "54.62500", "2008-03-31": "45.97500", "2007-12-31": "42.04700", "2007-09-30": "35.45300", "2007-06-30": "41.37600", "2007-03-31": "48.54700", "2006-12-31": "32.12600", "2006-09-30": "189.02000", "2006-06-30": "46.86400", "2006-03-31": "53.16500", "2005-12-31": "58.50500", "2005-09-30": "33.75600", "2005-06-30": "35.42200", "2005-03-31": "20.76200"}, "Other Income": {"2020-09-30": "", "2020-06-30": "", "2020-03-31": "", "2019-12-31": "", "2019-09-30": "", "2019-06-30": "", "2019-03-31": "", "2018-12-31": "", "2018-09-30": "", "2018-06-30": "", "2018-03-31": "", "2017-12-31": "", "2017-09-30": "", "2017-06-30": "", "2017-03-31": "", "2016-12-31": "", "2016-09-30": "", "2016-06-30": "", "2016-03-31": "", "2015-12-31": "", "2015-09-30": "", "2015-06-30": "", "2015-03-31": "", "2014-12-31": "", "2014-09-30": "", "2014-06-30": "", "2014-03-31": "", "2013-12-31": "", "2013-09-30": "", "2013-06-30": "", "2013-03-31": "", "2012-12-31": "", "2012-09-30": "", "2012-06-30": "", "2012-03-31": "", "2011-12-31": "", "2011-09-30": "", "2011-06-30": "", "2011-03-31": "", "2010-12-31": "", "2010-09-30": "", "2010-06-30": "", "2010-03-31": "", "2009-12-31": "", "2009-09-30": "", "2009-06-30": "", "2009-03-31": "", "2008-12-31": "", "2008-09-30": "", "2008-06-30": "", "2008-03-31": "", "2007-12-31": "", "2007-09-30": "", "2007-06-30": "", "2007-03-31": "", "2006-12-31": "", "2006-09-30": "", "2006-06-30": "", "2006-03-31": "", "2005-12-31": "", "2005-09-30": "", "2005-06-30": "", "2005-03-31": ""}, "Income From Continuous Operations": {"2020-09-30": "-14.96100", "2020-06-30": "30.37400", "2020-03-31": "53.91000", "2019-12-31": "146.94000", "2019-09-30": "90.35800", "2019-06-30": "181.00900", "2019-03-31": "262.76300", "2018-12-31": "275.04410", "2018-09-30": "122.33700", "2018-06-30": "42.43100", "2018-03-31": "117.23100", "2017-12-31": "-44.44100", "2017-09-30": "17.58700", "2017-06-30": "21.52700", "2017-03-31": "105.72000", "2016-12-31": "-292.76000", "2016-09-30": "-10.26000", "2016-06-30": "-62.91000", "2016-03-31": "-51.19400", "2015-12-31": "-111.12400", "2015-09-30": "-15.51400", "2015-06-30": "-27.50800", "2015-03-31": "40.25500", "2014-12-31": "-221.77100", "2014-09-30": "100.78800", "2014-06-30": "118.42000", "2014-03-31": "107.03100", "2013-12-31": "77.94600", "2013-09-30": "69.88900", "2013-06-30": "89.11400", "2013-03-31": "42.82400", "2012-12-31": "40.86700", "2012-09-30": "36.60800", "2012-06-30": "35.93700", "2012-03-31": "18.31800", "2011-12-31": "26.36300", "2011-09-30": "28.48200", "2011-06-30": "54.67700", "2011-03-31": "12.88600", "2010-12-31": "49.11000", "2010-09-30": "3.89800", "2010-06-30": "21.68200", "2010-03-31": "28.69600", "2009-12-31": "36.36400", "2009-09-30": "38.89700", "2009-06-30": "25.50200", "2009-03-31": "47.58000", "2008-12-31": "43.70000", "2008-09-30": "66.99000", "2008-06-30": "54.62500", "2008-03-31": "45.97500", "2007-12-31": "42.04700", "2007-09-30": "35.45300", "2007-06-30": "41.37600", "2007-03-31": "48.54700", "2006-12-31": "32.12600", "2006-09-30": "189.02000", "2006-06-30": "46.86400", "2006-03-31": "53.16500", "2005-12-31": "58.50500", "2005-09-30": "33.75600", "2005-06-30": "35.42200", "2005-03-31": "20.76200"}, "Income From Discontinued Operations": {"2020-09-30": "", "2020-06-30": "", "2020-03-31": "", "2019-12-31": "", "2019-09-30": "", "2019-06-30": "", "2019-03-31": "", "2018-12-31": "", "2018-09-30": "", "2018-06-30": "", "2018-03-31": "", "2017-12-31": "", "2017-09-30": "", "2017-06-30": "", "2017-03-31": "", "2016-12-31": "", "2016-09-30": "", "2016-06-30": "", "2016-03-31": "", "2015-12-31": "", "2015-09-30": "", "2015-06-30": "", "2015-03-31": "", "2014-12-31": "", "2014-09-30": "", "2014-06-30": "", "2014-03-31": "", "2013-12-31": "", "2013-09-30": "", "2013-06-30": "", "2013-03-31": "", "2012-12-31": "", "2012-09-30": "", "2012-06-30": "", "2012-03-31": "", "2011-12-31": "", "2011-09-30": "", "2011-06-30": "", "2011-03-31": "", "2010-12-31": "", "2010-09-30": "", "2010-06-30": "", "2010-03-31": "", "2009-12-31": "", "2009-09-30": "", "2009-06-30": "", "2009-03-31": "", "2008-12-31": "", "2008-09-30": "", "2008-06-30": "", "2008-03-31": "", "2007-12-31": "", "2007-09-30": "", "2007-06-30": "", "2007-03-31": "", "2006-12-31": "", "2006-09-30": "", "2006-06-30": "", "2006-03-31": "", "2005-12-31": "", "2005-09-30": "", "2005-06-30": "", "2005-03-31": ""}, "Net Income": {"2020-09-30": "-14.96100", "2020-06-30": "30.37400", "2020-03-31": "53.91000", "2019-12-31": "146.94000", "2019-09-30": "90.35800", "2019-06-30": "181.00900", "2019-03-31": "262.76300", "2018-12-31": "275.04400", "2018-09-30": "122.33700", "2018-06-30": "42.43100", "2018-03-31": "117.23100", "2017-12-31": "-44.44100", "2017-09-30": "17.58700", "2017-06-30": "21.52700", "2017-03-31": "105.72000", "2016-12-31": "-292.76000", "2016-09-30": "-10.26000", "2016-06-30": "-62.91000", "2016-03-31": "-51.19400", "2015-12-31": "-111.12400", "2015-09-30": "-15.51400", "2015-06-30": "-27.50800", "2015-03-31": "40.25500", "2014-12-31": "-221.77100", "2014-09-30": "100.78800", "2014-06-30": "118.42000", "2014-03-31": "107.03100", "2013-12-31": "77.94600", "2013-09-30": "69.88900", "2013-06-30": "89.11400", "2013-03-31": "42.82400", "2012-12-31": "40.86700", "2012-09-30": "36.60800", "2012-06-30": "35.93700", "2012-03-31": "18.31800", "2011-12-31": "26.36300", "2011-09-30": "28.48200", "2011-06-30": "54.67700", "2011-03-31": "12.88600", "2010-12-31": "49.11000", "2010-09-30": "3.89800", "2010-06-30": "21.68200", "2010-03-31": "28.69600", "2009-12-31": "36.36400", "2009-09-30": "38.89700", "2009-06-30": "25.50200", "2009-03-31": "47.58000", "2008-12-31": "43.70000", "2008-09-30": "66.99000", "2008-06-30": "54.62500", "2008-03-31": "45.97500", "2007-12-31": "42.04700", "2007-09-30": "35.45300", "2007-06-30": "41.37600", "2007-03-31": "48.54700", "2006-12-31": "32.12600", "2006-09-30": "189.02000", "2006-06-30": "46.86400", "2006-03-31": "53.16500", "2005-12-31": "58.50500", "2005-09-30": "33.75600", "2005-06-30": "35.42200", "2005-03-31": "20.76200"}, "EBITDA": {"2020-09-30": "92.84900", "2020-06-30": "149.08900", "2020-03-31": "187.28600", "2019-12-31": "329.39500", "2019-09-30": "241.42100", "2019-06-30": "348.32700", "2019-03-31": "446.30600", "2018-12-31": "471.05610", "2018-09-30": "298.35400", "2018-06-30": "164.13400", "2018-03-31": "260.36700", "2017-12-31": "-294.48330", "2017-09-30": "187.44800", "2017-06-30": "202.95700", "2017-03-31": "326.40900", "2016-12-31": "-300.66200", "2016-09-30": "144.28400", "2016-06-30": "78.65200", "2016-03-31": "107.99210", "2015-12-31": "-5.28800", "2015-09-30": "144.36000", "2015-06-30": "134.62000", "2015-03-31": "264.05900", "2014-12-31": "-314.15400", "2014-09-30": "345.48100", "2014-06-30": "369.34200", "2014-03-31": "343.03100", "2013-12-31": "350.68790", "2013-09-30": "301.71500", "2013-06-30": "317.36000", "2013-03-31": "236.56400", "2012-12-31": "222.62000", "2012-09-30": "187.18900", "2012-06-30": "194.96500", "2012-03-31": "158.08200", "2011-12-31": "192.17200", "2011-09-30": "156.59000", "2011-06-30": "190.97600", "2011-03-31": "114.63400", "2010-12-31": "218.09600", "2010-09-30": "113.79000", "2010-06-30": "129.86200", "2010-03-31": "135.15500", "2009-12-31": "129.33800", "2009-09-30": "152.79700", "2009-06-30": "109.34700", "2009-03-31": "145.68200", "2008-12-31": "181.79300", "2008-09-30": "163.61200", "2008-06-30": "136.56800", "2008-03-31": "117.58800", "2007-12-31": "108.29790", "2007-09-30": "93.26500", "2007-06-30": "104.50100", "2007-03-31": "112.58000", "2006-12-31": "87.25490", "2006-09-30": "336.83400", "2006-06-30": "110.67300", "2006-03-31": "123.15900", "2005-12-31": "129.05400", "2005-09-30": "85.60100", "2005-06-30": "87.83400", "2005-03-31": "64.70000"}, "EBIT": {"2020-09-30": "-7.53300", "2020-06-30": "53.71600", "2020-03-31": "86.40100", "2019-12-31": "222.20900", "2019-09-30": "129.77700", "2019-06-30": "250.80500", "2019-03-31": "352.95900", "2018-12-31": "340.67720", "2018-09-30": "176.05100", "2018-06-30": "78.02900", "2018-03-31": "177.04400", "2017-12-31": "-438.80620", "2017-09-30": "39.98600", "2017-06-30": "57.44000", "2017-03-31": "190.12000", "2016-12-31": "-443.07500", "2016-09-30": "3.59800", "2016-06-30": "-70.38200", "2016-03-31": "-55.08590", "2015-12-31": "-156.22290", "2015-09-30": "-1.02400", "2015-06-30": "-18.96200", "2015-03-31": "87.29500", "2014-12-31": "-489.29500", "2014-09-30": "190.34100", "2014-06-30": "210.65300", "2014-03-31": "194.48700", "2013-12-31": "167.73190", "2013-09-30": "131.81000", "2013-06-30": "165.02600", "2013-03-31": "87.01400", "2012-12-31": "105.67100", "2012-09-30": "75.77500", "2012-06-30": "78.07900", "2012-03-31": "46.66100", "2011-12-31": "98.60900", "2011-09-30": "65.23300", "2011-06-30": "106.61800", "2011-03-31": "36.39000", "2010-12-31": "131.50900", "2010-09-30": "22.27300", "2010-06-30": "52.06800", "2010-03-31": "60.58900", "2009-12-31": "63.41010", "2009-09-30": "74.72300", "2009-06-30": "54.23900", "2009-03-31": "89.89700", "2008-12-31": "87.13700", "2008-09-30": "114.71700", "2008-06-30": "94.08600", "2008-03-31": "76.07200", "2007-12-31": "69.74790", "2007-09-30": "55.52100", "2007-06-30": "70.23900", "2007-03-31": "79.18500", "2006-12-31": "55.09490", "2006-09-30": "304.74600", "2006-06-30": "77.88100", "2006-03-31": "91.22400", "2005-12-31": "99.94200", "2005-09-30": "59.02300", "2005-06-30": "61.72200", "2005-03-31": "38.04400"}, "Basic Shares Outstanding": {"2020-09-30": "398.58000", "2020-06-30": "398.57600", "2020-03-31": "398.34300", "2019-12-31": "415.51400", "2019-09-30": "412.45600", "2019-06-30": "422.14100", "2019-03-31": "423.11600", "2018-12-31": "445.53800", "2018-09-30": "440.77200", "2018-06-30": "451.05500", "2018-03-31": "459.71500", "2017-12-31": "463.73500", "2017-09-30": "462.49800", "2017-06-30": "464.76800", "2017-03-31": "465.34800", "2016-12-31": "456.84700", "2016-09-30": "465.14900", "2016-06-30": "465.06800", "2016-03-31": "431.84100", "2015-12-31": "413.69600", "2015-09-30": "413.84600", "2015-06-30": "413.71300", "2015-03-31": "413.34400", "2014-12-31": "415.84000", "2014-09-30": "416.17300", "2014-06-30": "417.29100", "2014-03-31": "416.90000", "2013-12-31": "420.18800", "2013-09-30": "420.98600", "2013-06-30": "420.69800", "2013-03-31": "420.30000", "2012-12-31": "419.07500", "2012-09-30": "419.31200", "2012-06-30": "419.02400", "2012-03-31": "418.25600", "2011-12-31": "416.99600", "2011-09-30": "417.14000", "2011-06-30": "417.05600", "2011-03-31": "416.57600", "2010-12-31": "415.64600", "2010-09-30": "415.82000", "2010-06-30": "415.66000", "2010-03-31": "415.17600", "2009-12-31": "414.46400", "2009-09-30": "414.58800", "2009-06-30": "414.56000", "2009-03-31": "414.08400", "2008-12-31": "402.94800", "2008-09-30": "413.40400", "2008-06-30": "393.86800", "2008-03-31": "390.86400", "2007-12-31": "387.91200", "2007-09-30": "388.27200", "2007-06-30": "387.71600", "2007-03-31": "386.78000", "2006-12-31": "387.21200", "2006-09-30": "385.83600", "2006-06-30": "389.92800", "2006-03-31": "389.44000", "2005-12-31": "390.85200", "2005-09-30": "391.60800", "2005-06-30": "391.33600", "2005-03-31": "389.79200"}, "Shares Outstanding": {"2020-09-30": "398.58000", "2020-06-30": "401.27900", "2020-03-31": "399.89700", "2019-12-31": "417.45100", "2019-09-30": "414.46200", "2019-06-30": "424.34900", "2019-03-31": "425.18900", "2018-12-31": "447.56800", "2018-09-30": "443.11000", "2018-06-30": "453.11400", "2018-03-31": "461.54900", "2017-12-31": "465.55100", "2017-09-30": "464.78000", "2017-06-30": "466.74500", "2017-03-31": "466.88800", "2016-12-31": "456.84700", "2016-09-30": "465.14900", "2016-06-30": "465.06800", "2016-03-31": "431.84100", "2015-12-31": "413.69600", "2015-09-30": "413.84600", "2015-06-30": "413.71300", "2015-03-31": "414.77100", "2014-12-31": "417.60100", "2014-09-30": "418.09300", "2014-06-30": "419.09200", "2014-03-31": "418.51300", "2013-12-31": "422.37500", "2013-09-30": "423.45300", "2013-06-30": "423.49000", "2013-03-31": "422.75200", "2012-12-31": "421.98700", "2012-09-30": "422.45200", "2012-06-30": "422.31600", "2012-03-31": "421.62600", "2011-12-31": "421.52200", "2011-09-30": "421.84000", "2011-06-30": "421.34800", "2011-03-31": "421.28000", "2010-12-31": "420.78000", "2010-09-30": "420.90000", "2010-06-30": "419.85600", "2010-03-31": "419.91200", "2009-12-31": "418.73000", "2009-09-30": "419.66800", "2009-06-30": "419.26000", "2009-03-31": "416.44400", "2008-12-31": "406.90400", "2008-09-30": "417.98000", "2008-06-30": "397.92400", "2008-03-31": "395.70000", "2007-12-31": "387.91200", "2007-09-30": "393.75600", "2007-06-30": "393.62400", "2007-03-31": "392.18800", "2006-12-31": "394.40400", "2006-09-30": "393.29600", "2006-06-30": "396.80400", "2006-03-31": "394.98800", "2005-12-31": "397.80400", "2005-09-30": "397.32000", "2005-06-30": "396.62400", "2005-03-31": "394.44800"}, "Basic EPS": {"2020-09-30": "-0.04000", "2020-06-30": "0.08000", "2020-03-31": "0.14000", "2019-12-31": "0.37000", "2019-09-30": "0.22000", "2019-06-30": "0.43000", "2019-03-31": "0.62000", "2018-12-31": "0.62000", "2018-09-30": "0.28000", "2018-06-30": "0.09000", "2018-03-31": "0.26000", "2017-12-31": "-0.10000", "2017-09-30": "0.04000", "2017-06-30": "0.05000", "2017-03-31": "0.23000", "2016-12-31": "-0.63000", "2016-09-30": "-0.02000", "2016-06-30": "-0.14000", "2016-03-31": "-0.12000", "2015-12-31": "-0.27000", "2015-09-30": "-0.04000", "2015-06-30": "-0.07000", "2015-03-31": "0.10000", "2014-12-31": "-0.53000", "2014-09-30": "0.24000", "2014-06-30": "0.28000", "2014-03-31": "0.26000", "2013-12-31": "0.19000", "2013-09-30": "0.17000", "2013-06-30": "0.21000", "2013-03-31": "0.10000", "2012-12-31": "0.09000", "2012-09-30": "0.09000", "2012-06-30": "0.08500", "2012-03-31": "0.04500", "2011-12-31": "0.06000", "2011-09-30": "0.07000", "2011-06-30": "0.13000", "2011-03-31": "0.03000", "2010-12-31": "0.11750", "2010-09-30": "0.01000", "2010-06-30": "0.05250", "2010-03-31": "0.07000", "2009-12-31": "0.08750", "2009-09-30": "0.09500", "2009-06-30": "0.06250", "2009-03-31": "0.11500", "2008-12-31": "0.10750", "2008-09-30": "0.16250", "2008-06-30": "0.13750", "2008-03-31": "0.11750", "2007-12-31": "0.10750", "2007-09-30": "0.09250", "2007-06-30": "0.10750", "2007-03-31": "0.12500", "2006-12-31": "0.08250", "2006-09-30": "0.49000", "2006-06-30": "0.12000", "2006-03-31": "0.13750", "2005-12-31": "0.15000", "2005-09-30": "0.08630", "2005-06-30": "0.09000", "2005-03-31": "0.05380"}, "EPS - Earnings Per Share": {"2020-09-30": "-0.04000", "2020-06-30": "0.08000", "2020-03-31": "0.13000", "2019-12-31": "0.36000", "2019-09-30": "0.22000", "2019-06-30": "0.43000", "2019-03-31": "0.62000", "2018-12-31": "0.62000", "2018-09-30": "0.28000", "2018-06-30": "0.09000", "2018-03-31": "0.25000", "2017-12-31": "-0.10000", "2017-09-30": "0.04000", "2017-06-30": "0.05000", "2017-03-31": "0.23000", "2016-12-31": "-0.63000", "2016-09-30": "-0.02000", "2016-06-30": "-0.14000", "2016-03-31": "-0.12000", "2015-12-31": "-0.27000", "2015-09-30": "-0.04000", "2015-06-30": "-0.07000", "2015-03-31": "0.10000", "2014-12-31": "-0.53000", "2014-09-30": "0.24000", "2014-06-30": "0.28000", "2014-03-31": "0.26000", "2013-12-31": "0.18000", "2013-09-30": "0.17000", "2013-06-30": "0.21000", "2013-03-31": "0.10000", "2012-12-31": "0.09000", "2012-09-30": "0.09000", "2012-06-30": "0.08500", "2012-03-31": "0.04500", "2011-12-31": "0.06000", "2011-09-30": "0.07000", "2011-06-30": "0.13000", "2011-03-31": "0.03000", "2010-12-31": "0.11500", "2010-09-30": "0.01000", "2010-06-30": "0.05250", "2010-03-31": "0.06750", "2009-12-31": "0.08750", "2009-09-30": "0.09250", "2009-06-30": "0.06000", "2009-03-31": "0.11500", "2008-12-31": "0.10750", "2008-09-30": "0.16000", "2008-06-30": "0.13750", "2008-03-31": "0.11500", "2007-12-31": "0.10750", "2007-09-30": "0.09000", "2007-06-30": "0.10500", "2007-03-31": "0.12500", "2006-12-31": "0.08250", "2006-09-30": "0.48000", "2006-06-30": "0.11750", "2006-03-31": "0.13500", "2005-12-31": "0.14630", "2005-09-30": "0.08500", "2005-06-30": "0.08880", "2005-03-31": "0.05250"}}, "balance sheet": {"Cash On Hand": {"2019-12-31": "213.78300", "2018-12-31": "2.28700", "2017-12-31": "480.04700", "2016-12-31": "498.54200", "2015-12-31": "0.51400", "2014-12-31": "20.95400", "2013-12-31": "51.49400", "2012-12-31": "30.73600", "2011-12-31": "29.91100", "2010-12-31": "55.94900", "2009-12-31": "40.15800", "2008-12-31": "28.10100", "2007-12-31": "18.49800", "2006-12-31": "41.85400", "2005-12-31": "10.62600"}, "Receivables": {"2019-12-31": "338.81800", "2018-12-31": "471.65400", "2017-12-31": "272.67000", "2016-12-31": "201.34300", "2015-12-31": "124.55200", "2014-12-31": "239.00900", "2013-12-31": "222.47600", "2012-12-31": "172.41900", "2011-12-31": "115.76900", "2010-12-31": "94.48800", "2009-12-31": "89.27100", "2008-12-31": "109.61300", "2007-12-31": "113.13800", "2006-12-31": "141.05800", "2005-12-31": "168.24800"}, "Inventory": {"2019-12-31": "13.93200", "2018-12-31": "11.07600", "2017-12-31": "8.00600", "2016-12-31": "13.30400", "2015-12-31": "17.04900", "2014-12-31": "14.02600", "2013-12-31": "17.46800", "2012-12-31": "14.17300", "2011-12-31": "21.27800", "2010-12-31": "29.66700", "2009-12-31": "27.99000", "2008-12-31": "45.67700", "2007-12-31": "27.35300", "2006-12-31": "32.99700", "2005-12-31": "24.61600"}, "Pre-Paid Expenses": {"2019-12-31": "", "2018-12-31": "", "2017-12-31": "", "2016-12-31": "", "2015-12-31": "", "2014-12-31": "", "2013-12-31": "", "2012-12-31": "", "2011-12-31": "", "2010-12-31": "", "2009-12-31": "", "2008-12-31": "", "2007-12-31": "", "2006-12-31": "", "2005-12-31": ""}, "Other Current Assets": {"2019-12-31": "1.71500", "2018-12-31": "59.52800", "2017-12-31": "4.23400", "2016-12-31": "2.69200", "2015-12-31": "2.67100", "2014-12-31": "139.45800", "2013-12-31": "5.60600", "2012-12-31": "52.98200", "2011-12-31": "178.84200", "2010-12-31": "22.90400", "2009-12-31": "124.08300", "2008-12-31": "277.16000", "2007-12-31": "35.96800", "2006-12-31": "90.38700", "2005-12-31": "11.14800"}, "Total Current Assets": {"2019-12-31": "568.24800", "2018-12-31": "544.54500", "2017-12-31": "764.95700", "2016-12-31": "715.88100", "2015-12-31": "144.78600", "2014-12-31": "413.44700", "2013-12-31": "378.89900", "2012-12-31": "270.31000", "2011-12-31": "345.80000", "2010-12-31": "203.00800", "2009-12-31": "281.50200", "2008-12-31": "460.55100", "2007-12-31": "217.48300", "2006-12-31": "315.68200", "2005-12-31": "230.31200"}, "Property, Plant, And Equipment": {"2019-12-31": "3855.70600", "2018-12-31": "3463.60600", "2017-12-31": "3072.20400", "2016-12-31": "4250.12500", "2015-12-31": "4976.87900", "2014-12-31": "4925.71100", "2013-12-31": "4546.22700", "2012-12-31": "4310.97700", "2011-12-31": "3934.58400", "2010-12-31": "3762.76000", "2009-12-31": "3358.19900", "2008-12-31": "3135.82800", "2007-12-31": "1908.11700", "2006-12-31": "1480.20100", "2005-12-31": "1238.05500"}, "Long-Term Investments": {"2019-12-31": "", "2018-12-31": "163.18100", "2017-12-31": "86.07700", "2016-12-31": "129.52400", "2015-12-31": "103.51700", "2014-12-31": "68.02900", "2013-12-31": "26.89200", "2012-12-31": "", "2011-12-31": "", "2010-12-31": "", "2009-12-31": "", "2008-12-31": "", "2007-12-31": "", "2006-12-31": "", "2005-12-31": ""}, "Goodwill And Intangible Assets": {"2019-12-31": "", "2018-12-31": "", "2017-12-31": "", "2016-12-31": "", "2015-12-31": "", "2014-12-31": "", "2013-12-31": "", "2012-12-31": "", "2011-12-31": "", "2010-12-31": "", "2009-12-31": "", "2008-12-31": "", "2007-12-31": "", "2006-12-31": "", "2005-12-31": ""}, "Other Long-Term Assets": {"2019-12-31": "63.29100", "2018-12-31": "27.49700", "2017-12-31": "804.10600", "2016-12-31": "27.03900", "2015-12-31": "27.85600", "2014-12-31": "30.52900", "2013-12-31": "29.06200", "2012-12-31": "35.02600", "2011-12-31": "51.10900", "2010-12-31": "39.26300", "2009-12-31": "43.70000", "2008-12-31": "105.28500", "2007-12-31": "31.21700", "2006-12-31": "7.69600", "2005-12-31": "7.41600"}, "Total Long-Term Assets": {"2019-12-31": "3918.99700", "2018-12-31": "3654.28400", "2017-12-31": "3962.38700", "2016-12-31": "4406.68800", "2015-12-31": "5108.25200", "2014-12-31": "5024.26900", "2013-12-31": "4602.18100", "2012-12-31": "4346.00300", "2011-12-31": "3985.69300", "2010-12-31": "3802.02300", "2009-12-31": "3401.89900", "2008-12-31": "3241.11300", "2007-12-31": "1939.33400", "2006-12-31": "1518.80900", "2005-12-31": "1265.05800"}, "Total Assets": {"2019-12-31": "4487.24500", "2018-12-31": "4198.82900", "2017-12-31": "4727.34400", "2016-12-31": "5122.56900", "2015-12-31": "5253.03800", "2014-12-31": "5437.71600", "2013-12-31": "4981.08000", "2012-12-31": "4616.31300", "2011-12-31": "4331.49300", "2010-12-31": "4005.03100", "2009-12-31": "3683.40100", "2008-12-31": "3701.66400", "2007-12-31": "2156.81700", "2006-12-31": "1834.49100", "2005-12-31": "1495.37000"}, "Total Current Liabilities": {"2019-12-31": "328.03400", "2018-12-31": "287.26400", "2017-12-31": "630.05000", "2016-12-31": "257.81200", "2015-12-31": "235.55200", "2014-12-31": "499.01800", "2013-12-31": "407.90500", "2012-12-31": "444.13900", "2011-12-31": "343.34400", "2010-12-31": "303.83500", "2009-12-31": "308.74100", "2008-12-31": "378.91300", "2007-12-31": "248.33600", "2006-12-31": "251.02700", "2005-12-31": "218.58400"}, "Long Term Debt": {"2019-12-31": "1133.02500", "2018-12-31": "1226.10400", "2017-12-31": "1217.89100", "2016-12-31": "1520.53000", "2015-12-31": "1996.13900", "2014-12-31": "1752.00000", "2013-12-31": "1147.00000", "2012-12-31": "1012.00000", "2011-12-31": "950.00000", "2010-12-31": "975.00000", "2009-12-31": "805.00000", "2008-12-31": "831.14300", "2007-12-31": "330.00000", "2006-12-31": "220.00000", "2005-12-31": "320.00000"}, "Other Non-Current Liabilities": {"2019-12-31": "139.88200", "2018-12-31": "110.79300", "2017-12-31": "99.07200", "2016-12-31": "160.85400", "2015-12-31": "169.63000", "2014-12-31": "164.26200", "2013-12-31": "120.10700", "2012-12-31": "107.19100", "2011-12-31": "92.08100", "2010-12-31": "104.49000", "2009-12-31": "57.51000", "2008-12-31": "47.22600", "2007-12-31": "47.35400", "2006-12-31": "45.41300", "2005-12-31": "54.77300"}, "Total Long Term Liabilities": {"2019-12-31": "2007.72400", "2018-12-31": "1823.40600", "2017-12-31": "1573.38900", "2016-12-31": "2297.09000", "2015-12-31": "3008.29800", "2014-12-31": "2795.96500", "2013-12-31": "2368.57300", "2012-12-31": "2040.72700", "2011-12-31": "1883.38100", "2010-12-31": "1828.49600", "2009-12-31": "1562.14600", "2008-12-31": "1532.18900", "2007-12-31": "838.22400", "2006-12-31": "638.26610", "2005-12-31": "676.57500"}, "Total Liabilities": {"2019-12-31": "2335.75800", "2018-12-31": "2110.67000", "2017-12-31": "2203.43900", "2016-12-31": "2554.90200", "2015-12-31": "3243.85000", "2014-12-31": "3294.98300", "2013-12-31": "2776.47800", "2012-12-31": "2484.86600", "2011-12-31": "2226.72500", "2010-12-31": "2132.33100", "2009-12-31": "1870.88700", "2008-12-31": "1911.10200", "2007-12-31": "1086.56000", "2006-12-31": "889.29300", "2005-12-31": "895.15900"}, "Common Stock Net": {"2019-12-31": "47.68800", "2018-12-31": "47.61000", "2017-12-31": "47.55500", "2016-12-31": "47.50400", "2015-12-31": "42.37700", "2014-12-31": "42.29200", "2013-12-31": "42.20100", "2012-12-31": "42.08600", "2011-12-31": "20.90200", "2010-12-31": "20.84200", "2009-12-31": "10.38600", "2008-12-31": "10.35600", "2007-12-31": "10.26800", "2006-12-31": "10.14200", "2005-12-31": "5.00800"}, "Retained Earnings (Accumulated Deficit)": {"2019-12-31": "2143.21300", "2018-12-31": "1607.65800", "2017-12-31": "1162.43000", "2016-12-31": "1098.70300", "2015-12-31": "1552.01400", "2014-12-31": "1698.99500", "2013-12-31": "1627.80500", "2012-12-31": "1373.26400", "2011-12-31": "1258.29100", "2010-12-31": "1148.39100", "2009-12-31": "1057.47200", "2008-12-31": "921.56100", "2007-12-31": "722.34400", "2006-12-31": "565.59100", "2005-12-31": "252.16700"}, "Comprehensive Income": {"2019-12-31": "1.36000", "2018-12-31": "4.43700", "2017-12-31": "2.07700", "2016-12-31": "0.98500", "2015-12-31": "-0.36500", "2014-12-31": "-2.15100", "2013-12-31": "-8.36100", "2012-12-31": "23.88000", "2011-12-31": "104.54700", "2010-12-31": "-3.68300", "2009-12-31": "42.43600", "2008-12-31": "186.42600", "2007-12-31": "-0.89400", "2006-12-31": "37.16000", "2005-12-31": "-15.11500"}, "Other Share Holders Equity": {"2019-12-31": "", "2018-12-31": "", "2017-12-31": "", "2016-12-31": "", "2015-12-31": "", "2014-12-31": "", "2013-12-31": "", "2012-12-31": "", "2011-12-31": "", "2010-12-31": "", "2009-12-31": "", "2008-12-31": "", "2007-12-31": "", "2006-12-31": "", "2005-12-31": ""}, "Share Holder Equity": {"2019-12-31": "2151.48700", "2018-12-31": "2088.15900", "2017-12-31": "2523.90500", "2016-12-31": "2567.66700", "2015-12-31": "2009.18800", "2014-12-31": "2142.73300", "2013-12-31": "2204.60200", "2012-12-31": "2131.44700", "2011-12-31": "2104.76800", "2010-12-31": "1872.70000", "2009-12-31": "1812.51400", "2008-12-31": "1790.56200", "2007-12-31": "1070.25700", "2006-12-31": "945.19800", "2005-12-31": "600.21100"}, "Total Liabilities And Share Holders Equity": {"2019-12-31": "4487.24500", "2018-12-31": "4198.82900", "2017-12-31": "4727.34400", "2016-12-31": "5122.56900", "2015-12-31": "5253.03800", "2014-12-31": "5437.71600", "2013-12-31": "4981.08000", "2012-12-31": "4616.31300", "2011-12-31": "4331.49300", "2010-12-31": "4005.03100", "2009-12-31": "3683.40100", "2008-12-31": "3701.66400", "2007-12-31": "2156.81700", "2006-12-31": "1834.49100", "2005-12-31": "1495.37000"}}, "balance sheet, quarterly": {"Cash On Hand": {"2020-09-30": "11.74800", "2020-06-30": "128.74200", "2020-03-31": "214.43700", "2019-12-31": "213.78300", "2019-09-30": "82.31600", "2019-06-30": "241.39400", "2019-03-31": "314.88900", "2018-12-31": "2.28700", "2018-09-30": "316.07700", "2018-06-30": "740.99400", "2018-03-31": "964.92800", "2017-12-31": "480.04700", "2017-09-30": "510.25600", "2017-06-30": "516.53400", "2017-03-31": "537.48500", "2016-12-31": "498.54200", "2016-09-30": "501.19300", "2016-06-30": "517.49000", "2016-03-31": "579.31600", "2015-12-31": "0.51400", "2015-09-30": "8.77300", "2015-06-30": "15.23100", "2015-03-31": "13.94800", "2014-12-31": "20.95400", "2014-09-30": "309.98700", "2014-06-30": "45.61000", "2014-03-31": "45.14400", "2013-12-31": "51.49400", "2013-09-30": "27.93200", "2013-06-30": "47.27700", "2013-03-31": "20.45700", "2012-12-31": "30.73600", "2012-09-30": "37.50100", "2012-06-30": "48.64100", "2012-03-31": "32.32800", "2011-12-31": "29.91100", "2011-09-30": "62.92800", "2011-06-30": "39.31400", "2011-03-31": "24.89600", "2010-12-31": "55.94900", "2010-09-30": "37.58800", "2010-06-30": "47.68500", "2010-03-31": "28.50500", "2009-12-31": "40.15800", "2009-09-30": "35.67000", "2009-06-30": "29.84800", "2009-03-31": "25.24900", "2008-12-31": "28.10100", "2008-09-30": "47.37400", "2008-06-30": "136.33100", "2008-03-31": "41.99200", "2007-12-31": "18.49800", "2007-09-30": "14.45100", "2007-06-30": "23.59100", "2007-03-31": "57.44200", "2006-12-31": "41.85400", "2006-09-30": "322.12300", "2006-06-30": "16.05900", "2006-03-31": "8.51400", "2005-12-31": "10.62600", "2005-09-30": "3.18700", "2005-06-30": "51.94600", "2005-03-31": "59.58400"}, "Receivables": {"2020-09-30": "293.55300", "2020-06-30": "273.26100", "2020-03-31": "292.24800", "2019-12-31": "338.81800", "2019-09-30": "292.26700", "2019-06-30": "305.23500", "2019-03-31": "332.03500", "2018-12-31": "471.65400", "2018-09-30": "288.61900", "2018-06-30": "222.05700", "2018-03-31": "251.42000", "2017-12-31": "272.67000", "2017-09-30": "188.65300", "2017-06-30": "193.80600", "2017-03-31": "194.38400", "2016-12-31": "201.34300", "2016-09-30": "136.85900", "2016-06-30": "122.23500", "2016-03-31": "105.05800", "2015-12-31": "124.55200", "2015-09-30": "135.96100", "2015-06-30": "138.35400", "2015-03-31": "185.28100", "2014-12-31": "239.00900", "2014-09-30": "191.27000", "2014-06-30": "212.10000", "2014-03-31": "245.07300", "2013-12-31": "222.47600", "2013-09-30": "180.45100", "2013-06-30": "212.24300", "2013-03-31": "172.66100", "2012-12-31": "172.41900", "2012-09-30": "104.81700", "2012-06-30": "89.16700", "2012-03-31": "95.12000", "2011-12-31": "115.76900", "2011-09-30": "111.77000", "2011-06-30": "125.20700", "2011-03-31": "93.90900", "2010-12-31": "94.48800", "2010-09-30": "79.43300", "2010-06-30": "82.92900", "2010-03-31": "107.57000", "2009-12-31": "89.27100", "2009-09-30": "85.71600", "2009-06-30": "54.52100", "2009-03-31": "75.21800", "2008-12-31": "109.61300", "2008-09-30": "148.57700", "2008-06-30": "163.30900", "2008-03-31": "138.96100", "2007-12-31": "113.13800", "2007-09-30": "100.49500", "2007-06-30": "108.22000", "2007-03-31": "97.50700", "2006-12-31": "141.05800", "2006-09-30": "104.15700", "2006-06-30": "99.55200", "2006-03-31": "114.26800", "2005-12-31": "168.24800", "2005-09-30": "131.84000", "2005-06-30": "93.41600", "2005-03-31": "98.66500"}, "Inventory": {"2020-09-30": "14.92900", "2020-06-30": "17.94800", "2020-03-31": "18.24900", "2019-12-31": "13.93200", "2019-09-30": "18.19500", "2019-06-30": "19.38100", "2019-03-31": "18.27700", "2018-12-31": "11.07600", "2018-09-30": "12.47600", "2018-06-30": "20.47000", "2018-03-31": "12.44800", "2017-12-31": "8.00600", "2017-09-30": "12.99700", "2017-06-30": "11.08000", "2017-03-31": "12.09500", "2016-12-31": "13.30400", "2016-09-30": "13.48700", "2016-06-30": "14.98500", "2016-03-31": "15.94800", "2015-12-31": "17.04900", "2015-09-30": "18.28300", "2015-06-30": "20.42300", "2015-03-31": "14.08700", "2014-12-31": "14.02600", "2014-09-30": "13.73100", "2014-06-30": "11.91400", "2014-03-31": "10.39200", "2013-12-31": "17.46800", "2013-09-30": "20.83900", "2013-06-30": "18.27600", "2013-03-31": "11.27800", "2012-12-31": "14.17300", "2012-09-30": "17.69600", "2012-06-30": "11.98500", "2012-03-31": "12.23000", "2011-12-31": "21.27800", "2011-09-30": "28.29600", "2011-06-30": "24.04400", "2011-03-31": "20.80600", "2010-12-31": "29.66700", "2010-09-30": "32.34200", "2010-06-30": "23.53400", "2010-03-31": "17.67100", "2009-12-31": "27.99000", "2009-09-30": "36.76900", "2009-06-30": "29.51400", "2009-03-31": "27.61800", "2008-12-31": "45.67700", "2008-09-30": "52.15200", "2008-06-30": "19.70200", "2008-03-31": "12.50400", "2007-12-31": "27.35300", "2007-09-30": "36.20200", "2007-06-30": "23.11900", "2007-03-31": "15.41000", "2006-12-31": "32.99700", "2006-09-30": "41.12000", "2006-06-30": "25.95600", "2006-03-31": "13.78600", "2005-12-31": "24.61600", "2005-09-30": "35.47300", "2005-06-30": "23.82500", "2005-03-31": "13.09200"}, "Pre-Paid Expenses": {"2020-09-30": "", "2020-06-30": "", "2020-03-31": "", "2019-12-31": "", "2019-09-30": "", "2019-06-30": "", "2019-03-31": "", "2018-12-31": "", "2018-09-30": "", "2018-06-30": "", "2018-03-31": "", "2017-12-31": "", "2017-09-30": "", "2017-06-30": "", "2017-03-31": "", "2016-12-31": "", "2016-09-30": "", "2016-06-30": "", "2016-03-31": "", "2015-12-31": "", "2015-09-30": "", "2015-06-30": "", "2015-03-31": "", "2014-12-31": "", "2014-09-30": "", "2014-06-30": "", "2014-03-31": "", "2013-12-31": "", "2013-09-30": "", "2013-06-30": "", "2013-03-31": "", "2012-12-31": "", "2012-09-30": "", "2012-06-30": "", "2012-03-31": "", "2011-12-31": "", "2011-09-30": "", "2011-06-30": "", "2011-03-31": "", "2010-12-31": "", "2010-09-30": "", "2010-06-30": "", "2010-03-31": "", "2009-12-31": "", "2009-09-30": "", "2009-06-30": "", "2009-03-31": "", "2008-12-31": "", "2008-09-30": "", "2008-06-30": "", "2008-03-31": "", "2007-12-31": "", "2007-09-30": "", "2007-06-30": "", "2007-03-31": "", "2006-12-31": "", "2006-09-30": "", "2006-06-30": "", "2006-03-31": "", "2005-12-31": "", "2005-09-30": "", "2005-06-30": "", "2005-03-31": ""}, "Other Current Assets": {"2020-09-30": "2.32200", "2020-06-30": "43.98300", "2020-03-31": "16.85500", "2019-12-31": "1.71500", "2019-09-30": "28.90100", "2019-06-30": "65.32000", "2019-03-31": "14.99000", "2018-12-31": "59.52800", "2018-09-30": "2.69200", "2018-06-30": "3.89200", "2018-03-31": "7.32200", "2017-12-31": "4.23400", "2017-09-30": "6.12300", "2017-06-30": "14.40400", "2017-03-31": "4.34900", "2016-12-31": "2.69200", "2016-09-30": "4.10600", "2016-06-30": "4.52800", "2016-03-31": "20.36500", "2015-12-31": "2.67100", "2015-09-30": "52.40400", "2015-06-30": "80.98500", "2015-03-31": "136.08700", "2014-12-31": "139.45800", "2014-09-30": "19.23300", "2014-06-30": "3.52500", "2014-03-31": "1.41500", "2013-12-31": "5.60600", "2013-09-30": "60.53400", "2013-06-30": "74.53300", "2013-03-31": "5.38900", "2012-12-31": "52.98200", "2012-09-30": "64.66000", "2012-06-30": "146.07400", "2012-03-31": "200.04900", "2011-12-31": "178.84200", "2011-09-30": "107.04300", "2011-06-30": "47.27300", "2011-03-31": "21.92700", "2010-12-31": "22.90400", "2010-09-30": "71.62200", "2010-06-30": "94.10900", "2010-03-31": "140.15100", "2009-12-31": "124.08300", "2009-09-30": "176.85200", "2009-06-30": "256.93900", "2009-03-31": "328.98900", "2008-12-31": "277.16000", "2008-09-30": "140.16300", "2008-06-30": "12.62500", "2008-03-31": "22.45400", "2007-12-31": "35.96800", "2007-09-30": "38.69200", "2007-06-30": "48.55900", "2007-03-31": "39.25900", "2006-12-31": "90.38700", "2006-09-30": "71.27400", "2006-06-30": "38.17800", "2006-03-31": "20.05100", "2005-12-31": "11.14800", "2005-09-30": "9.43300", "2005-06-30": "13.57700", "2005-03-31": "10.49800"}, "Total Current Assets": {"2020-09-30": "322.55200", "2020-06-30": "463.93400", "2020-03-31": "541.78900", "2019-12-31": "568.24800", "2019-09-30": "421.67900", "2019-06-30": "631.33000", "2019-03-31": "680.19100", "2018-12-31": "544.54500", "2018-09-30": "619.86400", "2018-06-30": "987.41300", "2018-03-31": "1236.11800", "2017-12-31": "764.95700", "2017-09-30": "718.02900", "2017-06-30": "735.82400", "2017-03-31": "748.31300", "2016-12-31": "715.88100", "2016-09-30": "655.64500", "2016-06-30": "659.23800", "2016-03-31": "720.68700", "2015-12-31": "144.78600", "2015-09-30": "215.42100", "2015-06-30": "254.99300", "2015-03-31": "349.40300", "2014-12-31": "413.44700", "2014-09-30": "587.94600", "2014-06-30": "306.09600", "2014-03-31": "373.83000", "2013-12-31": "378.89900", "2013-09-30": "289.75600", "2013-06-30": "403.19300", "2013-03-31": "238.88000", "2012-12-31": "270.31000", "2012-09-30": "224.67400", "2012-06-30": "295.86700", "2012-03-31": "339.72700", "2011-12-31": "345.80000", "2011-09-30": "310.03700", "2011-06-30": "235.83800", "2011-03-31": "161.53800", "2010-12-31": "203.00800", "2010-09-30": "220.98500", "2010-06-30": "248.25700", "2010-03-31": "293.89700", "2009-12-31": "281.50200", "2009-09-30": "335.00700", "2009-06-30": "370.82200", "2009-03-31": "457.07400", "2008-12-31": "460.55100", "2008-09-30": "430.49400", "2008-06-30": "436.75800", "2008-03-31": "272.00400", "2007-12-31": "217.48300", "2007-09-30": "197.83500", "2007-06-30": "213.66200", "2007-03-31": "219.51900", "2006-12-31": "315.68200", "2006-09-30": "547.00700", "2006-06-30": "187.59100", "2006-03-31": "164.35300", "2005-12-31": "230.31200", "2005-09-30": "232.18000", "2005-06-30": "207.40000", "2005-03-31": "218.04000"}, "Property, Plant, And Equipment": {"2020-09-30": "4034.68000", "2020-06-30": "4002.49200", "2020-03-31": "3920.49700", "2019-12-31": "3855.70600", "2019-09-30": "3787.58100", "2019-06-30": "3699.57500", "2019-03-31": "3574.62200", "2018-12-31": "3463.60600", "2018-09-30": "3366.23700", "2018-06-30": "3225.49300", "2018-03-31": "3146.25200", "2017-12-31": "3072.20400", "2017-09-30": "4234.77200", "2017-06-30": "4202.98500", "2017-03-31": "4328.36000", "2016-12-31": "4250.12500", "2016-09-30": "4722.59800", "2016-06-30": "4762.68000", "2016-03-31": "4837.81400", "2015-12-31": "4976.87900", "2015-09-30": "5141.40400", "2015-06-30": "5132.65500", "2015-03-31": "5058.80400", "2014-12-31": "4925.71100", "2014-09-30": "5130.21300", "2014-06-30": "4825.52400", "2014-03-31": "4710.56900", "2013-12-31": "4546.22700", "2013-09-30": "4690.17600", "2013-06-30": "4558.20700", "2013-03-31": "4412.77200", "2012-12-31": "4310.97700", "2012-09-30": "4218.92100", "2012-06-30": "4061.67400", "2012-03-31": "4011.20300", "2011-12-31": "3934.58400", "2011-09-30": "4103.31700", "2011-06-30": "3967.71600", "2011-03-31": "3847.04700", "2010-12-31": "3762.76000", "2010-09-30": "3663.18600", "2010-06-30": "3571.34900", "2010-03-31": "3470.03800", "2009-12-31": "3358.19900", "2009-09-30": "3184.30500", "2009-06-30": "3154.75300", "2009-03-31": "3191.10500", "2008-12-31": "3135.82800", "2008-09-30": "2935.53100", "2008-06-30": "2185.49600", "2008-03-31": "1972.02300", "2007-12-31": "1908.11700", "2007-09-30": "1810.02300", "2007-06-30": "1691.92900", "2007-03-31": "1568.10800", "2006-12-31": "1480.20100", "2006-09-30": "1390.18200", "2006-06-30": "1400.11000", "2006-03-31": "1310.68000", "2005-12-31": "1238.05500", "2005-09-30": "1156.88600", "2005-06-30": "1050.98700", "2005-03-31": "1011.82200"}, "Long-Term Investments": {"2020-09-30": "", "2020-06-30": "", "2020-03-31": "", "2019-12-31": "", "2019-09-30": "169.08600", "2019-06-30": "166.13800", "2019-03-31": "163.96400", "2018-12-31": "163.18100", "2018-09-30": "157.93400", "2018-06-30": "147.98400", "2018-03-31": "120.50100", "2017-12-31": "86.07700", "2017-09-30": "148.92000", "2017-06-30": "140.58100", "2017-03-31": "135.98300", "2016-12-31": "129.52400", "2016-09-30": "127.90100", "2016-06-30": "123.62300", "2016-03-31": "117.17800", "2015-12-31": "103.51700", "2015-09-30": "93.40800", "2015-06-30": "81.07500", "2015-03-31": "74.52800", "2014-12-31": "68.02900", "2014-09-30": "57.49500", "2014-06-30": "49.85400", "2014-03-31": "", "2013-12-31": "26.89200", "2013-09-30": "", "2013-06-30": "", "2013-03-31": "", "2012-12-31": "", "2012-09-30": "", "2012-06-30": "", "2012-03-31": "", "2011-12-31": "", "2011-09-30": "", "2011-06-30": "", "2011-03-31": "", "2010-12-31": "", "2010-09-30": "", "2010-06-30": "20.63600", "2010-03-31": "20.63600", "2009-12-31": "", "2009-09-30": "20.63600", "2009-06-30": "20.63600", "2009-03-31": "", "2008-12-31": "", "2008-09-30": "", "2008-06-30": "", "2008-03-31": "", "2007-12-31": "", "2007-09-30": "", "2007-06-30": "", "2007-03-31": "", "2006-12-31": "", "2006-09-30": "", "2006-06-30": "", "2006-03-31": "", "2005-12-31": "", "2005-09-30": "", "2005-06-30": "", "2005-03-31": ""}, "Goodwill And Intangible Assets": {"2020-09-30": "", "2020-06-30": "", "2020-03-31": "", "2019-12-31": "", "2019-09-30": "", "2019-06-30": "", "2019-03-31": "", "2018-12-31": "", "2018-09-30": "", "2018-06-30": "", "2018-03-31": "", "2017-12-31": "", "2017-09-30": "", "2017-06-30": "", "2017-03-31": "", "2016-12-31": "", "2016-09-30": "", "2016-06-30": "", "2016-03-31": "", "2015-12-31": "", "2015-09-30": "", "2015-06-30": "", "2015-03-31": "", "2014-12-31": "", "2014-09-30": "", "2014-06-30": "", "2014-03-31": "", "2013-12-31": "", "2013-09-30": "", "2013-06-30": "", "2013-03-31": "", "2012-12-31": "", "2012-09-30": "", "2012-06-30": "", "2012-03-31": "", "2011-12-31": "", "2011-09-30": "", "2011-06-30": "", "2011-03-31": "", "2010-12-31": "", "2010-09-30": "", "2010-06-30": "", "2010-03-31": "", "2009-12-31": "", "2009-09-30": "", "2009-06-30": "", "2009-03-31": "", "2008-12-31": "", "2008-09-30": "", "2008-06-30": "", "2008-03-31": "", "2007-12-31": "", "2007-09-30": "", "2007-06-30": "", "2007-03-31": "", "2006-12-31": "", "2006-09-30": "", "2006-06-30": "", "2006-03-31": "", "2005-12-31": "", "2005-09-30": "", "2005-06-30": "", "2005-03-31": ""}, "Other Long-Term Assets": {"2020-09-30": "62.07300", "2020-06-30": "61.44400", "2020-03-31": "59.88900", "2019-12-31": "63.29100", "2019-09-30": "64.31900", "2019-06-30": "66.68600", "2019-03-31": "62.77000", "2018-12-31": "27.49700", "2018-09-30": "35.00800", "2018-06-30": "35.82000", "2018-03-31": "35.53000", "2017-12-31": "804.10600", "2017-09-30": "27.04500", "2017-06-30": "140.06900", "2017-03-31": "31.73200", "2016-12-31": "27.03900", "2016-09-30": "25.77700", "2016-06-30": "24.92900", "2016-03-31": "27.02900", "2015-12-31": "27.85600", "2015-09-30": "34.43900", "2015-06-30": "36.19700", "2015-03-31": "29.58800", "2014-12-31": "30.52900", "2014-09-30": "31.61000", "2014-06-30": "27.44800", "2014-03-31": "61.37600", "2013-12-31": "29.06200", "2013-09-30": "51.46000", "2013-06-30": "56.53600", "2013-03-31": "36.18400", "2012-12-31": "35.02600", "2012-09-30": "39.34200", "2012-06-30": "52.65100", "2012-03-31": "51.86400", "2011-12-31": "51.10900", "2011-09-30": "59.04300", "2011-06-30": "46.60600", "2011-03-31": "39.82200", "2010-12-31": "39.26300", "2010-09-30": "62.53900", "2010-06-30": "29.95800", "2010-03-31": "27.34600", "2009-12-31": "43.70000", "2009-09-30": "49.10600", "2009-06-30": "77.47300", "2009-03-31": "100.59200", "2008-12-31": "105.28500", "2008-09-30": "87.86900", "2008-06-30": "17.59200", "2008-03-31": "32.06100", "2007-12-31": "31.21700", "2007-09-30": "33.17500", "2007-06-30": "29.32900", "2007-03-31": "21.85900", "2006-12-31": "7.69600", "2006-09-30": "17.58100", "2006-06-30": "13.73100", "2006-03-31": "7.75500", "2005-12-31": "7.41600", "2005-09-30": "7.25700", "2005-06-30": "7.35100", "2005-03-31": "7.06500"}, "Total Long-Term Assets": {"2020-09-30": "4096.75300", "2020-06-30": "4063.93600", "2020-03-31": "3980.38600", "2019-12-31": "3918.99700", "2019-09-30": "4020.98600", "2019-06-30": "3932.39900", "2019-03-31": "3801.35600", "2018-12-31": "3654.28400", "2018-09-30": "3559.17900", "2018-06-30": "3409.29700", "2018-03-31": "3302.28300", "2017-12-31": "3962.38700", "2017-09-30": "4410.73700", "2017-06-30": "4483.63500", "2017-03-31": "4496.07500", "2016-12-31": "4406.68800", "2016-09-30": "4876.27600", "2016-06-30": "4911.23200", "2016-03-31": "4982.02100", "2015-12-31": "5108.25200", "2015-09-30": "5269.25100", "2015-06-30": "5249.92700", "2015-03-31": "5162.92000", "2014-12-31": "5024.26900", "2014-09-30": "5219.31800", "2014-06-30": "4902.82600", "2014-03-31": "4771.94500", "2013-12-31": "4602.18100", "2013-09-30": "4741.63600", "2013-06-30": "4614.74300", "2013-03-31": "4448.95600", "2012-12-31": "4346.00300", "2012-09-30": "4258.26300", "2012-06-30": "4114.32500", "2012-03-31": "4063.06700", "2011-12-31": "3985.69300", "2011-09-30": "4162.36000", "2011-06-30": "4014.32200", "2011-03-31": "3886.86900", "2010-12-31": "3802.02300", "2010-09-30": "3725.72500", "2010-06-30": "3621.94300", "2010-03-31": "3518.02000", "2009-12-31": "3401.89900", "2009-09-30": "3254.04700", "2009-06-30": "3252.86200", "2009-03-31": "3291.69700", "2008-12-31": "3241.11300", "2008-09-30": "3107.61200", "2008-06-30": "2281.67400", "2008-03-31": "2057.98600", "2007-12-31": "1939.33400", "2007-09-30": "1879.41100", "2007-06-30": "1755.59900", "2007-03-31": "1623.83800", "2006-12-31": "1518.80900", "2006-09-30": "1432.95300", "2006-06-30": "1440.41400", "2006-03-31": "1342.27800", "2005-12-31": "1265.05800", "2005-09-30": "1183.74400", "2005-06-30": "1073.01800", "2005-03-31": "1034.05000"}, "Total Assets": {"2020-09-30": "4419.30500", "2020-06-30": "4527.87000", "2020-03-31": "4522.17500", "2019-12-31": "4487.24500", "2019-09-30": "4442.66500", "2019-06-30": "4563.72900", "2019-03-31": "4481.54700", "2018-12-31": "4198.82900", "2018-09-30": "4179.04300", "2018-06-30": "4396.71000", "2018-03-31": "4538.40100", "2017-12-31": "4727.34400", "2017-09-30": "5128.76600", "2017-06-30": "5219.45900", "2017-03-31": "5244.38800", "2016-12-31": "5122.56900", "2016-09-30": "5531.92100", "2016-06-30": "5570.47000", "2016-03-31": "5702.70800", "2015-12-31": "5253.03800", "2015-09-30": "5484.67200", "2015-06-30": "5504.92000", "2015-03-31": "5512.32300", "2014-12-31": "5437.71600", "2014-09-30": "5807.26400", "2014-06-30": "5208.92200", "2014-03-31": "5145.77500", "2013-12-31": "4981.08000", "2013-09-30": "5031.39200", "2013-06-30": "5017.93600", "2013-03-31": "4687.83600", "2012-12-31": "4616.31300", "2012-09-30": "4482.93700", "2012-06-30": "4410.19200", "2012-03-31": "4402.79400", "2011-12-31": "4331.49300", "2011-09-30": "4472.39700", "2011-06-30": "4250.16000", "2011-03-31": "4048.40700", "2010-12-31": "4005.03100", "2010-09-30": "3946.71000", "2010-06-30": "3870.20000", "2010-03-31": "3811.91700", "2009-12-31": "3683.40100", "2009-09-30": "3589.05400", "2009-06-30": "3623.68400", "2009-03-31": "3748.77100", "2008-12-31": "3701.66400", "2008-09-30": "3538.10600", "2008-06-30": "2718.43200", "2008-03-31": "2329.99000", "2007-12-31": "2156.81700", "2007-09-30": "2077.24600", "2007-06-30": "1969.26100", "2007-03-31": "1843.35700", "2006-12-31": "1834.49100", "2006-09-30": "1979.96000", "2006-06-30": "1628.00500", "2006-03-31": "1506.63100", "2005-12-31": "1495.37000", "2005-09-30": "1415.92400", "2005-06-30": "1280.41800", "2005-03-31": "1252.09000"}, "Total Current Liabilities": {"2020-09-30": "385.92800", "2020-06-30": "381.38800", "2020-03-31": "387.17700", "2019-12-31": "328.03400", "2019-09-30": "294.78500", "2019-06-30": "234.02600", "2019-03-31": "240.31500", "2018-12-31": "287.26400", "2018-09-30": "366.09800", "2018-06-30": "590.74400", "2018-03-31": "510.49100", "2017-12-31": "630.05000", "2017-09-30": "438.23400", "2017-06-30": "234.42200", "2017-03-31": "224.39500", "2016-12-31": "257.81200", "2016-09-30": "196.76300", "2016-06-30": "228.49000", "2016-03-31": "199.38200", "2015-12-31": "235.55200", "2015-09-30": "265.58500", "2015-06-30": "278.85200", "2015-03-31": "402.74600", "2014-12-31": "499.01800", "2014-09-30": "432.79100", "2014-06-30": "362.14700", "2014-03-31": "432.62800", "2013-12-31": "407.90500", "2013-09-30": "399.27300", "2013-06-30": "494.39100", "2013-03-31": "447.26400", "2012-12-31": "444.13900", "2012-09-30": "412.79000", "2012-06-30": "340.85900", "2012-03-31": "322.15400", "2011-12-31": "343.34400", "2011-09-30": "288.97700", "2011-06-30": "286.72400", "2011-03-31": "241.70200", "2010-12-31": "303.83500", "2010-09-30": "304.53900", "2010-06-30": "226.83300", "2010-03-31": "265.30200", "2009-12-31": "308.74100", "2009-09-30": "247.17200", "2009-06-30": "265.12700", "2009-03-31": "312.31400", "2008-12-31": "378.91300", "2008-09-30": "318.03400", "2008-06-30": "475.25400", "2008-03-31": "321.62600", "2007-12-31": "248.33600", "2007-09-30": "223.66500", "2007-06-30": "236.11100", "2007-03-31": "217.11000", "2006-12-31": "251.02700", "2006-09-30": "305.54300", "2006-06-30": "189.94300", "2006-03-31": "178.80700", "2005-12-31": "218.58400", "2005-09-30": "309.62800", "2005-06-30": "192.73200", "2005-03-31": "222.31300"}, "Long Term Debt": {"2020-09-30": "973.71200", "2020-06-30": "1045.49500", "2020-03-31": "1045.26000", "2019-12-31": "1133.02500", "2019-09-30": "1132.79000", "2019-06-30": "1219.55500", "2019-03-31": "1219.33800", "2018-12-31": "1226.10400", "2018-09-30": "1218.84800", "2018-06-30": "1218.57200", "2018-03-31": "1218.23100", "2017-12-31": "1217.89100", "2017-09-30": "1284.55100", "2017-06-30": "1521.21100", "2017-03-31": "1520.87000", "2016-12-31": "1520.53000", "2016-09-30": "1520.19000", "2016-06-30": "1519.84900", "2016-03-31": "1583.19200", "2015-12-31": "1996.13900", "2015-09-30": "2017.00000", "2015-06-30": "1995.00000", "2015-03-31": "1877.00000", "2014-12-31": "1752.00000", "2014-09-30": "1612.00000", "2014-06-30": "1193.00000", "2014-03-31": "1222.00000", "2013-12-31": "1147.00000", "2013-09-30": "1162.00000", "2013-06-30": "1067.00000", "2013-03-31": "1052.00000", "2012-12-31": "1012.00000", "2012-09-30": "987.00000", "2012-06-30": "972.00000", "2012-03-31": "1012.00000", "2011-12-31": "950.00000", "2011-09-30": "1205.00000", "2011-06-30": "1095.00000", "2011-03-31": "1055.00000", "2010-12-31": "975.00000", "2010-09-30": "1020.00000", "2010-06-30": "1015.00000", "2010-03-31": "915.00000", "2009-12-31": "805.00000", "2009-09-30": "790.00000", "2009-06-30": "795.00000", "2009-03-31": "840.28600", "2008-12-31": "831.14300", "2008-09-30": "800.00000", "2008-06-30": "245.00000", "2008-03-31": "350.00000", "2007-12-31": "330.00000", "2007-09-30": "295.00000", "2007-06-30": "235.00000", "2007-03-31": "210.00000", "2006-12-31": "220.00000", "2006-09-30": "380.00000", "2006-06-30": "330.00000", "2006-03-31": "275.00000", "2005-12-31": "320.00000", "2005-09-30": "260.00000", "2005-06-30": "250.00000", "2005-03-31": "250.00000"}, "Other Non-Current Liabilities": {"2020-09-30": "158.93900", "2020-06-30": "147.39400", "2020-03-31": "142.10500", "2019-12-31": "139.88200", "2019-09-30": "124.61400", "2019-06-30": "125.30700", "2019-03-31": "125.97500", "2018-12-31": "110.79300", "2018-09-30": "110.47300", "2018-06-30": "108.94200", "2018-03-31": "82.16100", "2017-12-31": "99.07200", "2017-09-30": "96.01300", "2017-06-30": "167.25500", "2017-03-31": "164.32700", "2016-12-31": "160.85400", "2016-09-30": "164.11900", "2016-06-30": "162.51000", "2016-03-31": "159.53500", "2015-12-31": "169.63000", "2015-09-30": "167.63000", "2015-06-30": "169.76900", "2015-03-31": "168.94900", "2014-12-31": "164.26200", "2014-09-30": "152.03000", "2014-06-30": "115.29800", "2014-03-31": "113.48600", "2013-12-31": "120.10700", "2013-09-30": "113.40100", "2013-06-30": "114.49800", "2013-03-31": "115.11400", "2012-12-31": "107.19100", "2012-09-30": "104.54800", "2012-06-30": "96.50200", "2012-03-31": "89.90400", "2011-12-31": "92.08100", "2011-09-30": "110.66100", "2011-06-30": "109.75600", "2011-03-31": "108.81400", "2010-12-31": "104.49000", "2010-09-30": "59.28900", "2010-06-30": "57.70800", "2010-03-31": "113.90600", "2009-12-31": "57.51000", "2009-09-30": "54.36700", "2009-06-30": "50.77400", "2009-03-31": "47.40800", "2008-12-31": "47.22600", "2008-09-30": "48.81800", "2008-06-30": "126.94800", "2008-03-31": "57.75200", "2007-12-31": "47.35400", "2007-09-30": "53.69800", "2007-06-30": "57.01700", "2007-03-31": "55.63700", "2006-12-31": "45.41300", "2006-09-30": "53.77800", "2006-06-30": "75.73300", "2006-03-31": "70.96200", "2005-12-31": "54.77300", "2005-09-30": "74.62900", "2005-06-30": "62.16500", "2005-03-31": "61.72800"}, "Total Long Term Liabilities": {"2020-09-30": "1914.88900", "2020-06-30": "1980.50300", "2020-03-31": "1966.60300", "2019-12-31": "2007.72400", "2019-09-30": "1934.30400", "2019-06-30": "1984.89900", "2019-03-31": "1920.29300", "2018-12-31": "1823.40600", "2018-09-30": "1718.79800", "2018-06-30": "1651.79200", "2018-03-31": "1621.39400", "2017-12-31": "1573.38900", "2017-09-30": "2045.93800", "2017-06-30": "2343.00600", "2017-03-31": "2312.81400", "2016-12-31": "2297.09000", "2016-09-30": "2471.90800", "2016-06-30": "2464.38100", "2016-03-31": "2559.26600", "2015-12-31": "3008.29800", "2015-09-30": "3097.35000", "2015-06-30": "3080.15200", "2015-03-31": "2934.04600", "2014-12-31": "2795.96500", "2014-09-30": "3008.00200", "2014-06-30": "2444.83600", "2014-03-31": "2444.35600", "2013-12-31": "2368.57300", "2013-09-30": "2303.38500", "2013-06-30": "2237.30400", "2013-03-31": "2117.35800", "2012-12-31": "2040.72700", "2012-09-30": "1969.86000", "2012-06-30": "1938.00300", "2012-03-31": "1955.68400", "2011-12-31": "1883.38100", "2011-09-30": "2140.25000", "2011-06-30": "1997.23700", "2011-03-31": "1920.68500", "2010-12-31": "1828.49600", "2010-09-30": "1798.83300", "2010-06-30": "1797.46300", "2010-03-31": "1692.48500", "2009-12-31": "1562.14600", "2009-09-30": "1518.06800", "2009-06-30": "1522.08500", "2009-03-31": "1567.56300", "2008-12-31": "1532.18900", "2008-09-30": "1549.05400", "2008-06-30": "943.87300", "2008-03-31": "944.11800", "2007-12-31": "838.22400", "2007-09-30": "801.79700", "2007-06-30": "714.28700", "2007-03-31": "660.35400", "2006-12-31": "638.26610", "2006-09-30": "764.63300", "2006-06-30": "725.97800", "2006-03-31": "652.08700", "2005-12-31": "676.57500", "2005-09-30": "604.03910", "2005-06-30": "571.86600", "2005-03-31": "566.73300"}, "Total Liabilities": {"2020-09-30": "2300.81700", "2020-06-30": "2361.89100", "2020-03-31": "2353.78000", "2019-12-31": "2335.75800", "2019-09-30": "2229.08900", "2019-06-30": "2218.92500", "2019-03-31": "2160.60800", "2018-12-31": "2110.67000", "2018-09-30": "2084.89600", "2018-06-30": "2242.53600", "2018-03-31": "2131.88500", "2017-12-31": "2203.43900", "2017-09-30": "2484.17200", "2017-06-30": "2577.42800", "2017-03-31": "2537.20900", "2016-12-31": "2554.90200", "2016-09-30": "2668.67100", "2016-06-30": "2692.87100", "2016-03-31": "2758.64800", "2015-12-31": "3243.85000", "2015-09-30": "3362.93500", "2015-06-30": "3359.00400", "2015-03-31": "3336.79200", "2014-12-31": "3294.98300", "2014-09-30": "3440.79300", "2014-06-30": "2806.98300", "2014-03-31": "2876.98400", "2013-12-31": "2776.47800", "2013-09-30": "2702.65800", "2013-06-30": "2731.69500", "2013-03-31": "2564.62200", "2012-12-31": "2484.86600", "2012-09-30": "2382.65000", "2012-06-30": "2278.86200", "2012-03-31": "2277.83800", "2011-12-31": "2226.72500", "2011-09-30": "2429.22700", "2011-06-30": "2283.96100", "2011-03-31": "2162.38700", "2010-12-31": "2132.33100", "2010-09-30": "2103.37200", "2010-06-30": "2024.29600", "2010-03-31": "1957.78700", "2009-12-31": "1870.88700", "2009-09-30": "1765.24000", "2009-06-30": "1787.21200", "2009-03-31": "1879.87700", "2008-12-31": "1911.10200", "2008-09-30": "1867.08800", "2008-06-30": "1419.12700", "2008-03-31": "1265.74400", "2007-12-31": "1086.56000", "2007-09-30": "1025.46200", "2007-06-30": "950.39800", "2007-03-31": "877.46400", "2006-12-31": "889.29300", "2006-09-30": "1070.17600", "2006-06-30": "915.92100", "2006-03-31": "830.89400", "2005-12-31": "895.15900", "2005-09-30": "913.66700", "2005-06-30": "764.59800", "2005-03-31": "789.04600"}, "Common Stock Net": {"2020-09-30": "47.75400", "2020-06-30": "47.75400", "2020-03-31": "47.75300", "2019-12-31": "47.68800", "2019-09-30": "47.68800", "2019-06-30": "47.68800", "2019-03-31": "47.67800", "2018-12-31": "47.61000", "2018-09-30": "47.60900", "2018-06-30": "47.60900", "2018-03-31": "47.60800", "2017-12-31": "47.55500", "2017-09-30": "47.54400", "2017-06-30": "47.54300", "2017-03-31": "47.54100", "2016-12-31": "47.50400", "2016-09-30": "47.50400", "2016-06-30": "47.50400", "2016-03-31": "47.48900", "2015-12-31": "42.37700", "2015-09-30": "42.37700", "2015-06-30": "42.37000", "2015-03-31": "42.35000", "2014-12-31": "42.29200", "2014-09-30": "42.29100", "2014-06-30": "42.29100", "2014-03-31": "42.29100", "2013-12-31": "42.20100", "2013-09-30": "42.19600", "2013-06-30": "21.07600", "2013-03-31": "21.07500", "2012-12-31": "42.08600", "2012-09-30": "21.02400", "2012-06-30": "20.99800", "2012-03-31": "20.98300", "2011-12-31": "20.90200", "2011-09-30": "10.44900", "2011-06-30": "10.44700", "2011-03-31": "10.44600", "2010-12-31": "20.84200", "2010-09-30": "10.41700", "2010-06-30": "10.41400", "2010-03-31": "10.41100", "2009-12-31": "10.38600", "2009-09-30": "10.38600", "2009-06-30": "10.38500", "2009-03-31": "10.38400", "2008-12-31": "10.35600", "2008-09-30": "10.35500", "2008-06-30": "10.35400", "2008-03-31": "10.30300", "2007-12-31": "10.26800", "2007-09-30": "10.23000", "2007-06-30": "10.22200", "2007-03-31": "10.20500", "2006-12-31": "10.14200", "2006-09-30": "5.05100", "2006-06-30": "5.04400", "2006-03-31": "5.03100", "2005-12-31": "5.00800", "2005-09-30": "5.00500", "2005-06-30": "5.00200", "2005-03-31": "4.99600"}, "Retained Earnings (Accumulated Deficit)": {"2020-09-30": "2093.00400", "2020-06-30": "2147.82200", "2020-03-31": "2157.30600", "2019-12-31": "2143.21300", "2019-09-30": "2037.06600", "2019-06-30": "1983.73300", "2019-03-31": "1840.81600", "2018-12-31": "1607.65800", "2018-09-30": "1362.79700", "2018-06-30": "1266.92800", "2018-03-31": "1251.56800", "2017-12-31": "1162.43000", "2017-09-30": "1230.00200", "2017-06-30": "1235.54000", "2017-03-31": "1237.28900", "2016-12-31": "1098.70300", "2016-09-30": "1400.76500", "2016-06-30": "1420.32800", "2016-03-31": "1492.53800", "2015-12-31": "1552.01400", "2015-09-30": "1671.41600", "2015-06-30": "1695.20500", "2015-03-31": "1730.98700", "2014-12-31": "1698.99500", "2014-09-30": "1929.02600", "2014-06-30": "1836.57700", "2014-03-31": "1726.50400", "2013-12-31": "1627.80500", "2013-09-30": "1558.26000", "2013-06-30": "1496.79500", "2013-03-31": "1411.88700", "2012-12-31": "1373.26400", "2012-09-30": "1336.59400", "2012-06-30": "1304.17800", "2012-03-31": "1272.43200", "2011-12-31": "1258.29100", "2011-09-30": "1235.05900", "2011-06-30": "1209.70500", "2011-03-31": "1158.15600", "2010-12-31": "1148.39100", "2010-09-30": "1102.40100", "2010-06-30": "1101.62200", "2010-03-31": "1141.04000", "2009-12-31": "1057.47200", "2009-09-30": "1024.21700", "2009-06-30": "988.43000", "2009-03-31": "966.03800", "2008-12-31": "921.56100", "2008-09-30": "880.96100", "2008-06-30": "817.07200", "2008-03-31": "765.38900", "2007-12-31": "722.34400", "2007-09-30": "683.21400", "2007-06-30": "650.67300", "2007-03-31": "612.20500", "2006-12-31": "565.59100", "2006-09-30": "535.38300", "2006-06-30": "348.29400", "2006-03-31": "303.38600", "2005-12-31": "252.16700", "2005-09-30": "195.62100", "2005-06-30": "163.82300", "2005-03-31": "130.35900"}, "Comprehensive Income": {"2020-09-30": "0.92900", "2020-06-30": "1.07300", "2020-03-31": "1.22400", "2019-12-31": "1.36000", "2019-09-30": "4.02700", "2019-06-30": "4.16400", "2019-03-31": "4.30000", "2018-12-31": "4.43700", "2018-09-30": "2.11200", "2018-06-30": "2.24800", "2018-03-31": "2.38300", "2017-12-31": "2.07700", "2017-09-30": "3.48200", "2017-06-30": "0.72600", "2017-03-31": "1.00200", "2016-12-31": "0.98500", "2016-09-30": "-0.31300", "2016-06-30": "-0.33100", "2016-03-31": "-0.36500", "2015-12-31": "-0.36500", "2015-09-30": "-2.15100", "2015-06-30": "-2.15100", "2015-03-31": "-2.15100", "2014-12-31": "-2.15100", "2014-09-30": "-19.19900", "2014-06-30": "-32.16400", "2014-03-31": "-45.97100", "2013-12-31": "-8.36100", "2013-09-30": "33.24400", "2013-06-30": "46.56300", "2013-03-31": "-22.29500", "2012-12-31": "23.88000", "2012-09-30": "27.25800", "2012-06-30": "88.83300", "2012-03-31": "117.92500", "2011-12-31": "104.54700", "2011-09-30": "70.02600", "2011-06-30": "22.37500", "2011-03-31": "-1.75400", "2010-12-31": "-3.68300", "2010-09-30": "19.69700", "2010-06-30": "27.26300", "2010-03-31": "", "2009-12-31": "42.43600", "2009-09-30": "92.58900", "2009-06-30": "158.27300", "2009-03-31": "216.68400", "2008-12-31": "186.42600", "2008-09-30": "112.08200", "2008-06-30": "-182.60200", "2008-03-31": "-60.87200", "2007-12-31": "-0.89400", "2007-09-30": "12.35100", "2007-06-30": "14.05100", "2007-03-31": "4.68300", "2006-12-31": "37.16000", "2006-09-30": "40.83900", "2006-06-30": "15.33000", "2006-03-31": "3.55900", "2005-12-31": "-15.11500", "2005-09-30": "-71.31800", "2005-06-30": "-21.07400", "2005-03-31": "-38.14700"}, "Other Share Holders Equity": {"2020-09-30": "", "2020-06-30": "", "2020-03-31": "", "2019-12-31": "", "2019-09-30": "", "2019-06-30": "", "2019-03-31": "", "2018-12-31": "", "2018-09-30": "", "2018-06-30": "", "2018-03-31": "", "2017-12-31": "", "2017-09-30": "", "2017-06-30": "", "2017-03-31": "", "2016-12-31": "", "2016-09-30": "", "2016-06-30": "", "2016-03-31": "", "2015-12-31": "", "2015-09-30": "", "2015-06-30": "", "2015-03-31": "", "2014-12-31": "", "2014-09-30": "", "2014-06-30": "", "2014-03-31": "", "2013-12-31": "", "2013-09-30": "", "2013-06-30": "", "2013-03-31": "", "2012-12-31": "", "2012-09-30": "", "2012-06-30": "", "2012-03-31": "", "2011-12-31": "", "2011-09-30": "", "2011-06-30": "", "2011-03-31": "", "2010-12-31": "", "2010-09-30": "", "2010-06-30": "", "2010-03-31": "", "2009-12-31": "", "2009-09-30": "", "2009-06-30": "", "2009-03-31": "", "2008-12-31": "", "2008-09-30": "", "2008-06-30": "", "2008-03-31": "", "2007-12-31": "", "2007-09-30": "", "2007-06-30": "", "2007-03-31": "", "2006-12-31": "", "2006-09-30": "", "2006-06-30": "", "2006-03-31": "", "2005-12-31": "", "2005-09-30": "", "2005-06-30": "", "2005-03-31": ""}, "Share Holder Equity": {"2020-09-30": "2118.48800", "2020-06-30": "2165.97900", "2020-03-31": "2168.39500", "2019-12-31": "2151.48700", "2019-09-30": "2213.57600", "2019-06-30": "2344.80400", "2019-03-31": "2320.93900", "2018-12-31": "2088.15900", "2018-09-30": "2094.14700", "2018-06-30": "2154.17400", "2018-03-31": "2406.51600", "2017-12-31": "2523.90500", "2017-09-30": "2644.59400", "2017-06-30": "2642.03100", "2017-03-31": "2707.17900", "2016-12-31": "2567.66700", "2016-09-30": "2863.25000", "2016-06-30": "2877.59900", "2016-03-31": "2944.06000", "2015-12-31": "2009.18800", "2015-09-30": "2121.73700", "2015-06-30": "2145.91600", "2015-03-31": "2175.53100", "2014-12-31": "2142.73300", "2014-09-30": "2366.47100", "2014-06-30": "2401.93900", "2014-03-31": "2268.79100", "2013-12-31": "2204.60200", "2013-09-30": "2328.73400", "2013-06-30": "2286.24100", "2013-03-31": "2123.21400", "2012-12-31": "2131.44700", "2012-09-30": "2100.28700", "2012-06-30": "2131.33000", "2012-03-31": "2124.95600", "2011-12-31": "2104.76800", "2011-09-30": "2043.17000", "2011-06-30": "1966.19900", "2011-03-31": "1886.02000", "2010-12-31": "1872.70000", "2010-09-30": "1843.33800", "2010-06-30": "1845.90400", "2010-03-31": "1854.13000", "2009-12-31": "1812.51400", "2009-09-30": "1823.81400", "2009-06-30": "1836.47200", "2009-03-31": "1868.89400", "2008-12-31": "1790.56200", "2008-09-30": "1671.01800", "2008-06-30": "1299.30500", "2008-03-31": "1064.24600", "2007-12-31": "1070.25700", "2007-09-30": "1051.78400", "2007-06-30": "1018.86300", "2007-03-31": "965.89300", "2006-12-31": "945.19800", "2006-09-30": "909.78400", "2006-06-30": "712.08400", "2006-03-31": "675.73700", "2005-12-31": "600.21100", "2005-09-30": "502.25700", "2005-06-30": "515.82000", "2005-03-31": "463.04400"}, "Total Liabilities And Share Holders Equity": {"2020-09-30": "4419.30500", "2020-06-30": "4527.87000", "2020-03-31": "4522.17500", "2019-12-31": "4487.24500", "2019-09-30": "4442.66500", "2019-06-30": "4563.72900", "2019-03-31": "4481.54700", "2018-12-31": "4198.82900", "2018-09-30": "4179.04300", "2018-06-30": "4396.71000", "2018-03-31": "4538.40100", "2017-12-31": "4727.34400", "2017-09-30": "5128.76600", "2017-06-30": "5219.45900", "2017-03-31": "5244.38800", "2016-12-31": "5122.56900", "2016-09-30": "5531.92100", "2016-06-30": "5570.47000", "2016-03-31": "5702.70800", "2015-12-31": "5253.03800", "2015-09-30": "5484.67200", "2015-06-30": "5504.92000", "2015-03-31": "5512.32300", "2014-12-31": "5437.71600", "2014-09-30": "5807.26400", "2014-06-30": "5208.92200", "2014-03-31": "5145.77500", "2013-12-31": "4981.08000", "2013-09-30": "5031.39200", "2013-06-30": "5017.93600", "2013-03-31": "4687.83600", "2012-12-31": "4616.31300", "2012-09-30": "4482.93700", "2012-06-30": "4410.19200", "2012-03-31": "4402.79400", "2011-12-31": "4331.49300", "2011-09-30": "4472.39700", "2011-06-30": "4250.16000", "2011-03-31": "4048.40700", "2010-12-31": "4005.03100", "2010-09-30": "3946.71000", "2010-06-30": "3870.20000", "2010-03-31": "3811.91700", "2009-12-31": "3683.40100", "2009-09-30": "3589.05400", "2009-06-30": "3623.68400", "2009-03-31": "3748.77100", "2008-12-31": "3701.66400", "2008-09-30": "3538.10600", "2008-06-30": "2718.43200", "2008-03-31": "2329.99000", "2007-12-31": "2156.81700", "2007-09-30": "2077.24600", "2007-06-30": "1969.26100", "2007-03-31": "1843.35700", "2006-12-31": "1834.49100", "2006-09-30": "1979.96000", "2006-06-30": "1628.00500", "2006-03-31": "1506.63100", "2005-12-31": "1495.37000", "2005-09-30": "1415.92400", "2005-06-30": "1280.41800", "2005-03-31": "1252.09000"}}, "cash flow statement": {"Net Income/Loss": {"2019-12-31": "681.07000", "2018-12-31": "557.04300", "2017-12-31": "100.39300", "2016-12-31": "-417.12400", "2015-12-31": "-113.89100", "2014-12-31": "104.46800", "2013-12-31": "279.77300", "2012-12-31": "131.73000", "2011-12-31": "122.40800", "2010-12-31": "103.38600", "2009-12-31": "148.34300", "2008-12-31": "211.29000", "2007-12-31": "167.42300", "2006-12-31": "321.17500", "2005-12-31": "148.44500"}, "Total Depreciation And Amortization - Cash Flow": {"2019-12-31": "409.69900", "2018-12-31": "422.11000", "2017-12-31": "573.59100", "2016-12-31": "595.21100", "2015-12-31": "626.66500", "2014-12-31": "637.51400", "2013-12-31": "654.74500", "2012-12-31": "456.67000", "2011-12-31": "347.52200", "2010-12-31": "330.46400", "2009-12-31": "254.89500", "2008-12-31": "227.54900", "2007-12-31": "143.95100", "2006-12-31": "128.97500", "2005-12-31": "108.45800"}, "Other Non-Cash Items": {"2019-12-31": "269.99600", "2018-12-31": "289.21000", "2017-12-31": "302.11800", "2016-12-31": "282.61600", "2015-12-31": "186.29200", "2014-12-31": "530.00300", "2013-12-31": "163.70000", "2012-12-31": "91.66000", "2011-12-31": "79.24400", "2010-12-31": "38.09500", "2009-12-31": "192.81400", "2008-12-31": "159.20000", "2007-12-31": "161.37300", "2006-12-31": "-103.82000", "2005-12-31": "117.53700"}, "Total Non-Cash Items": {"2019-12-31": "679.69500", "2018-12-31": "711.32000", "2017-12-31": "875.70900", "2016-12-31": "877.82700", "2015-12-31": "812.95700", "2014-12-31": "1167.51700", "2013-12-31": "818.44500", "2012-12-31": "548.33000", "2011-12-31": "426.76600", "2010-12-31": "368.55900", "2009-12-31": "447.70900", "2008-12-31": "386.74900", "2007-12-31": "305.32400", "2006-12-31": "25.15500", "2005-12-31": "225.99500"}, "Change In Accounts Receivable": {"2019-12-31": "153.37900", "2018-12-31": "-146.92100", "2017-12-31": "-25.03600", "2016-12-31": "-71.06000", "2015-12-31": "112.40600", "2014-12-31": "-11.68900", "2013-12-31": "-49.39800", "2012-12-31": "-58.03700", "2011-12-31": "-19.89300", "2010-12-31": "-14.12500", "2009-12-31": "28.72500", "2008-12-31": "-3.92800", "2007-12-31": "6.85400", "2006-12-31": "39.46300", "2005-12-31": "-43.93800"}, "Change In Inventories": {"2019-12-31": "-2.85600", "2018-12-31": "-3.92700", "2017-12-31": "1.33400", "2016-12-31": "3.04400", "2015-12-31": "-3.02300", "2014-12-31": "3.44100", "2013-12-31": "-3.03300", "2012-12-31": "7.10400", "2011-12-31": "7.70800", "2010-12-31": "-1.67700", "2009-12-31": "17.68700", "2008-12-31": "-18.32400", "2007-12-31": "5.64400", "2006-12-31": "-8.38100", "2005-12-31": "-0.56700"}, "Change In Accounts Payable": {"2019-12-31": "-30.17600", "2018-12-31": "30.46800", "2017-12-31": "-2.55200", "2016-12-31": "10.85800", "2015-12-31": "-55.21700", "2014-12-31": "-7.58300", "2013-12-31": "-22.90800", "2012-12-31": "18.84300", "2011-12-31": "8.54600", "2010-12-31": "-1.48800", "2009-12-31": "-27.20200", "2008-12-31": "3.32100", "2007-12-31": "1.05200", "2006-12-31": "-29.69400", "2005-12-31": "26.14700"}, "Change In Assets/Liabilities": {"2019-12-31": "-21.80700", "2018-12-31": "16.53600", "2017-12-31": "-5.32000", "2016-12-31": "-0.12900", "2015-12-31": "-2.95700", "2014-12-31": "14.56300", "2013-12-31": "-27.35500", "2012-12-31": "1.06800", "2011-12-31": "1.14300", "2010-12-31": "3.67500", "2009-12-31": "-1.56800", "2008-12-31": "17.23800", "2007-12-31": "-37.33500", "2006-12-31": "2.18600", "2005-12-31": "3.37800"}, "Total Change In Assets/Liabilities": {"2019-12-31": "85.02600", "2018-12-31": "-163.46000", "2017-12-31": "-77.94200", "2016-12-31": "-63.26200", "2015-12-31": "50.49800", "2014-12-31": "-35.55000", "2013-12-31": "-73.69200", "2012-12-31": "-27.96700", "2011-12-31": "-29.84100", "2010-12-31": "21.25100", "2009-12-31": "18.00000", "2008-12-31": "36.40800", "2007-12-31": "-10.61000", "2006-12-31": "10.77400", "2005-12-31": "-9.88000"}, "Cash Flow From Operating Activities": {"2019-12-31": "1445.79100", "2018-12-31": "1104.90300", "2017-12-31": "898.16000", "2016-12-31": "397.44100", "2015-12-31": "749.59800", "2014-12-31": "1236.43500", "2013-12-31": "1024.52600", "2012-12-31": "652.09300", "2011-12-31": "501.83900", "2010-12-31": "484.91100", "2009-12-31": "614.05200", "2008-12-31": "634.44700", "2007-12-31": "462.13700", "2006-12-31": "357.10400", "2005-12-31": "364.56000"}, "Net Change In Property, Plant, And Equipment": {"2019-12-31": "-785.76800", "2018-12-31": "-216.12000", "2017-12-31": "-649.11400", "2016-12-31": "-324.73400", "2015-12-31": "-947.94900", "2014-12-31": "-1440.14000", "2013-12-31": "-871.23800", "2012-12-31": "-758.65100", "2011-12-31": "-487.62000", "2010-12-31": "-613.74100", "2009-12-31": "-531.02700", "2008-12-31": "-846.54100", "2007-12-31": "-546.16800", "2006-12-31": "-131.26800", "2005-12-31": "-350.31000"}, "Net Change In Intangible Assets": {"2019-12-31": "", "2018-12-31": "", "2017-12-31": "", "2016-12-31": "", "2015-12-31": "", "2014-12-31": "", "2013-12-31": "", "2012-12-31": "", "2011-12-31": "", "2010-12-31": "", "2009-12-31": "", "2008-12-31": "", "2007-12-31": "-39.77200", "2006-12-31": "-49.39700", "2005-12-31": "-61.84000"}, "Net Acquisitions/Divestitures": {"2019-12-31": "", "2018-12-31": "", "2017-12-31": "", "2016-12-31": "", "2015-12-31": "-16.31200", "2014-12-31": "-214.73700", "2013-12-31": "", "2012-12-31": "", "2011-12-31": "", "2010-12-31": "", "2009-12-31": "", "2008-12-31": "-605.74800", "2007-12-31": "-3.98200", "2006-12-31": "-6.68800", "2005-12-31": ""}, "Net Change In Short-term Investments": {"2019-12-31": "", "2018-12-31": "", "2017-12-31": "", "2016-12-31": "", "2015-12-31": "", "2014-12-31": "", "2013-12-31": "", "2012-12-31": "", "2011-12-31": "", "2010-12-31": "", "2009-12-31": "", "2008-12-31": "", "2007-12-31": "", "2006-12-31": "", "2005-12-31": ""}, "Net Change In Long-Term Investments": {"2019-12-31": "241.85300", "2018-12-31": "-77.26300", "2017-12-31": "-57.03900", "2016-12-31": "-28.48400", "2015-12-31": "-29.07300", "2014-12-31": "-38.05700", "2013-12-31": "-18.87500", "2012-12-31": "-6.86300", "2011-12-31": "", "2010-12-31": "", "2009-12-31": "", "2008-12-31": "", "2007-12-31": "", "2006-12-31": "", "2005-12-31": ""}, "Net Change In Investments - Total": {"2019-12-31": "241.85300", "2018-12-31": "-77.26300", "2017-12-31": "-57.03900", "2016-12-31": "-28.48400", "2015-12-31": "-29.07300", "2014-12-31": "-38.05700", "2013-12-31": "-18.87500", "2012-12-31": "-6.86300", "2011-12-31": "", "2010-12-31": "", "2009-12-31": "", "2008-12-31": "", "2007-12-31": "", "2006-12-31": "", "2005-12-31": ""}, "Investing Activities - Other": {"2019-12-31": "", "2018-12-31": "", "2017-12-31": "", "2016-12-31": "", "2015-12-31": "", "2014-12-31": "28.09400", "2013-12-31": "-28.09400", "2012-12-31": "", "2011-12-31": "", "2010-12-31": "", "2009-12-31": "", "2008-12-31": "", "2007-12-31": "", "2006-12-31": "", "2005-12-31": ""}, "Cash Flow From Investing Activities": {"2019-12-31": "-543.91500", "2018-12-31": "-293.38300", "2017-12-31": "-706.15300", "2016-12-31": "-353.21800", "2015-12-31": "-993.33400", "2014-12-31": "-1664.84000", "2013-12-31": "-918.20700", "2012-12-31": "-765.51400", "2011-12-31": "-487.62000", "2010-12-31": "-613.74100", "2009-12-31": "-531.02700", "2008-12-31": "-1452.28900", "2007-12-31": "-589.92200", "2006-12-31": "-187.35300", "2005-12-31": "-412.15000"}, "Net Long-Term Debt": {"2019-12-31": "-7.00000", "2018-12-31": "-297.00000", "2017-12-31": "", "2016-12-31": "-497.00000", "2015-12-31": "273.00000", "2014-12-31": "605.00000", "2013-12-31": "60.00000", "2012-12-31": "137.00000", "2011-12-31": "-25.00000", "2010-12-31": "170.00000", "2009-12-31": "-62.00000", "2008-12-31": "517.00000", "2007-12-31": "110.00000", "2006-12-31": "-100.00000", "2005-12-31": "70.00000"}, "Net Current Debt": {"2019-12-31": "", "2018-12-31": "", "2017-12-31": "", "2016-12-31": "", "2015-12-31": "", "2014-12-31": "", "2013-12-31": "", "2012-12-31": "", "2011-12-31": "", "2010-12-31": "", "2009-12-31": "", "2008-12-31": "", "2007-12-31": "", "2006-12-31": "", "2005-12-31": ""}, "Debt Issuance/Retirement Net - Total": {"2019-12-31": "-7.00000", "2018-12-31": "-297.00000", "2017-12-31": "", "2016-12-31": "-497.00000", "2015-12-31": "273.00000", "2014-12-31": "605.00000", "2013-12-31": "60.00000", "2012-12-31": "137.00000", "2011-12-31": "-25.00000", "2010-12-31": "170.00000", "2009-12-31": "-62.00000", "2008-12-31": "517.00000", "2007-12-31": "110.00000", "2006-12-31": "-100.00000", "2005-12-31": "70.00000"}, "Net Common Equity Issued/Repurchased": {"2019-12-31": "-519.86300", "2018-12-31": "-872.76100", "2017-12-31": "-123.74100", "2016-12-31": "995.27900", "2015-12-31": "", "2014-12-31": "-138.85200", "2013-12-31": "-164.63400", "2012-12-31": "", "2011-12-31": "", "2010-12-31": "", "2009-12-31": "", "2008-12-31": "316.23000", "2007-12-31": "5.09900", "2006-12-31": "-40.25700", "2005-12-31": "-14.59700"}, "Net Total Equity Issued/Repurchased": {"2019-12-31": "-519.86300", "2018-12-31": "-872.76100", "2017-12-31": "-123.74100", "2016-12-31": "995.27900", "2015-12-31": "", "2014-12-31": "-138.85200", "2013-12-31": "-164.63400", "2012-12-31": "", "2011-12-31": "", "2010-12-31": "", "2009-12-31": "", "2008-12-31": "316.23000", "2007-12-31": "5.09900", "2006-12-31": "-40.25700", "2005-12-31": "-14.59700"}, "Total Common And Preferred Stock Dividends Paid": {"2019-12-31": "-145.51500", "2018-12-31": "-111.36900", "2017-12-31": "-78.83800", "2016-12-31": "-36.18700", "2015-12-31": "-33.09000", "2014-12-31": "-33.27800", "2013-12-31": "-25.23200", "2012-12-31": "-16.75700", "2011-12-31": "-12.50800", "2010-12-31": "-12.46700", "2009-12-31": "-12.43200", "2008-12-31": "-12.07300", "2007-12-31": "-10.67000", "2006-12-31": "-7.75100", "2005-12-31": "-7.21300"}, "Financial Activities - Other": {"2019-12-31": "-18.00200", "2018-12-31": "-8.15000", "2017-12-31": "-7.92300", "2016-12-31": "-8.28700", "2015-12-31": "-16.61400", "2014-12-31": "-6.91100", "2013-12-31": "16.21100", "2012-12-31": "-5.99700", "2011-12-31": "-2.74900", "2010-12-31": "-12.91200", "2009-12-31": "3.46400", "2008-12-31": "6.28800", "2007-12-31": "", "2006-12-31": "9.48500", "2005-12-31": ""}, "Cash Flow From Financial Activities": {"2019-12-31": "-690.38000", "2018-12-31": "-1289.28000", "2017-12-31": "-210.50200", "2016-12-31": "453.80500", "2015-12-31": "223.29600", "2014-12-31": "425.95900", "2013-12-31": "-113.65500", "2012-12-31": "114.24600", "2011-12-31": "-40.25700", "2010-12-31": "144.62100", "2009-12-31": "-70.96800", "2008-12-31": "827.44500", "2007-12-31": "104.42900", "2006-12-31": "-138.52300", "2005-12-31": "48.19000"}, "Net Cash Flow": {"2019-12-31": "211.49600", "2018-12-31": "-477.76000", "2017-12-31": "-18.49500", "2016-12-31": "498.02800", "2015-12-31": "-20.44000", "2014-12-31": "-2.44600", "2013-12-31": "-7.33600", "2012-12-31": "0.82500", "2011-12-31": "-26.03800", "2010-12-31": "15.79100", "2009-12-31": "12.05700", "2008-12-31": "9.60300", "2007-12-31": "-23.35600", "2006-12-31": "31.22800", "2005-12-31": "0.60000"}, "Stock-Based Compensation": {"2019-12-31": "29.00900", "2018-12-31": "31.44300", "2017-12-31": "33.41900", "2016-12-31": "25.98200", "2015-12-31": "13.64500", "2014-12-31": "21.42900", "2013-12-31": "46.96500", "2012-12-31": "46.87200", "2011-12-31": "52.94000", "2010-12-31": "29.79400", "2009-12-31": "17.33600", "2008-12-31": "4.29800", "2007-12-31": "16.24100", "2006-12-31": "11.78600", "2005-12-31": "9.80300"}, "Common Stock Dividends Paid": {"2019-12-31": "-145.51500", "2018-12-31": "-111.36900", "2017-12-31": "-78.83800", "2016-12-31": "-36.18700", "2015-12-31": "-33.09000", "2014-12-31": "-33.27800", "2013-12-31": "-25.23200", "2012-12-31": "-16.75700", "2011-12-31": "-12.50800", "2010-12-31": "-12.46700", "2009-12-31": "-12.43200", "2008-12-31": "-12.07300", "2007-12-31": "-10.67000", "2006-12-31": "-7.75100", "2005-12-31": "-7.21300"}}, "cash flow statement, quarterly": {"Net Income/Loss": {"2020-09-30": -14.961, "2020-06-30": 30.374, "2020-03-31": "53.91000", "2019-12-31": 146.94, "2019-09-30": 90.358, "2019-06-30": 181.009, "2019-03-31": "262.76300", "2018-12-31": 275.045, "2018-09-30": 122.336, "2018-06-30": 42.431, "2018-03-31": "117.23100", "2017-12-31": -44.441, "2017-09-30": 17.587, "2017-06-30": 21.527, "2017-03-31": "105.72000", "2016-12-31": -292.76, "2016-09-30": -10.26, "2016-06-30": -62.91, "2016-03-31": "-51.19400", "2015-12-31": -111.124, "2015-09-30": -15.514, "2015-06-30": -27.508, "2015-03-31": "40.25500", "2014-12-31": -221.771, "2014-09-30": 100.788, "2014-06-30": 118.42, "2014-03-31": "107.03100", "2013-12-31": 77.946, "2013-09-30": 69.889, "2013-06-30": 89.114, "2013-03-31": "42.82400", "2012-12-31": 40.866, "2012-09-30": 36.609, "2012-06-30": 35.937, "2012-03-31": "18.31800", "2011-12-31": 26.363, "2011-09-30": 28.482, "2011-06-30": 54.677, "2011-03-31": "12.88600", "2010-12-31": 49.109, "2010-09-30": 3.899, "2010-06-30": 21.682, "2010-03-31": "28.69600", "2009-12-31": 36.364, "2009-09-30": 38.897, "2009-06-30": 25.502, "2009-03-31": "47.58000", "2008-12-31": 43.7, "2008-09-30": 66.99, "2008-06-30": 54.625, "2008-03-31": "45.97500", "2007-12-31": 42.047, "2007-09-30": 35.453, "2007-06-30": 41.376, "2007-03-31": "48.54700", "2006-12-31": 32.126, "2006-09-30": 189.02, "2006-06-30": 46.864, "2006-03-31": "53.16500", "2005-12-31": 58.505, "2005-09-30": 33.756, "2005-06-30": 35.422, "2005-03-31": "20.76200"}, "Total Depreciation And Amortization - Cash Flow": {"2020-09-30": 100.382, "2020-06-30": 95.373, "2020-03-31": "100.88500", "2019-12-31": 107.186, "2019-09-30": 111.644, "2019-06-30": 97.522, "2019-03-31": "93.34700", "2018-12-31": 130.379, "2018-09-30": 122.303, "2018-06-30": 86.105, "2018-03-31": "83.32300", "2017-12-31": 144.323, "2017-09-30": 147.462, "2017-06-30": 145.517, "2017-03-31": "136.28900", "2016-12-31": 142.413, "2016-09-30": 140.686, "2016-06-30": 149.034, "2016-03-31": "163.07800", "2015-12-31": 150.935, "2015-09-30": 145.384, "2015-06-30": 153.582, "2015-03-31": "176.76400", "2014-12-31": 175.141, "2014-09-30": 155.14, "2014-06-30": 158.689, "2014-03-31": "148.54400", "2013-12-31": 182.956, "2013-09-30": 169.905, "2013-06-30": 152.334, "2013-03-31": "149.55000", "2012-12-31": 116.949, "2012-09-30": 111.414, "2012-06-30": 116.886, "2012-03-31": "111.42100", "2011-12-31": 93.563, "2011-09-30": 91.357, "2011-06-30": 84.358, "2011-03-31": "78.24400", "2010-12-31": 86.587, "2010-09-30": 91.517, "2010-06-30": 77.794, "2010-03-31": "74.56600", "2009-12-31": 65.928, "2009-09-30": 78.074, "2009-06-30": 55.108, "2009-03-31": "55.78500", "2008-12-31": 94.656, "2008-09-30": 48.895, "2008-06-30": 42.482, "2008-03-31": "41.51600", "2007-12-31": 38.55, "2007-09-30": 37.744, "2007-06-30": 34.262, "2007-03-31": "33.39500", "2006-12-31": 32.16, "2006-09-30": 32.088, "2006-06-30": 32.792, "2006-03-31": "31.93500", "2005-12-31": 29.112, "2005-09-30": 26.578, "2005-06-30": 26.112, "2005-03-31": "26.65600"}, "Other Non-Cash Items": {"2020-09-30": 61.493, "2020-06-30": -6.556, "2020-03-31": "43.73500", "2019-12-31": 23.418, "2019-09-30": 73.47, "2019-06-30": 23.351, "2019-03-31": "149.75700", "2018-12-31": 87.381, "2018-09-30": 54.122, "2018-06-30": 67.961, "2018-03-31": "79.74600", "2017-12-31": 140.261, "2017-09-30": 42.182, "2017-06-30": 88.663, "2017-03-31": "31.01200", "2016-12-31": 313.91, "2016-09-30": -2.064, "2016-06-30": 11.494, "2016-03-31": "-40.72400", "2015-12-31": 85.496, "2015-09-30": 20.489, "2015-06-30": 57.15, "2015-03-31": "23.15700", "2014-12-31": 376.838, "2014-09-30": 54.375, "2014-06-30": 34.833, "2014-03-31": "63.95700", "2013-12-31": 32.859, "2013-09-30": 40.546, "2013-06-30": 50.442, "2013-03-31": "39.85300", "2012-12-31": 65.903, "2012-09-30": 27.64, "2012-06-30": -10.679, "2012-03-31": "8.79600", "2011-12-31": 1.038, "2011-09-30": 45.552, "2011-06-30": 11.504, "2011-03-31": "21.15000", "2010-12-31": -45.837, "2010-09-30": 45.697, "2010-06-30": 10.055, "2010-03-31": "28.18000", "2009-12-31": 76.273, "2009-09-30": 28.836, "2009-06-30": 53.031, "2009-03-31": "34.67400", "2008-12-31": 24.187, "2008-09-30": 34.139, "2008-06-30": 54.605, "2008-03-31": "46.26900", "2007-12-31": 58.043, "2007-09-30": 47.703, "2007-06-30": 35, "2007-03-31": "20.62700", "2006-12-31": 36.843, "2006-09-30": -200.496, "2006-06-30": 30.035, "2006-03-31": "29.79800", "2005-12-31": 31.639, "2005-09-30": 32.566, "2005-06-30": 18.095, "2005-03-31": "35.23700"}, "Total Non-Cash Items": {"2020-09-30": 161.875, "2020-06-30": 88.817, "2020-03-31": "144.62000", "2019-12-31": 130.6041, "2019-09-30": 185.1139, "2019-06-30": 120.873, "2019-03-31": "243.10400", "2018-12-31": 217.76, "2018-09-30": 176.425, "2018-06-30": 154.066, "2018-03-31": "163.06900", "2017-12-31": 284.584, "2017-09-30": 189.644, "2017-06-30": 234.18, "2017-03-31": "167.30100", "2016-12-31": 456.323, "2016-09-30": 138.622, "2016-06-30": 160.528, "2016-03-31": "122.35400", "2015-12-31": 236.431, "2015-09-30": 165.873, "2015-06-30": 210.732, "2015-03-31": "199.92100", "2014-12-31": 551.979, "2014-09-30": 209.515, "2014-06-30": 193.522, "2014-03-31": "212.50100", "2013-12-31": 215.815, "2013-09-30": 210.451, "2013-06-30": 202.776, "2013-03-31": "189.40300", "2012-12-31": 182.852, "2012-09-30": 139.054, "2012-06-30": 106.207, "2012-03-31": "120.21700", "2011-12-31": 94.601, "2011-09-30": 136.909, "2011-06-30": 95.862, "2011-03-31": "99.39400", "2010-12-31": 40.75, "2010-09-30": 137.214, "2010-06-30": 87.849, "2010-03-31": "102.74600", "2009-12-31": 142.201, "2009-09-30": 106.91, "2009-06-30": 108.139, "2009-03-31": "90.45900", "2008-12-31": 118.843, "2008-09-30": 83.034, "2008-06-30": 97.087, "2008-03-31": "87.78500", "2007-12-31": 96.593, "2007-09-30": 85.447, "2007-06-30": 69.262, "2007-03-31": "54.02200", "2006-12-31": 69.003, "2006-09-30": -168.408, "2006-06-30": 62.827, "2006-03-31": "61.73300", "2005-12-31": 60.751, "2005-09-30": 59.144, "2005-06-30": 44.207, "2005-03-31": "61.89300"}, "Change In Accounts Receivable": {"2020-09-30": -18.821, "2020-06-30": 17.779, "2020-03-31": "73.32700", "2019-12-31": -49.785, "2019-09-30": 24.137, "2019-06-30": 37.356, "2019-03-31": "141.67100", "2018-12-31": -139.576, "2018-09-30": -46.284, "2018-06-30": -11.277, "2018-03-31": "50.21600", "2017-12-31": -54.312, "2017-09-30": 15.563, "2017-06-30": 15.451, "2017-03-31": "-1.73800", "2016-12-31": -69.925, "2016-09-30": -3.253, "2016-06-30": -17.24, "2016-03-31": "19.35800", "2015-12-31": -0.306, "2015-09-30": 12.815, "2015-06-30": 50.282, "2015-03-31": "49.61500", "2014-12-31": -42.107, "2014-09-30": 20.83, "2014-06-30": 33.006, "2014-03-31": "-23.41800", "2013-12-31": -43.077, "2013-09-30": 26.23, "2013-06-30": -32.308, "2013-03-31": "-0.24300", "2012-12-31": -68.784, "2012-09-30": -14.467, "2012-06-30": 5.953, "2012-03-31": "19.26100", "2011-12-31": -12.769, "2011-09-30": 15.702, "2011-06-30": -26.728, "2011-03-31": "3.90200", "2010-12-31": -18.967, "2010-09-30": 3.642, "2010-06-30": 14.389, "2010-03-31": "-13.18900", "2009-12-31": -27.749, "2009-09-30": 1.382, "2009-06-30": 21.223, "2009-03-31": "33.86900", "2008-12-31": 5.941, "2008-09-30": 44.45, "2008-06-30": -28.6, "2008-03-31": "-25.71900", "2007-12-31": -26.847, "2007-09-30": 17.702, "2007-06-30": -3.04, "2007-03-31": "19.03900", "2006-12-31": -12.388, "2006-09-30": -6.815, "2006-06-30": 16.536, "2006-03-31": "42.13000", "2005-12-31": -37.852, "2005-09-30": -38.424, "2005-06-30": 5.249, "2005-03-31": "27.08900"}, "Change In Inventories": {"2020-09-30": 3.019, "2020-06-30": -0.135, "2020-03-31": "-4.31700", "2019-12-31": 4.263, "2019-09-30": 1.186, "2019-06-30": -1.104, "2019-03-31": "-7.20100", "2018-12-31": 1.399, "2018-09-30": 7.051, "2018-06-30": -8.068, "2018-03-31": "-4.30900", "2017-12-31": 3.434, "2017-09-30": -2.096, "2017-06-30": -1.213, "2017-03-31": "1.20900", "2016-12-31": 0.184, "2016-09-30": 1.498, "2016-06-30": 0.261, "2016-03-31": "1.10100", "2015-12-31": 1.233, "2015-09-30": 2.141, "2015-06-30": -6.336, "2015-03-31": "-0.06100", "2014-12-31": -0.296, "2014-09-30": -1.817, "2014-06-30": -1.522, "2014-03-31": "7.07600", "2013-12-31": 3.632, "2013-09-30": -2.562, "2013-06-30": -6.999, "2013-03-31": "2.89600", "2012-12-31": 3.522, "2012-09-30": -5.711, "2012-06-30": 0.245, "2012-03-31": "9.04800", "2011-12-31": 6.337, "2011-09-30": -4.252, "2011-06-30": -3.238, "2011-03-31": "8.86100", "2010-12-31": 2.676, "2010-09-30": -8.809, "2010-06-30": -5.863, "2010-03-31": "10.31900", "2009-12-31": 8.779, "2009-09-30": -7.255, "2009-06-30": -1.896, "2009-03-31": "18.05900", "2008-12-31": 6.475, "2008-09-30": -32.45, "2008-06-30": -7.198, "2008-03-31": "14.84900", "2007-12-31": 8.849, "2007-09-30": -13.083, "2007-06-30": -7.709, "2007-03-31": "17.58700", "2006-12-31": 8.123, "2006-09-30": -15.164, "2006-06-30": -12.17, "2006-03-31": "10.83000", "2005-12-31": 10.857, "2005-09-30": -11.648, "2005-06-30": -10.733, "2005-03-31": "10.95700"}, "Change In Accounts Payable": {"2020-09-30": 11.335, "2020-06-30": -12.742, "2020-03-31": "-23.71100", "2019-12-31": 13.237, "2019-09-30": -7.546, "2019-06-30": -7.933, "2019-03-31": "-27.93400", "2018-12-31": -1.724, "2018-09-30": 25.024, "2018-06-30": 21.337, "2018-03-31": "-14.16900", "2017-12-31": 2.581, "2017-09-30": -0.794, "2017-06-30": -4.49, "2017-03-31": "0.15100", "2016-12-31": 23.032, "2016-09-30": 5.02, "2016-06-30": -7.584, "2016-03-31": "-9.61000", "2015-12-31": 11.133, "2015-09-30": -1.327, "2015-06-30": -35.394, "2015-03-31": "-29.62900", "2014-12-31": 2.129, "2014-09-30": 29.372, "2014-06-30": -22.995, "2014-03-31": "-16.08900", "2013-12-31": -3.071, "2013-09-30": -29.498, "2013-06-30": 37.546, "2013-03-31": "-27.88500", "2012-12-31": 35.234, "2012-09-30": 12.284, "2012-06-30": 9.474, "2012-03-31": "-38.14900", "2011-12-31": 18.487, "2011-09-30": -20.762, "2011-06-30": 20.436, "2011-03-31": "-9.61500", "2010-12-31": 12.764, "2010-09-30": -8.315, "2010-06-30": 6.976, "2010-03-31": "-12.91300", "2009-12-31": 21.895, "2009-09-30": -7.203, "2009-06-30": 3.595, "2009-03-31": "-45.48900", "2008-12-31": -7.733, "2008-09-30": -9.319, "2008-06-30": 17.392, "2008-03-31": "2.98100", "2007-12-31": 34.622, "2007-09-30": -24.544, "2007-06-30": 19.522, "2007-03-31": "-28.54800", "2006-12-31": 4.443, "2006-09-30": -8.522, "2006-06-30": 8.509, "2006-03-31": "-34.12400", "2005-12-31": 24.631, "2005-09-30": 6.36, "2005-06-30": 9.112, "2005-03-31": "-13.95600"}, "Change In Assets/Liabilities": {"2020-09-30": 1.777, "2020-06-30": 11.134, "2020-03-31": "-12.17600", "2019-12-31": 1.664, "2019-09-30": 1.619, "2019-06-30": 8.812, "2019-03-31": "-33.90200", "2018-12-31": -10.158, "2018-09-30": 2.453, "2018-06-30": 38.873, "2018-03-31": "-14.63200", "2017-12-31": 16.97, "2017-09-30": -20.304, "2017-06-30": 11.813, "2017-03-31": "-13.79900", "2016-12-31": 17.622, "2016-09-30": -14.461, "2016-06-30": 11.84, "2016-03-31": "-15.13000", "2015-12-31": 17.796, "2015-09-30": -9.651, "2015-06-30": -9.403, "2015-03-31": "-1.69900", "2014-12-31": 14.103, "2014-09-30": -0.308, "2014-06-30": 15.602, "2014-03-31": "-14.83400", "2013-12-31": -26.036, "2013-09-30": 0.867, "2013-06-30": -3.169, "2013-03-31": "0.98300", "2012-12-31": 2.193, "2012-09-30": -0.981, "2012-06-30": -0.662, "2012-03-31": "0.51800", "2011-12-31": 1.975, "2011-09-30": 1.054, "2011-06-30": -1.873, "2011-03-31": "-0.01300", "2010-12-31": 9.443, "2010-09-30": -3.171, "2010-06-30": -8.145, "2010-03-31": "5.54800", "2009-12-31": -2.76, "2009-09-30": 5.289, "2009-06-30": -9.389, "2009-03-31": "5.29200", "2008-12-31": 5.1, "2008-09-30": -5.984, "2008-06-30": 15.866, "2008-03-31": "2.25600", "2007-12-31": -26.246, "2007-09-30": -1.892, "2007-06-30": -5.543, "2007-03-31": "-3.65400", "2006-12-31": 0.064, "2006-09-30": 3.685, "2006-06-30": -4.527, "2006-03-31": "2.96400", "2005-12-31": -1.251, "2005-09-30": 6.555, "2005-06-30": -3.198, "2005-03-31": "1.27200"}, "Total Change In Assets/Liabilities": {"2020-09-30": -17.854, "2020-06-30": 17.245, "2020-03-31": "6.36700", "2019-12-31": -14.564, "2019-09-30": -4.598, "2019-06-30": 24.768, "2019-03-31": "79.42000", "2018-12-31": -176.754, "2018-09-30": -56.569, "2018-06-30": 77.403, "2018-03-31": "-7.54000", "2017-12-31": -61.03, "2017-09-30": -18.13, "2017-06-30": 4.861, "2017-03-31": "-3.64300", "2016-12-31": -23.827, "2016-09-30": -22.947, "2016-06-30": -12.44, "2016-03-31": "-4.04800", "2015-12-31": 39.303, "2015-09-30": -3.996, "2015-06-30": -12.014, "2015-03-31": "27.20500", "2014-12-31": -37.023, "2014-09-30": 47.999, "2014-06-30": 17.628, "2014-03-31": "-64.15400", "2013-12-31": -35.911, "2013-09-30": -3.631, "2013-06-30": -14.25, "2013-03-31": "-19.90000", "2012-12-31": -24.985, "2012-09-30": -13.445, "2012-06-30": 17.598, "2012-03-31": "-7.13500", "2011-12-31": 22.8, "2011-09-30": -10.523, "2011-06-30": -21.051, "2011-03-31": "-21.06700", "2010-12-31": 35.845, "2010-09-30": -16.799, "2010-06-30": 17.55, "2010-03-31": "-15.34500", "2009-12-31": 18.357, "2009-09-30": -29.062, "2009-06-30": 14.21, "2009-03-31": "14.49500", "2008-12-31": 47.176, "2008-09-30": -1.707, "2008-06-30": -8.005, "2008-03-31": "-1.05600", "2007-12-31": -5.062, "2007-09-30": -34.148, "2007-06-30": -4.689, "2007-03-31": "33.28900", "2006-12-31": -100.075, "2006-09-30": 66.078, "2006-06-30": 4.66, "2006-03-31": "40.11100", "2005-12-31": -1.807, "2005-09-30": -33.865, "2005-06-30": 0.43, "2005-03-31": "25.36200"}, "Cash Flow From Operating Activities": {"2020-09-30": 129.06, "2020-06-30": 136.436, "2020-03-31": "204.89700", "2019-12-31": 262.98, "2019-09-30": 270.874, "2019-06-30": 326.65, "2019-03-31": "585.28700", "2018-12-31": 316.051, "2018-09-30": 242.192, "2018-06-30": 273.9, "2018-03-31": "272.76000", "2017-12-31": 179.113, "2017-09-30": 189.101, "2017-06-30": 260.568, "2017-03-31": "269.37800", "2016-12-31": 139.736, "2016-09-30": 105.415, "2016-06-30": 85.178, "2016-03-31": "67.11200", "2015-12-31": 164.644, "2015-09-30": 146.363, "2015-06-30": 171.21, "2015-03-31": "267.38100", "2014-12-31": 293.185, "2014-09-30": 358.302, "2014-06-30": 329.57, "2014-03-31": "255.37800", "2013-12-31": 257.85, "2013-09-30": 276.709, "2013-06-30": 277.282, "2013-03-31": "212.68500", "2012-12-31": 196.981, "2012-09-30": 163.97, "2012-06-30": 159.362, "2012-03-31": "131.78000", "2011-12-31": 126.473, "2011-09-30": 154.665, "2011-06-30": 129.488, "2011-03-31": "91.21300", "2010-12-31": 117.419, "2010-09-30": 124.314, "2010-06-30": 127.081, "2010-03-31": "116.09700", "2009-12-31": 196.922, "2009-09-30": 116.745, "2009-06-30": 147.851, "2009-03-31": "152.53400", "2008-12-31": 209.719, "2008-09-30": 148.317, "2008-06-30": 143.707, "2008-03-31": "132.70400", "2007-12-31": 133.578, "2007-09-30": 86.752, "2007-06-30": 105.949, "2007-03-31": "135.85800", "2006-12-31": 1.054, "2006-09-30": 86.69, "2006-06-30": 114.351, "2006-03-31": "155.00900", "2005-12-31": 117.449, "2005-09-30": 59.035, "2005-06-30": 80.059, "2005-03-31": "108.01700"}, "Net Change In Property, Plant, And Equipment": {"2020-09-30": -147.179, "2020-06-30": -182.254, "2020-03-31": "-148.65400", "2019-12-31": -167.473, "2019-09-30": -199.141, "2019-06-30": -225.85, "2019-03-31": "-193.30400", "2018-12-31": -244.142, "2018-09-30": -231.575, "2018-06-30": -230.691, "2018-03-31": "490.28800", "2017-12-31": -95.012, "2017-09-30": -162.244, "2017-06-30": -183.848, "2017-03-31": "-208.01000", "2016-12-31": -128.769, "2016-09-30": -86.394, "2016-06-30": -67.162, "2016-03-31": "-42.40900", "2015-12-31": -135.49, "2015-09-30": -170.369, "2015-06-30": -249.929, "2015-03-31": "-392.16100", "2014-12-31": -479.312, "2014-09-30": -342.46, "2014-06-30": -279.775, "2014-03-31": "-338.59300", "2013-12-31": -43.012, "2013-09-30": -305.076, "2013-06-30": -263.467, "2013-03-31": "-259.68300", "2012-12-31": -222.193, "2012-09-30": -257.846, "2012-06-30": -91.345, "2012-03-31": "-187.26700", "2011-12-31": 99.258, "2011-09-30": -237, "2011-06-30": -151.752, "2011-03-31": "-198.12600", "2010-12-31": 23.349, "2010-09-30": -199.689, "2010-06-30": -202.801, "2010-03-31": "-234.60000", "2009-12-31": -185.03, "2009-09-30": -115.831, "2009-06-30": -74.2, "2009-03-31": "-155.96600", "2008-12-31": -288.76, "2008-09-30": -246.486, "2008-06-30": -183.194, "2008-03-31": "-128.10100", "2007-12-31": -135.64, "2007-09-30": -144.422, "2007-06-30": -158.142, "2007-03-31": "-107.96400", "2006-12-31": -109.635, "2006-09-30": 202.255, "2006-06-30": -121.313, "2006-03-31": "-102.57500", "2005-12-31": -109.802, "2005-09-30": -125.37, "2005-06-30": -74.656, "2005-03-31": "-40.48200"}, "Net Change In Intangible Assets": {"2020-09-30": 0, "2020-06-30": 0, "2020-03-31": "", "2019-12-31": 0, "2019-09-30": 0, "2019-06-30": 0, "2019-03-31": "", "2018-12-31": 0, "2018-09-30": 0, "2018-06-30": 0, "2018-03-31": "", "2017-12-31": 0, "2017-09-30": 0, "2017-06-30": 0, "2017-03-31": "", "2016-12-31": 0, "2016-09-30": 0, "2016-06-30": 0, "2016-03-31": "", "2015-12-31": 0, "2015-09-30": 0, "2015-06-30": 0, "2015-03-31": "", "2014-12-31": 0, "2014-09-30": 0, "2014-06-30": 0, "2014-03-31": "", "2013-12-31": 0, "2013-09-30": 0, "2013-06-30": 0, "2013-03-31": "", "2012-12-31": 0, "2012-09-30": 0, "2012-06-30": 0, "2012-03-31": "", "2011-12-31": 0, "2011-09-30": 0, "2011-06-30": 0, "2011-03-31": "", "2010-12-31": 0, "2010-09-30": 0, "2010-06-30": 0, "2010-03-31": "", "2009-12-31": 0, "2009-09-30": 0, "2009-06-30": 6.466, "2009-03-31": "-6.46600", "2008-12-31": 18.764, "2008-09-30": -6.413, "2008-06-30": -7.29, "2008-03-31": "-5.06100", "2007-12-31": -18.529, "2007-09-30": -8.766, "2007-06-30": -6.825, "2007-03-31": "-5.65200", "2006-12-31": -9.425, "2006-09-30": -13.561, "2006-06-30": -14.797, "2006-03-31": "-11.61400", "2005-12-31": -14.444, "2005-09-30": -16.665, "2005-06-30": -11.362, "2005-03-31": "-19.36900"}, "Net Acquisitions/Divestitures": {"2020-09-30": 0, "2020-06-30": 0, "2020-03-31": "", "2019-12-31": 0, "2019-09-30": 0, "2019-06-30": 0, "2019-03-31": "", "2018-12-31": 0, "2018-09-30": 0, "2018-06-30": 0, "2018-03-31": "", "2017-12-31": 0, "2017-09-30": 0, "2017-06-30": 0, "2017-03-31": "", "2016-12-31": 0, "2016-09-30": 0, "2016-06-30": 0, "2016-03-31": "", "2015-12-31": 0, "2015-09-30": -0.012, "2015-06-30": -16.3, "2015-03-31": "", "2014-12-31": -198.911, "2014-09-30": -15.826, "2014-06-30": 0, "2014-03-31": "", "2013-12-31": 0.128, "2013-09-30": -0.128, "2013-06-30": 0, "2013-03-31": "", "2012-12-31": 0, "2012-09-30": 0, "2012-06-30": 0, "2012-03-31": "", "2011-12-31": 0, "2011-09-30": 0, "2011-06-30": 0, "2011-03-31": "", "2010-12-31": 0, "2010-09-30": 0, "2010-06-30": 0, "2010-03-31": "", "2009-12-31": 0, "2009-09-30": 0, "2009-06-30": 0, "2009-03-31": "", "2008-12-31": -0.34, "2008-09-30": -545.242, "2008-06-30": -60.166, "2008-03-31": "", "2007-12-31": -3.373, "2007-09-30": -0.609, "2007-06-30": 0, "2007-03-31": "", "2006-12-31": -6.688, "2006-09-30": 0, "2006-06-30": 0, "2006-03-31": "", "2005-12-31": 0, "2005-09-30": 0, "2005-06-30": 0, "2005-03-31": ""}, "Net Change In Short-term Investments": {"2020-09-30": 0, "2020-06-30": 0, "2020-03-31": "", "2019-12-31": 0, "2019-09-30": 0, "2019-06-30": 0, "2019-03-31": "", "2018-12-31": 0, "2018-09-30": 0, "2018-06-30": 0, "2018-03-31": "", "2017-12-31": 0, "2017-09-30": 0, "2017-06-30": 0, "2017-03-31": "", "2016-12-31": 0, "2016-09-30": 0, "2016-06-30": 0, "2016-03-31": "", "2015-12-31": 0, "2015-09-30": 0, "2015-06-30": 0, "2015-03-31": "", "2014-12-31": 0, "2014-09-30": 0, "2014-06-30": 0, "2014-03-31": "", "2013-12-31": 0, "2013-09-30": 0, "2013-06-30": 0, "2013-03-31": "", "2012-12-31": 0, "2012-09-30": 0, "2012-06-30": 0, "2012-03-31": "", "2011-12-31": 0, "2011-09-30": 0, "2011-06-30": 0, "2011-03-31": "", "2010-12-31": 0, "2010-09-30": 0, "2010-06-30": 0, "2010-03-31": "", "2009-12-31": 0, "2009-09-30": 0, "2009-06-30": 0, "2009-03-31": "", "2008-12-31": 0, "2008-09-30": 0, "2008-06-30": 0, "2008-03-31": "", "2007-12-31": 0, "2007-09-30": 0, "2007-06-30": 0, "2007-03-31": "", "2006-12-31": 0, "2006-09-30": 0, "2006-06-30": 0, "2006-03-31": "", "2005-12-31": 0, "2005-09-30": 0, "2005-06-30": 0, "2005-03-31": ""}, "Net Change In Long-Term Investments": {"2020-09-30": 0, "2020-06-30": 0, "2020-03-31": "-9.45900", "2019-12-31": 249.174, "2019-09-30": -2.948, "2019-06-30": -2.545, "2019-03-31": "-1.82800", "2018-12-31": -4.397, "2018-09-30": -9.961, "2018-06-30": -27.487, "2018-03-31": "-35.41800", "2017-12-31": -33.657, "2017-09-30": -9.756, "2017-06-30": -5.884, "2017-03-31": "-7.74200", "2016-12-31": -4.308, "2016-09-30": -6.005, "2016-06-30": -6.519, "2016-03-31": "-11.65200", "2015-12-31": -8.275, "2015-09-30": -10.684, "2015-06-30": -5.036, "2015-03-31": "-5.07800", "2014-12-31": -9.273, "2014-09-30": -6.554, "2014-06-30": -16.293, "2014-03-31": "-5.93700", "2013-12-31": -10.251, "2013-09-30": -4.374, "2013-06-30": -3, "2013-03-31": "-1.25000", "2012-12-31": -2.375, "2012-09-30": -2.4, "2012-06-30": -2.088, "2012-03-31": "", "2011-12-31": 0, "2011-09-30": 0, "2011-06-30": 0, "2011-03-31": "", "2010-12-31": 0, "2010-09-30": 0, "2010-06-30": 0, "2010-03-31": "", "2009-12-31": 0, "2009-09-30": 0, "2009-06-30": 0, "2009-03-31": "", "2008-12-31": 0, "2008-09-30": 0, "2008-06-30": 0, "2008-03-31": "", "2007-12-31": 0, "2007-09-30": 0, "2007-06-30": 0, "2007-03-31": "", "2006-12-31": 0, "2006-09-30": 0, "2006-06-30": 0, "2006-03-31": "", "2005-12-31": 0, "2005-09-30": 0, "2005-06-30": 0, "2005-03-31": ""}, "Net Change In Investments - Total": {"2020-09-30": 0, "2020-06-30": 0, "2020-03-31": "-9.45900", "2019-12-31": 249.174, "2019-09-30": -2.948, "2019-06-30": -2.545, "2019-03-31": "-1.82800", "2018-12-31": -4.397, "2018-09-30": -9.961, "2018-06-30": -27.487, "2018-03-31": "-35.41800", "2017-12-31": -33.657, "2017-09-30": -9.756, "2017-06-30": -5.884, "2017-03-31": "-7.74200", "2016-12-31": -4.308, "2016-09-30": -6.005, "2016-06-30": -6.519, "2016-03-31": "-11.65200", "2015-12-31": -8.275, "2015-09-30": -10.684, "2015-06-30": -5.036, "2015-03-31": "-5.07800", "2014-12-31": -9.273, "2014-09-30": -6.554, "2014-06-30": -16.293, "2014-03-31": "-5.93700", "2013-12-31": -10.251, "2013-09-30": -4.374, "2013-06-30": -3, "2013-03-31": "-1.25000", "2012-12-31": -2.375, "2012-09-30": -2.4, "2012-06-30": -2.088, "2012-03-31": "", "2011-12-31": 0, "2011-09-30": 0, "2011-06-30": 0, "2011-03-31": "", "2010-12-31": 0, "2010-09-30": 0, "2010-06-30": 0, "2010-03-31": "", "2009-12-31": 0, "2009-09-30": 0, "2009-06-30": 0, "2009-03-31": "", "2008-12-31": 0, "2008-09-30": 0, "2008-06-30": 0, "2008-03-31": "", "2007-12-31": 0, "2007-09-30": 0, "2007-06-30": 0, "2007-03-31": "", "2006-12-31": 0, "2006-09-30": 0, "2006-06-30": 0, "2006-03-31": "", "2005-12-31": 0, "2005-09-30": 0, "2005-06-30": 0, "2005-03-31": ""}, "Investing Activities - Other": {"2020-09-30": 0, "2020-06-30": 0, "2020-03-31": "", "2019-12-31": 0, "2019-09-30": 0, "2019-06-30": 0, "2019-03-31": "", "2018-12-31": 0, "2018-09-30": 0, "2018-06-30": 0, "2018-03-31": "", "2017-12-31": 0, "2017-09-30": 0, "2017-06-30": 0, "2017-03-31": "", "2016-12-31": 0, "2016-09-30": 0, "2016-06-30": 0, "2016-03-31": "", "2015-12-31": 0, "2015-09-30": 0, "2015-06-30": 0, "2015-03-31": "", "2014-12-31": 0, "2014-09-30": 0, "2014-06-30": 19.712, "2014-03-31": "8.38200", "2013-12-31": -28.094, "2013-09-30": 0, "2013-06-30": 0, "2013-03-31": "", "2012-12-31": 0, "2012-09-30": 0, "2012-06-30": 0, "2012-03-31": "", "2011-12-31": 0, "2011-09-30": 0, "2011-06-30": 0, "2011-03-31": "", "2010-12-31": 0, "2010-09-30": 0, "2010-06-30": 0, "2010-03-31": "", "2009-12-31": 0, "2009-09-30": 0, "2009-06-30": 0, "2009-03-31": "", "2008-12-31": 0, "2008-09-30": 0, "2008-06-30": 0, "2008-03-31": "", "2007-12-31": 0, "2007-09-30": 0, "2007-06-30": 0, "2007-03-31": "", "2006-12-31": 0, "2006-09-30": 0, "2006-06-30": 0, "2006-03-31": "", "2005-12-31": 0, "2005-09-30": 0, "2005-06-30": 0, "2005-03-31": ""}, "Cash Flow From Investing Activities": {"2020-09-30": -147.179, "2020-06-30": -182.254, "2020-03-31": "-158.11300", "2019-12-31": 81.701, "2019-09-30": -202.089, "2019-06-30": -228.395, "2019-03-31": "-195.13200", "2018-12-31": -248.539, "2018-09-30": -241.536, "2018-06-30": -258.178, "2018-03-31": "454.87000", "2017-12-31": -128.669, "2017-09-30": -172, "2017-06-30": -189.732, "2017-03-31": "-215.75200", "2016-12-31": -133.077, "2016-09-30": -92.399, "2016-06-30": -73.681, "2016-03-31": "-54.06100", "2015-12-31": -143.765, "2015-09-30": -181.065, "2015-06-30": -271.265, "2015-03-31": "-397.23900", "2014-12-31": -687.496, "2014-09-30": -364.84, "2014-06-30": -276.356, "2014-03-31": "-336.14800", "2013-12-31": -81.229, "2013-09-30": -309.578, "2013-06-30": -266.467, "2013-03-31": "-260.93300", "2012-12-31": -224.568, "2012-09-30": -260.246, "2012-06-30": -93.433, "2012-03-31": "-187.26700", "2011-12-31": 99.258, "2011-09-30": -237, "2011-06-30": -151.752, "2011-03-31": "-198.12600", "2010-12-31": 23.349, "2010-09-30": -199.689, "2010-06-30": -202.801, "2010-03-31": "-234.60000", "2009-12-31": -185.03, "2009-09-30": -115.831, "2009-06-30": -67.734, "2009-03-31": "-162.43200", "2008-12-31": -270.336, "2008-09-30": -798.141, "2008-06-30": -250.65, "2008-03-31": "-133.16200", "2007-12-31": -157.542, "2007-09-30": -153.797, "2007-06-30": -164.967, "2007-03-31": "-113.61600", "2006-12-31": -125.748, "2006-09-30": 188.694, "2006-06-30": -136.11, "2006-03-31": "-114.18900", "2005-12-31": -124.246, "2005-09-30": -142.035, "2005-06-30": -86.018, "2005-03-31": "-59.85100"}, "Net Long-Term Debt": {"2020-09-30": -59, "2020-06-30": 0, "2020-03-31": "", "2019-12-31": 0, "2019-09-30": 0, "2019-06-30": 0, "2019-03-31": "-7.00000", "2018-12-31": -60, "2018-09-30": -237, "2018-06-30": 0, "2018-03-31": "", "2017-12-31": 0, "2017-09-30": 0, "2017-06-30": 0, "2017-03-31": "", "2016-12-31": 0, "2016-09-30": -20, "2016-06-30": -64, "2016-03-31": "-413.00000", "2015-12-31": -12, "2015-09-30": 42, "2015-06-30": 118, "2015-03-31": "125.00000", "2014-12-31": 140, "2014-09-30": 419, "2014-06-30": -29, "2014-03-31": "75.00000", "2013-12-31": -15, "2013-09-30": 20, "2013-06-30": 15, "2013-03-31": "40.00000", "2012-12-31": 25, "2012-09-30": 90, "2012-06-30": -40, "2012-03-31": "62.00000", "2011-12-31": -255, "2011-09-30": 110, "2011-06-30": 40, "2011-03-31": "80.00000", "2010-12-31": -120, "2010-09-30": 80, "2010-06-30": 100, "2010-03-31": "110.00000", "2009-12-31": -5, "2009-09-30": -5, "2009-06-30": -62, "2009-03-31": "10.00000", "2008-12-31": 47, "2008-09-30": 555, "2008-06-30": -105, "2008-03-31": "20.00000", "2007-12-31": 35, "2007-09-30": 60, "2007-06-30": 25, "2007-03-31": "-10.00000", "2006-12-31": -160, "2006-09-30": 50, "2006-06-30": 55, "2006-03-31": "-45.00000", "2005-12-31": 60, "2005-09-30": 10, "2005-06-30": 0, "2005-03-31": ""}, "Net Current Debt": {"2020-09-30": 0, "2020-06-30": 0, "2020-03-31": "", "2019-12-31": 0, "2019-09-30": 0, "2019-06-30": 0, "2019-03-31": "", "2018-12-31": 0, "2018-09-30": 0, "2018-06-30": 0, "2018-03-31": "", "2017-12-31": 0, "2017-09-30": 0, "2017-06-30": 0, "2017-03-31": "", "2016-12-31": 0, "2016-09-30": 0, "2016-06-30": 0, "2016-03-31": "", "2015-12-31": 0, "2015-09-30": 0, "2015-06-30": 0, "2015-03-31": "", "2014-12-31": 0, "2014-09-30": 0, "2014-06-30": 0, "2014-03-31": "", "2013-12-31": 0, "2013-09-30": 0, "2013-06-30": 0, "2013-03-31": "", "2012-12-31": 0, "2012-09-30": 0, "2012-06-30": 0, "2012-03-31": "", "2011-12-31": 0, "2011-09-30": 0, "2011-06-30": 0, "2011-03-31": "", "2010-12-31": 0, "2010-09-30": 0, "2010-06-30": 0, "2010-03-31": "", "2009-12-31": 0, "2009-09-30": 0, "2009-06-30": 0, "2009-03-31": "", "2008-12-31": 0, "2008-09-30": 0, "2008-06-30": 0, "2008-03-31": "", "2007-12-31": 0, "2007-09-30": 0, "2007-06-30": 0, "2007-03-31": "", "2006-12-31": 0, "2006-09-30": 0, "2006-06-30": 0, "2006-03-31": "", "2005-12-31": -25.691, "2005-09-30": 25.691, "2005-06-30": 0, "2005-03-31": ""}, "Debt Issuance/Retirement Net - Total": {"2020-09-30": -59, "2020-06-30": 0, "2020-03-31": "", "2019-12-31": 0, "2019-09-30": 0, "2019-06-30": 0, "2019-03-31": "-7.00000", "2018-12-31": -60, "2018-09-30": -237, "2018-06-30": 0, "2018-03-31": "", "2017-12-31": 0, "2017-09-30": 0, "2017-06-30": 0, "2017-03-31": "", "2016-12-31": 0, "2016-09-30": -20, "2016-06-30": -64, "2016-03-31": "-413.00000", "2015-12-31": -12, "2015-09-30": 42, "2015-06-30": 118, "2015-03-31": "125.00000", "2014-12-31": 140, "2014-09-30": 419, "2014-06-30": -29, "2014-03-31": "75.00000", "2013-12-31": -15, "2013-09-30": 20, "2013-06-30": 15, "2013-03-31": "40.00000", "2012-12-31": 25, "2012-09-30": 90, "2012-06-30": -40, "2012-03-31": "62.00000", "2011-12-31": -255, "2011-09-30": 110, "2011-06-30": 40, "2011-03-31": "80.00000", "2010-12-31": -120, "2010-09-30": 80, "2010-06-30": 100, "2010-03-31": "110.00000", "2009-12-31": -5, "2009-09-30": -5, "2009-06-30": -62, "2009-03-31": "10.00000", "2008-12-31": 47, "2008-09-30": 555, "2008-06-30": -105, "2008-03-31": "20.00000", "2007-12-31": 35, "2007-09-30": 60, "2007-06-30": 25, "2007-03-31": "-10.00000", "2006-12-31": -160, "2006-09-30": 50, "2006-06-30": 55, "2006-03-31": "-45.00000", "2005-12-31": 34.309, "2005-09-30": 35.691, "2005-06-30": 0, "2005-03-31": ""}, "Net Common Equity Issued/Repurchased": {"2020-09-30": 0, "2020-06-30": 0, "2020-03-31": "", "2019-12-31": -172.417, "2019-09-30": -190.808, "2019-06-30": -125.26, "2019-03-31": "-31.37800", "2018-12-31": -291.036, "2018-09-30": -162.071, "2018-06-30": -212.52, "2018-03-31": "-207.13400", "2017-12-31": -55.486, "2017-09-30": 0, "2017-06-30": -68.255, "2017-03-31": "", "2016-12-31": 0, "2016-09-30": 0, "2016-06-30": 0.001, "2016-03-31": "995.27800", "2015-12-31": 0, "2015-09-30": 0, "2015-06-30": 0, "2015-03-31": "", "2014-12-31": -19.085, "2014-09-30": -119.767, "2014-06-30": 0, "2014-03-31": "", "2013-12-31": -164.634, "2013-09-30": 0, "2013-06-30": 0, "2013-03-31": "", "2012-12-31": 0, "2012-09-30": 0, "2012-06-30": 0, "2012-03-31": "", "2011-12-31": 0, "2011-09-30": 0, "2011-06-30": 0, "2011-03-31": "", "2010-12-31": 0, "2010-09-30": 0, "2010-06-30": 0, "2010-03-31": "", "2009-12-31": 0, "2009-09-30": 0, "2009-06-30": 0, "2009-03-31": "", "2008-12-31": 0.001, "2008-09-30": 0.122, "2008-06-30": 313.867, "2008-03-31": "2.24000", "2007-12-31": 2.785, "2007-09-30": 0.007, "2007-06-30": 1.163, "2007-03-31": "1.14400", "2006-12-31": 2.615, "2006-09-30": -18.249, "2006-06-30": -25.685, "2006-03-31": "1.06200", "2005-12-31": -18.114, "2005-09-30": 0.508, "2005-06-30": 0.278, "2005-03-31": "2.73100"}, "Net Total Equity Issued/Repurchased": {"2020-09-30": 0, "2020-06-30": 0, "2020-03-31": "", "2019-12-31": -172.417, "2019-09-30": -190.808, "2019-06-30": -125.26, "2019-03-31": "-31.37800", "2018-12-31": -291.036, "2018-09-30": -162.071, "2018-06-30": -212.52, "2018-03-31": "-207.13400", "2017-12-31": -55.486, "2017-09-30": 0, "2017-06-30": -68.255, "2017-03-31": "", "2016-12-31": 0, "2016-09-30": 0, "2016-06-30": 0.001, "2016-03-31": "995.27800", "2015-12-31": 0, "2015-09-30": 0, "2015-06-30": 0, "2015-03-31": "", "2014-12-31": -19.085, "2014-09-30": -119.767, "2014-06-30": 0, "2014-03-31": "", "2013-12-31": -164.634, "2013-09-30": 0, "2013-06-30": 0, "2013-03-31": "", "2012-12-31": 0, "2012-09-30": 0, "2012-06-30": 0, "2012-03-31": "", "2011-12-31": 0, "2011-09-30": 0, "2011-06-30": 0, "2011-03-31": "", "2010-12-31": 0, "2010-09-30": 0, "2010-06-30": 0, "2010-03-31": "", "2009-12-31": 0, "2009-09-30": 0, "2009-06-30": 0, "2009-03-31": "", "2008-12-31": 0.001, "2008-09-30": 0.122, "2008-06-30": 313.867, "2008-03-31": "2.24000", "2007-12-31": 2.785, "2007-09-30": 0.007, "2007-06-30": 1.163, "2007-03-31": "1.14400", "2006-12-31": 2.615, "2006-09-30": -18.249, "2006-06-30": -25.685, "2006-03-31": "1.06200", "2005-12-31": -18.114, "2005-09-30": 0.508, "2005-06-30": 0.278, "2005-03-31": "2.73100"}, "Total Common And Preferred Stock Dividends Paid": {"2020-09-30": -39.857, "2020-06-30": -39.858, "2020-03-31": "-39.81700", "2019-12-31": -40.793, "2019-09-30": -37.025, "2019-06-30": -38.092, "2019-03-31": "-29.60500", "2018-12-31": -30.184, "2018-09-30": -26.467, "2018-06-30": -27.071, "2018-03-31": "-27.64700", "2017-12-31": -23.131, "2017-09-30": -23.125, "2017-06-30": -23.276, "2017-03-31": "-9.30600", "2016-12-31": -9.302, "2016-09-30": -9.303, "2016-06-30": -9.3, "2016-03-31": "-8.28200", "2015-12-31": -8.278, "2015-09-30": -8.275, "2015-06-30": -8.274, "2015-03-31": "-8.26300", "2014-12-31": -8.26, "2014-09-30": -8.339, "2014-06-30": -8.347, "2014-03-31": "-8.33200", "2013-12-31": -8.402, "2013-09-30": -8.423, "2013-06-30": -4.206, "2013-03-31": "-4.20100", "2012-12-31": -4.196, "2012-09-30": -4.193, "2012-06-30": -4.191, "2012-03-31": "-4.17700", "2011-12-31": -3.129, "2011-09-30": -3.129, "2011-06-30": -3.128, "2011-03-31": "-3.12200", "2010-12-31": -3.119, "2010-09-30": -3.12, "2010-06-30": -3.116, "2010-03-31": "-3.11200", "2009-12-31": -3.109, "2009-09-30": -3.11, "2009-06-30": -3.11, "2009-03-31": "-3.10300", "2008-12-31": -3.1, "2008-09-30": -3.1, "2008-06-30": -2.943, "2008-03-31": "-2.93000", "2007-12-31": -2.917, "2007-09-30": -2.913, "2007-06-30": -2.907, "2007-03-31": "-1.93300", "2006-12-31": -1.919, "2006-09-30": -1.93, "2006-06-30": -1.956, "2006-03-31": "-1.94600", "2005-12-31": -1.959, "2005-09-30": -1.958, "2005-06-30": -1.957, "2005-03-31": "-1.33900"}, "Financial Activities - Other": {"2020-09-30": -0.018, "2020-06-30": -0.019, "2020-03-31": "-6.31300", "2019-12-31": -0.004, "2019-09-30": -0.03, "2019-06-30": -8.398, "2019-03-31": "-9.57000", "2018-12-31": -0.082, "2018-09-30": -0.035, "2018-06-30": -0.065, "2018-03-31": "-7.96800", "2017-12-31": -2.036, "2017-09-30": -0.254, "2017-06-30": -0.256, "2017-03-31": "-5.37700", "2016-12-31": -0.008, "2016-09-30": -0.01, "2016-06-30": -0.024, "2016-03-31": "-8.24500", "2015-12-31": -8.86, "2015-09-30": -5.481, "2015-06-30": -8.388, "2015-03-31": "6.11500", "2014-12-31": -7.377, "2014-09-30": -19.979, "2014-06-30": 4.312, "2014-03-31": "16.13300", "2013-12-31": 6.883, "2013-09-30": 1.947, "2013-06-30": 5.211, "2013-03-31": "2.17000", "2012-12-31": 0.018, "2012-09-30": -0.671, "2012-06-30": -5.425, "2012-03-31": "0.08100", "2011-12-31": -0.619, "2011-09-30": -0.922, "2011-06-30": -0.19, "2011-03-31": "-1.01800", "2010-12-31": 0.712, "2010-09-30": -11.602, "2010-06-30": -1.984, "2010-03-31": "-0.03800", "2009-12-31": 0.705, "2009-09-30": 13.018, "2009-06-30": -10.408, "2009-03-31": "0.14900", "2008-12-31": -2.557, "2008-09-30": 8.845, "2008-06-30": -4.642, "2008-03-31": "4.64200", "2007-12-31": -6.857, "2007-09-30": 0.811, "2007-06-30": 1.911, "2007-03-31": "4.13500", "2006-12-31": 3.729, "2006-09-30": 0.859, "2006-06-30": 1.945, "2006-03-31": "2.95200", "2005-12-31": 0, "2005-09-30": 0, "2005-06-30": 0, "2005-03-31": ""}, "Cash Flow From Financial Activities": {"2020-09-30": -98.875, "2020-06-30": -39.877, "2020-03-31": "-46.13000", "2019-12-31": -213.214, "2019-09-30": -227.863, "2019-06-30": -171.75, "2019-03-31": "-77.55300", "2018-12-31": -381.302, "2018-09-30": -425.573, "2018-06-30": -239.656, "2018-03-31": "-242.74900", "2017-12-31": -80.653, "2017-09-30": -23.379, "2017-06-30": -91.787, "2017-03-31": "-14.68300", "2016-12-31": -9.31, "2016-09-30": -29.313, "2016-06-30": -73.323, "2016-03-31": "565.75100", "2015-12-31": -29.138, "2015-09-30": 28.244, "2015-06-30": 101.338, "2015-03-31": "122.85200", "2014-12-31": 105.278, "2014-09-30": 270.915, "2014-06-30": -33.035, "2014-03-31": "82.80100", "2013-12-31": -181.153, "2013-09-30": 13.524, "2013-06-30": 16.005, "2013-03-31": "37.96900", "2012-12-31": 20.822, "2012-09-30": 85.136, "2012-06-30": -49.616, "2012-03-31": "57.90400", "2011-12-31": -258.748, "2011-09-30": 105.949, "2011-06-30": 36.682, "2011-03-31": "75.86000", "2010-12-31": -122.407, "2010-09-30": 65.278, "2010-06-30": 94.9, "2010-03-31": "106.85000", "2009-12-31": -7.404, "2009-09-30": 4.908, "2009-06-30": -75.518, "2009-03-31": "7.04600", "2008-12-31": 41.344, "2008-09-30": 560.867, "2008-06-30": 201.282, "2008-03-31": "23.95200", "2007-12-31": 28.011, "2007-09-30": 57.905, "2007-06-30": 25.167, "2007-03-31": "-6.65400", "2006-12-31": -155.575, "2006-09-30": 30.68, "2006-06-30": 29.304, "2006-03-31": "-42.93200", "2005-12-31": 14.236, "2005-09-30": 34.241, "2005-06-30": -1.679, "2005-03-31": "1.39200"}, "Net Cash Flow": {"2020-09-30": -116.994, "2020-06-30": -85.695, "2020-03-31": "0.65400", "2019-12-31": 131.467, "2019-09-30": -159.078, "2019-06-30": -73.495, "2019-03-31": "312.60200", "2018-12-31": -313.79, "2018-09-30": -424.917, "2018-06-30": -223.934, "2018-03-31": "484.88100", "2017-12-31": -30.209, "2017-09-30": -6.278, "2017-06-30": -20.951, "2017-03-31": "38.94300", "2016-12-31": -2.651, "2016-09-30": -16.297, "2016-06-30": -61.826, "2016-03-31": "578.80200", "2015-12-31": -8.259, "2015-09-30": -6.458, "2015-06-30": 1.283, "2015-03-31": "-7.00600", "2014-12-31": -289.033, "2014-09-30": 264.377, "2014-06-30": 20.179, "2014-03-31": "2.03100", "2013-12-31": -4.532, "2013-09-30": -19.345, "2013-06-30": 26.82, "2013-03-31": "-10.27900", "2012-12-31": -6.765, "2012-09-30": -11.14, "2012-06-30": 16.313, "2012-03-31": "2.41700", "2011-12-31": -33.017, "2011-09-30": 23.614, "2011-06-30": 14.418, "2011-03-31": "-31.05300", "2010-12-31": 18.361, "2010-09-30": -10.097, "2010-06-30": 19.18, "2010-03-31": "-11.65300", "2009-12-31": 4.488, "2009-09-30": 5.822, "2009-06-30": 4.599, "2009-03-31": "-2.85200", "2008-12-31": -19.273, "2008-09-30": -88.957, "2008-06-30": 94.339, "2008-03-31": "23.49400", "2007-12-31": 4.047, "2007-09-30": -9.14, "2007-06-30": -33.851, "2007-03-31": "15.58800", "2006-12-31": -280.269, "2006-09-30": 306.064, "2006-06-30": 7.545, "2006-03-31": "-2.11200", "2005-12-31": 7.439, "2005-09-30": -48.759, "2005-06-30": -7.638, "2005-03-31": "49.55800"}, "Stock-Based Compensation": {"2020-09-30": 10.741, "2020-06-30": 7.698, "2020-03-31": "15.76500", "2019-12-31": 6.289, "2019-09-30": 1.662, "2019-06-30": 6.571, "2019-03-31": "14.48700", "2018-12-31": 14.971, "2018-09-30": 6.108, "2018-06-30": 5.18, "2018-03-31": "5.18400", "2017-12-31": 7.408, "2017-09-30": 7.813, "2017-06-30": 9.915, "2017-03-31": "8.28300", "2016-12-31": 2.931, "2016-09-30": 5.088, "2016-06-30": 7.357, "2016-03-31": "10.60600", "2015-12-31": 2.023, "2015-09-30": -2.913, "2015-06-30": 8.624, "2015-03-31": "5.91100", "2014-12-31": 14.126, "2014-09-30": 18.968, "2014-06-30": -14.694, "2014-03-31": "3.02900", "2013-12-31": 19.565, "2013-09-30": 7.393, "2013-06-30": 4.49, "2013-03-31": "15.51700", "2012-12-31": 9.354, "2012-09-30": 10.531, "2012-06-30": 28.457, "2012-03-31": "-1.47000", "2011-12-31": 10.508, "2011-09-30": 15.5, "2011-06-30": 14.318, "2011-03-31": "12.61400", "2010-12-31": 17.016, "2010-09-30": 6.559, "2010-06-30": 2.009, "2010-03-31": "4.21000", "2009-12-31": 10.527, "2009-09-30": -6.704, "2009-06-30": 7.313, "2009-03-31": "6.20000", "2008-12-31": 4.938, "2008-09-30": -20.47, "2008-06-30": 6.933, "2008-03-31": "12.89700", "2007-12-31": 9.555, "2007-09-30": 1.115, "2007-06-30": 2.536, "2007-03-31": "3.03500", "2006-12-31": 5.28, "2006-09-30": 2.368, "2006-06-30": 2.22, "2006-03-31": "1.91800", "2005-12-31": 2.649, "2005-09-30": 4.307, "2005-06-30": 0.924, "2005-03-31": "1.92300"}, "Common Stock Dividends Paid": {"2020-09-30": -39.857, "2020-06-30": -39.858, "2020-03-31": "-39.81700", "2019-12-31": -40.793, "2019-09-30": -37.025, "2019-06-30": -38.092, "2019-03-31": "-29.60500", "2018-12-31": -30.184, "2018-09-30": -26.467, "2018-06-30": -27.071, "2018-03-31": "-27.64700", "2017-12-31": -23.131, "2017-09-30": -23.125, "2017-06-30": -23.276, "2017-03-31": "-9.30600", "2016-12-31": -9.302, "2016-09-30": -9.303, "2016-06-30": -9.3, "2016-03-31": "-8.28200", "2015-12-31": -8.278, "2015-09-30": -8.275, "2015-06-30": -8.274, "2015-03-31": "-8.26300", "2014-12-31": -8.26, "2014-09-30": -8.339, "2014-06-30": -8.347, "2014-03-31": "-8.33200", "2013-12-31": -8.402, "2013-09-30": -8.423, "2013-06-30": -4.206, "2013-03-31": "-4.20100", "2012-12-31": -4.196, "2012-09-30": -4.193, "2012-06-30": -4.191, "2012-03-31": "-4.17700", "2011-12-31": -3.129, "2011-09-30": -3.129, "2011-06-30": -3.128, "2011-03-31": "-3.12200", "2010-12-31": -3.119, "2010-09-30": -3.12, "2010-06-30": -3.116, "2010-03-31": "-3.11200", "2009-12-31": -3.109, "2009-09-30": -3.11, "2009-06-30": -3.11, "2009-03-31": "-3.10300", "2008-12-31": -3.1, "2008-09-30": -3.1, "2008-06-30": -2.943, "2008-03-31": "-2.93000", "2007-12-31": -2.917, "2007-09-30": -2.913, "2007-06-30": -2.907, "2007-03-31": "-1.93300", "2006-12-31": -1.919, "2006-09-30": -1.93, "2006-06-30": -1.956, "2006-03-31": "-1.94600", "2005-12-31": -1.959, "2005-09-30": -1.958, "2005-06-30": -1.957, "2005-03-31": "-1.33900"}}, "financial ratios": {"Current Ratio": {"2019-12-31": "1.73230", "2018-12-31": "1.89560", "2017-12-31": "1.21410", "2016-12-31": "2.77680", "2015-12-31": "0.61470", "2014-12-31": "0.82850", "2013-12-31": "0.92890", "2012-12-31": "0.60860", "2011-12-31": "1.00720", "2010-12-31": "0.66820", "2009-12-31": "0.91180", "2008-12-31": "1.21550", "2007-12-31": "0.87580", "2006-12-31": "1.25760", "2005-12-31": "1.05370"}, "Long-term Debt / Capital": {"2019-12-31": "0.34500", "2018-12-31": "0.36990", "2017-12-31": "0.32550", "2016-12-31": "0.37190", "2015-12-31": "0.49840", "2014-12-31": "0.44980", "2013-12-31": "0.34220", "2012-12-31": "0.32190", "2011-12-31": "0.31100", "2010-12-31": "0.34240", "2009-12-31": "0.30750", "2008-12-31": "0.31700", "2007-12-31": "0.23570", "2006-12-31": "0.18880", "2005-12-31": "0.34770"}, "Debt/Equity Ratio": {"2019-12-31": "0.56710", "2018-12-31": "0.58720", "2017-12-31": "0.60300", "2016-12-31": "0.59220", "2015-12-31": "1.00350", "2014-12-31": "0.81760", "2013-12-31": "0.52030", "2012-12-31": "0.51000", "2011-12-31": "0.45140", "2010-12-31": "0.52060", "2009-12-31": "0.44410", "2008-12-31": "0.48420", "2007-12-31": "0.32700", "2006-12-31": "0.25390", "2005-12-31": "0.56650"}, "Gross Margin": {"2019-12-31": "68.46330", "2018-12-31": "65.69820", "2017-12-31": "66.04730", "2016-12-31": "52.57990", "2015-12-31": "57.19010", "2014-12-31": "75.84550", "2013-12-31": "77.07800", "2012-12-31": "75.92010", "2011-12-31": "77.08200", "2010-12-31": "79.70380", "2009-12-31": "80.42470", "2008-12-31": "79.66910", "2007-12-31": "78.28520", "2006-12-31": "79.24310", "2005-12-31": "78.18780"}, "Operating Margin": {"2019-12-31": "46.25470", "2018-12-31": "35.27190", "2017-12-31": "-8.57380", "2016-12-31": "-48.88430", "2015-12-31": "-6.55150", "2014-12-31": "4.88660", "2013-12-31": "31.58620", "2012-12-31": "25.41920", "2011-12-31": "31.31560", "2010-12-31": "30.86990", "2009-12-31": "31.60610", "2008-12-31": "39.33340", "2007-12-31": "37.51770", "2006-12-31": "69.41660", "2005-12-31": "37.89280"}, "EBIT Margin": {"2019-12-31": "46.25470", "2018-12-31": "35.27190", "2017-12-31": "-8.57380", "2016-12-31": "-48.88430", "2015-12-31": "-6.55150", "2014-12-31": "4.88660", "2013-12-31": "31.58620", "2012-12-31": "25.41920", "2011-12-31": "31.31560", "2010-12-31": "30.86990", "2009-12-31": "31.60610", "2008-12-31": "39.33340", "2007-12-31": "37.51770", "2006-12-31": "69.41660", "2005-12-31": "37.89280"}, "EBITDA Margin": {"2019-12-31": "66.08260", "2018-12-31": "54.56260", "2017-12-31": "23.93870", "2016-12-31": "2.61890", "2015-12-31": "39.62360", "2014-12-31": "34.22440", "2013-12-31": "69.07990", "2012-12-31": "63.33140", "2011-12-31": "66.78190", "2010-12-31": "69.15770", "2009-12-31": "60.14700", "2008-12-31": "63.39260", "2007-12-31": "57.17850", "2006-12-31": "86.34270", "2005-12-31": "53.77720"}, "Pre-Tax Profit Margin": {"2019-12-31": "43.56740", "2018-12-31": "31.90540", "2017-12-31": "-12.94820", "2016-12-31": "-57.07470", "2015-12-31": "-13.79900", "2014-12-31": "1.49110", "2013-12-31": "27.80420", "2012-12-31": "19.74520", "2011-12-31": "24.00200", "2010-12-31": "22.99820", "2009-12-31": "25.00210", "2008-12-31": "35.48600", "2007-12-31": "35.17380", "2006-12-31": "66.99650", "2005-12-31": "34.59800"}, "Net Profit Margin": {"2019-12-31": "32.96120", "2018-12-31": "25.45730", "2017-12-31": "5.69050", "2016-12-31": "-36.09350", "2015-12-31": "-8.39190", "2014-12-31": "4.80750", "2013-12-31": "16.02110", "2012-12-31": "10.93610", "2011-12-31": "12.49230", "2010-12-31": "11.97840", "2009-12-31": "16.61020", "2008-12-31": "22.34000", "2007-12-31": "22.86670", "2006-12-31": "42.14960", "2005-12-31": "21.74070"}, "Asset Turnover": {"2019-12-31": "0.46050", "2018-12-31": "0.52110", "2017-12-31": "0.37320", "2016-12-31": "0.22560", "2015-12-31": "0.25840", "2014-12-31": "0.39960", "2013-12-31": "0.35060", "2012-12-31": "0.26090", "2011-12-31": "0.22620", "2010-12-31": "0.21550", "2009-12-31": "0.24250", "2008-12-31": "0.25550", "2007-12-31": "0.33950", "2006-12-31": "0.41540", "2005-12-31": "0.45660"}, "Inventory Turnover Ratio": {"2019-12-31": "46.77250", "2018-12-31": "67.76590", "2017-12-31": "74.81900", "2016-12-31": "41.19230", "2015-12-31": "34.07790", "2014-12-31": "37.42190", "2013-12-31": "22.91510", "2012-12-31": "20.46530", "2011-12-31": "10.55390", "2010-12-31": "5.90480", "2009-12-31": "6.24590", "2008-12-31": "4.20970", "2007-12-31": "5.81250", "2006-12-31": "4.79330", "2005-12-31": "6.05030"}, "Receiveable Turnover": {"2019-12-31": "6.09850", "2018-12-31": "4.63930", "2017-12-31": "6.47020", "2016-12-31": "5.73980", "2015-12-31": "10.89630", "2014-12-31": "9.09180", "2013-12-31": "7.84930", "2012-12-31": "6.98620", "2011-12-31": "8.46400", "2010-12-31": "9.13450", "2009-12-31": "10.00420", "2008-12-31": "8.62850", "2007-12-31": "6.47150", "2006-12-31": "5.40190", "2005-12-31": "4.05830"}, "Days Sales In Receivables": {"2019-12-31": "59.85090", "2018-12-31": "78.67550", "2017-12-31": "56.41280", "2016-12-31": "63.59060", "2015-12-31": "33.49780", "2014-12-31": "40.14630", "2013-12-31": "46.50100", "2012-12-31": "52.24620", "2011-12-31": "43.12400", "2010-12-31": "39.95820", "2009-12-31": "36.48470", "2008-12-31": "42.30190", "2007-12-31": "56.40130", "2006-12-31": "67.56820", "2005-12-31": "89.93960"}, "ROE - Return On Equity": {"2019-12-31": "31.65580", "2018-12-31": "26.67630", "2017-12-31": "3.97770", "2016-12-31": "-16.24530", "2015-12-31": "-5.66850", "2014-12-31": "4.87550", "2013-12-31": "12.69040", "2012-12-31": "6.18030", "2011-12-31": "5.81570", "2010-12-31": "5.52070", "2009-12-31": "8.18440", "2008-12-31": "11.80020", "2007-12-31": "15.64330", "2006-12-31": "33.97970", "2005-12-31": "24.73210"}, "Return On Tangible Equity": {"2019-12-31": "31.65580", "2018-12-31": "26.67630", "2017-12-31": "3.97770", "2016-12-31": "-16.24530", "2015-12-31": "-5.66850", "2014-12-31": "4.87550", "2013-12-31": "12.69040", "2012-12-31": "6.18030", "2011-12-31": "5.81570", "2010-12-31": "5.52070", "2009-12-31": "8.18440", "2008-12-31": "11.80020", "2007-12-31": "15.64330", "2006-12-31": "33.97970", "2005-12-31": "24.73210"}, "ROA - Return On Assets": {"2019-12-31": "15.17790", "2018-12-31": "13.26660", "2017-12-31": "2.12370", "2016-12-31": "-8.14290", "2015-12-31": "-2.16810", "2014-12-31": "1.92120", "2013-12-31": "5.61670", "2012-12-31": "2.85360", "2011-12-31": "2.82600", "2010-12-31": "2.58140", "2009-12-31": "4.02730", "2008-12-31": "5.70800", "2007-12-31": "7.76250", "2006-12-31": "17.50760", "2005-12-31": "9.92700"}, "ROI - Return On Investment": {"2019-12-31": "20.73580", "2018-12-31": "16.80750", "2017-12-31": "2.68300", "2016-12-31": "-10.20310", "2015-12-31": "-2.84350", "2014-12-31": "2.68230", "2013-12-31": "8.34740", "2012-12-31": "4.19060", "2011-12-31": "4.00710", "2010-12-31": "3.63050", "2009-12-31": "5.66730", "2008-12-31": "8.05930", "2007-12-31": "11.95660", "2006-12-31": "27.56400", "2005-12-31": "16.13160"}, "Book Value Per Share": {"2019-12-31": "5.40680", "2018-12-31": "4.94020", "2017-12-31": "5.47950", "2016-12-31": "5.52010", "2015-12-31": "4.85460", "2014-12-31": "5.18790", "2013-12-31": "5.29450", "2012-12-31": "5.07430", "2011-12-31": "5.04460", "2010-12-31": "4.50130", "2009-12-31": "4.37150", "2008-12-31": "4.33090", "2007-12-31": "2.74490", "2006-12-31": "2.45600", "2005-12-31": "1.54480"}, "Operating Cash Flow Per Share": {"2019-12-31": 0.9947, "2018-12-31": 0.5395, "2017-12-31": 1.0592, "2016-12-31": -0.942, "2015-12-31": -1.1488, "2014-12-31": 0.5352, "2013-12-31": 0.8803, "2012-12-31": 0.3548, "2011-12-31": 0.0381, "2010-12-31": -0.3141, "2009-12-31": -0.0927, "2008-12-31": 0.3679, "2007-12-31": 0.2859, "2006-12-31": -0.011, "2005-12-31": 0.9164}, "Free Cash Flow Per Share": {"2019-12-31": -0.4047, "2018-12-31": 1.4509, "2017-12-31": 0.3758, "2016-12-31": 0.6386, "2015-12-31": 0.0083, "2014-12-31": -0.8507, "2013-12-31": 0.6154, "2012-12-31": -0.2862, "2011-12-31": 0.3399, "2010-12-31": -0.5045, "2009-12-31": 0.7195, "2008-12-31": -0.3046, "2007-12-31": -0.7892, "2006-12-31": 0.5368, "2005-12-31": 0.0358}}, "financial ratios, quarterly": {"Current Ratio": {"2020-09-30": "0.83580", "2020-06-30": "1.21640", "2020-03-31": "1.39930", "2019-12-31": "1.73230", "2019-09-30": "1.43050", "2019-06-30": "2.69770", "2019-03-31": "2.83040", "2018-12-31": "1.89560", "2018-09-30": "1.69320", "2018-06-30": "1.67150", "2018-03-31": "2.42140", "2017-12-31": "1.21410", "2017-09-30": "1.63850", "2017-06-30": "3.13890", "2017-03-31": "3.33480", "2016-12-31": "2.77680", "2016-09-30": "3.33220", "2016-06-30": "2.88520", "2016-03-31": "3.61460", "2015-12-31": "0.61470", "2015-09-30": "0.81110", "2015-06-30": "0.91440", "2015-03-31": "0.86760", "2014-12-31": "0.82850", "2014-09-30": "1.35850", "2014-06-30": "0.84520", "2014-03-31": "0.86410", "2013-12-31": "0.92890", "2013-09-30": "0.72570", "2013-06-30": "0.81550", "2013-03-31": "0.53410", "2012-12-31": "0.60860", "2012-09-30": "0.54430", "2012-06-30": "0.86800", "2012-03-31": "1.05450", "2011-12-31": "1.00720", "2011-09-30": "1.07290", "2011-06-30": "0.82250", "2011-03-31": "0.66830", "2010-12-31": "0.66820", "2010-09-30": "0.72560", "2010-06-30": "1.09440", "2010-03-31": "1.10780", "2009-12-31": "0.91180", "2009-09-30": "1.35540", "2009-06-30": "1.39870", "2009-03-31": "1.46350", "2008-12-31": "1.21550", "2008-09-30": "1.35360", "2008-06-30": "0.91900", "2008-03-31": "0.84570", "2007-12-31": "0.87580", "2007-09-30": "0.88450", "2007-06-30": "0.90490", "2007-03-31": "1.01110", "2006-12-31": "1.25760", "2006-09-30": "1.79030", "2006-06-30": "0.98760", "2006-03-31": "0.91920", "2005-12-31": "1.05370", "2005-09-30": "0.74990", "2005-06-30": "1.07610", "2005-03-31": "0.98080"}, "Long-term Debt / Capital": {"2020-09-30": "0.31490", "2020-06-30": "0.32550", "2020-03-31": "0.32530", "2019-12-31": "0.34500", "2019-09-30": "0.33850", "2019-06-30": "0.34220", "2019-03-31": "0.34440", "2018-12-31": "0.36990", "2018-09-30": "0.36790", "2018-06-30": "0.36130", "2018-03-31": "0.33610", "2017-12-31": "0.32550", "2017-09-30": "0.32690", "2017-06-30": "0.36540", "2017-03-31": "0.35970", "2016-12-31": "0.37190", "2016-09-30": "0.34680", "2016-06-30": "0.34560", "2016-03-31": "0.34970", "2015-12-31": "0.49840", "2015-09-30": "0.48730", "2015-06-30": "0.48180", "2015-03-31": "0.46320", "2014-12-31": "0.44980", "2014-09-30": "0.40520", "2014-06-30": "0.33190", "2014-03-31": "0.35010", "2013-12-31": "0.34220", "2013-09-30": "0.33290", "2013-06-30": "0.31820", "2013-03-31": "0.33130", "2012-12-31": "0.32190", "2012-09-30": "0.31970", "2012-06-30": "0.31320", "2012-03-31": "0.32260", "2011-12-31": "0.31100", "2011-09-30": "0.37100", "2011-06-30": "0.35770", "2011-03-31": "0.35870", "2010-12-31": "0.34240", "2010-09-30": "0.35620", "2010-06-30": "0.35480", "2010-03-31": "0.33040", "2009-12-31": "0.30750", "2009-09-30": "0.30220", "2009-06-30": "0.30210", "2009-03-31": "0.31020", "2008-12-31": "0.31700", "2008-09-30": "0.32380", "2008-06-30": "0.15860", "2008-03-31": "0.24750", "2007-12-31": "0.23570", "2007-09-30": "0.21900", "2007-06-30": "0.18740", "2007-03-31": "0.17860", "2006-12-31": "0.18880", "2006-09-30": "0.29460", "2006-06-30": "0.31670", "2006-03-31": "0.28920", "2005-12-31": "0.34770", "2005-09-30": "0.34110", "2005-06-30": "0.32640", "2005-03-31": "0.35060"}, "Debt/Equity Ratio": {"2020-09-30": "0.54840", "2020-06-30": "0.56350", "2020-03-31": "0.56270", "2019-12-31": "0.56710", "2019-09-30": "0.55100", "2019-06-30": "0.52010", "2019-03-31": "0.52540", "2018-12-31": "0.58720", "2018-09-30": "0.61400", "2018-06-30": "0.70680", "2018-03-31": "0.63250", "2017-12-31": "0.60300", "2017-09-30": "0.57530", "2017-06-30": "0.57580", "2017-03-31": "0.56180", "2016-12-31": "0.59220", "2016-09-30": "0.53090", "2016-06-30": "0.53510", "2016-03-31": "0.54460", "2015-12-31": "1.00350", "2015-09-30": "0.96010", "2015-06-30": "0.92970", "2015-03-31": "0.86280", "2014-12-31": "0.81760", "2014-09-30": "0.68120", "2014-06-30": "0.49670", "2014-03-31": "0.53860", "2013-12-31": "0.52030", "2013-09-30": "0.49900", "2013-06-30": "0.49950", "2013-03-31": "0.53080", "2012-12-31": "0.51000", "2012-09-30": "0.50560", "2012-06-30": "0.45610", "2012-03-31": "0.47620", "2011-12-31": "0.45140", "2011-09-30": "0.58980", "2011-06-30": "0.55690", "2011-03-31": "0.55940", "2010-12-31": "0.52060", "2010-09-30": "0.59400", "2010-06-30": "0.54990", "2010-03-31": "0.49350", "2009-12-31": "0.44410", "2009-09-30": "0.44410", "2009-06-30": "0.44380", "2009-03-31": "0.46930", "2008-12-31": "0.48420", "2008-09-30": "0.49070", "2008-06-30": "0.20400", "2008-03-31": "0.34770", "2007-12-31": "0.32700", "2007-09-30": "0.29950", "2007-06-30": "0.25030", "2007-03-31": "0.23810", "2006-12-31": "0.25390", "2006-09-30": "0.43970", "2006-06-30": "0.49150", "2006-03-31": "0.43660", "2005-12-31": "0.56650", "2005-09-30": "0.55750", "2005-06-30": "0.52340", "2005-03-31": "0.58310"}, "Gross Margin": {"2020-09-30": "42.55830", "2020-06-30": "54.06260", "2020-03-31": "58.44920", "2019-12-31": "62.86610", "2019-09-30": "61.58060", "2019-06-30": "70.08480", "2019-03-31": "75.74080", "2018-12-31": "77.16980", "2018-09-30": "55.98300", "2018-06-30": "53.70400", "2018-03-31": "71.01920", "2017-12-31": "62.88540", "2017-09-30": "61.86720", "2017-06-30": "67.15760", "2017-03-31": "70.61640", "2016-12-31": "55.61450", "2016-09-30": "57.08000", "2016-06-30": "44.87470", "2016-03-31": "50.96390", "2015-12-31": "49.16100", "2015-09-30": "54.15630", "2015-06-30": "55.17680", "2015-03-31": "65.36080", "2014-12-31": "76.80260", "2014-09-30": "74.71800", "2014-06-30": "76.25370", "2014-03-31": "75.39070", "2013-12-31": "75.75100", "2013-09-30": "77.13920", "2013-06-30": "78.57810", "2013-03-31": "76.93260", "2012-12-31": "76.49180", "2012-09-30": "77.44600", "2012-06-30": "74.89430", "2012-03-31": "74.47970", "2011-12-31": "75.51910", "2011-09-30": "78.91630", "2011-06-30": "79.87130", "2011-03-31": "73.57410", "2010-12-31": "79.97310", "2010-09-30": "81.39850", "2010-06-30": "79.57110", "2010-03-31": "77.79470", "2009-12-31": "77.74330", "2009-09-30": "85.12330", "2009-06-30": "83.51900", "2009-03-31": "76.39210", "2008-12-31": "77.68880", "2008-09-30": "81.26580", "2008-06-30": "81.20340", "2008-03-31": "78.24690", "2007-12-31": "77.36920", "2007-09-30": "79.97110", "2007-06-30": "80.06340", "2007-03-31": "76.07700", "2006-12-31": "75.09180", "2006-09-30": "80.96010", "2006-06-30": "82.51940", "2006-03-31": "78.17410", "2005-12-31": "76.80270", "2005-09-30": "80.96160", "2005-06-30": "81.55960", "2005-03-31": "73.68300"}, "Operating Margin": {"2020-09-30": "-2.58830", "2020-06-30": "16.16260", "2020-03-31": "22.35720", "2019-12-31": "48.16310", "2019-09-30": "30.24320", "2019-06-30": "46.95690", "2019-03-31": "55.00540", "2018-12-31": "47.56060", "2018-09-30": "32.29270", "2018-06-30": "17.20800", "2018-03-31": "37.41210", "2017-12-31": "-109.56380", "2017-09-30": "10.37480", "2017-06-30": "12.47460", "2017-03-31": "36.71380", "2016-12-31": "-139.99600", "2016-09-30": "1.15900", "2016-06-30": "-28.51600", "2016-03-31": "-19.53810", "2015-12-31": "-55.63650", "2015-09-30": "-0.33540", "2015-06-30": "-6.19070", "2015-03-31": "18.78260", "2014-12-31": "-79.17350", "2014-09-30": "37.17470", "2014-06-30": "39.50830", "2014-03-31": "38.14940", "2013-12-31": "34.40920", "2013-09-30": "30.24210", "2013-06-30": "36.69850", "2013-03-31": "23.31030", "2012-12-31": "28.56910", "2012-09-30": "25.52430", "2012-06-30": "29.39090", "2012-03-31": "17.14620", "2011-12-31": "36.79100", "2011-09-30": "24.88700", "2011-06-30": "44.29570", "2011-03-31": "17.40930", "2010-12-31": "59.11690", "2010-09-30": "9.94060", "2010-06-30": "26.00270", "2010-03-31": "28.00570", "2009-12-31": "25.64080", "2009-09-30": "36.09440", "2009-06-30": "26.48080", "2009-03-31": "38.42750", "2008-12-31": "37.48380", "2008-09-30": "46.85770", "2008-06-30": "37.80770", "2008-03-31": "34.63310", "2007-12-31": "35.96790", "2007-09-30": "32.49730", "2007-06-30": "39.94670", "2007-03-31": "41.33410", "2006-12-31": "32.09130", "2006-09-30": "164.95580", "2006-06-30": "40.81940", "2006-03-31": "42.47560", "2005-12-31": "44.40250", "2005-09-30": "36.48870", "2005-06-30": "40.63760", "2005-03-31": "26.40590"}, "EBIT Margin": {"2020-09-30": "-2.58830", "2020-06-30": "16.16260", "2020-03-31": "22.35720", "2019-12-31": "48.16310", "2019-09-30": "30.24320", "2019-06-30": "46.95690", "2019-03-31": "55.00540", "2018-12-31": "47.56060", "2018-09-30": "32.29270", "2018-06-30": "17.20800", "2018-03-31": "37.41210", "2017-12-31": "-109.56380", "2017-09-30": "10.37480", "2017-06-30": "12.47460", "2017-03-31": "36.71380", "2016-12-31": "-139.99610", "2016-09-30": "1.15900", "2016-06-30": "-28.51600", "2016-03-31": "-19.53810", "2015-12-31": "-55.63650", "2015-09-30": "-0.33540", "2015-06-30": "-6.19070", "2015-03-31": "18.78260", "2014-12-31": "-79.17350", "2014-09-30": "37.17470", "2014-06-30": "39.50830", "2014-03-31": "38.14940", "2013-12-31": "34.40920", "2013-09-30": "30.24210", "2013-06-30": "36.69850", "2013-03-31": "23.31030", "2012-12-31": "28.56910", "2012-09-30": "25.52430", "2012-06-30": "29.39090", "2012-03-31": "17.14620", "2011-12-31": "36.79100", "2011-09-30": "24.88700", "2011-06-30": "44.29570", "2011-03-31": "17.40930", "2010-12-31": "59.11690", "2010-09-30": "9.94060", "2010-06-30": "26.00270", "2010-03-31": "28.00570", "2009-12-31": "25.64080", "2009-09-30": "36.09440", "2009-06-30": "26.48080", "2009-03-31": "38.42750", "2008-12-31": "37.48380", "2008-09-30": "46.85770", "2008-06-30": "37.80770", "2008-03-31": "34.63310", "2007-12-31": "35.96790", "2007-09-30": "32.49730", "2007-06-30": "39.94670", "2007-03-31": "41.33410", "2006-12-31": "32.09130", "2006-09-30": "164.95580", "2006-06-30": "40.81940", "2006-03-31": "42.47560", "2005-12-31": "44.40250", "2005-09-30": "36.48870", "2005-06-30": "40.63760", "2005-03-31": "26.40590"}, "EBITDA Margin": {"2020-09-30": "", "2020-06-30": "", "2020-03-31": "", "2019-12-31": "", "2019-09-30": "", "2019-06-30": "", "2019-03-31": "", "2018-12-31": "", "2018-09-30": "", "2018-06-30": "", "2018-03-31": "", "2017-12-31": "", "2017-09-30": "", "2017-06-30": "", "2017-03-31": "", "2016-12-31": "", "2016-09-30": "", "2016-06-30": "", "2016-03-31": "", "2015-12-31": "", "2015-09-30": "", "2015-06-30": "", "2015-03-31": "", "2014-12-31": "", "2014-09-30": "", "2014-06-30": "", "2014-03-31": "", "2013-12-31": "", "2013-09-30": "", "2013-06-30": "", "2013-03-31": "", "2012-12-31": "", "2012-09-30": "", "2012-06-30": "", "2012-03-31": "", "2011-12-31": "", "2011-09-30": "", "2011-06-30": "", "2011-03-31": "", "2010-12-31": "", "2010-09-30": "", "2010-06-30": "", "2010-03-31": "", "2009-12-31": "", "2009-09-30": "", "2009-06-30": "", "2009-03-31": "", "2008-12-31": "", "2008-09-30": "", "2008-06-30": "", "2008-03-31": "", "2007-12-31": "", "2007-09-30": "", "2007-06-30": "", "2007-03-31": "", "2006-12-31": "", "2006-09-30": "", "2006-06-30": "", "2006-03-31": "", "2005-12-31": "", "2005-09-30": "", "2005-06-30": "", "2005-03-31": ""}, "Pre-Tax Profit Margin": {"2020-09-30": "-7.55190", "2020-06-30": "11.77230", "2020-03-31": "18.66290", "2019-12-31": "44.95650", "2019-09-30": "27.05130", "2019-06-30": "44.20290", "2019-03-31": "53.08460", "2018-12-31": "45.36320", "2018-09-30": "29.66860", "2018-06-30": "12.03740", "2018-03-31": "33.14940", "2017-12-31": "-114.66430", "2017-09-30": "6.41850", "2017-06-30": "8.06500", "2017-03-31": "32.62090", "2016-12-31": "-146.60510", "2016-09-30": "-5.89090", "2016-06-30": "-39.44480", "2016-03-31": "-28.36200", "2015-12-31": "-64.93700", "2015-09-30": "-8.36370", "2015-06-30": "-14.08110", "2015-03-31": "13.71210", "2014-12-31": "-82.97150", "2014-09-30": "33.77210", "2014-06-30": "36.44480", "2014-03-31": "34.90170", "2013-12-31": "30.97840", "2013-09-30": "26.55410", "2013-06-30": "32.92010", "2013-03-31": "18.95580", "2012-12-31": "24.05000", "2012-09-30": "20.06100", "2012-06-30": "22.42890", "2012-03-31": "10.92980", "2011-12-31": "30.17410", "2011-09-30": "17.82260", "2011-06-30": "36.79910", "2011-03-31": "9.10080", "2010-12-31": "49.90070", "2010-09-30": "2.46140", "2010-06-30": "18.12770", "2010-03-31": "21.11300", "2009-12-31": "19.63600", "2009-09-30": "28.91780", "2009-06-30": "19.13500", "2009-03-31": "32.34650", "2008-12-31": "31.58830", "2008-09-30": "42.57460", "2008-06-30": "35.31350", "2008-03-31": "31.90560", "2007-12-31": "33.02700", "2007-09-30": "30.20230", "2007-06-30": "37.89190", "2007-03-31": "39.28580", "2006-12-31": "32.50490", "2006-09-30": "161.17870", "2006-06-30": "37.66260", "2006-03-31": "39.61200", "2005-12-31": "41.27650", "2005-09-30": "33.18810", "2005-06-30": "37.25740", "2005-03-31": "22.94380"}, "Net Profit Margin": {"2020-09-30": "-5.14050", "2020-06-30": "9.13920", "2020-03-31": "13.94980", "2019-12-31": "31.84880", "2019-09-30": "21.05700", "2019-06-30": "33.88940", "2019-03-31": "40.94920", "2018-12-31": "38.39780", "2018-09-30": "22.44000", "2018-06-30": "9.35740", "2018-03-31": "24.77270", "2017-12-31": "-11.09630", "2017-09-30": "4.56310", "2017-06-30": "4.67510", "2017-03-31": "20.41550", "2016-12-31": "-92.50180", "2016-09-30": "-3.30510", "2016-06-30": "-25.48860", "2016-03-31": "-18.15770", "2015-12-31": "-39.57520", "2015-09-30": "-5.08160", "2015-06-30": "-8.98080", "2015-03-31": "8.66140", "2014-12-31": "-35.88510", "2014-09-30": "19.68450", "2014-06-30": "22.20980", "2014-03-31": "20.99460", "2013-12-31": "15.99010", "2013-09-30": "16.03510", "2013-06-30": "19.81720", "2013-03-31": "11.47220", "2012-12-31": "11.04880", "2012-09-30": "12.33120", "2012-06-30": "13.52760", "2012-03-31": "6.73120", "2011-12-31": "9.83600", "2011-09-30": "10.86610", "2011-06-30": "22.71620", "2011-03-31": "6.16480", "2010-12-31": "22.07630", "2010-09-30": "1.73970", "2010-06-30": "10.82800", "2010-03-31": "13.26400", "2009-12-31": "14.70440", "2009-09-30": "18.78890", "2009-06-30": "12.45070", "2009-03-31": "20.33860", "2008-12-31": "18.79840", "2008-09-30": "27.36300", "2008-06-30": "21.95060", "2008-03-31": "20.93090", "2007-12-31": "21.68300", "2007-09-30": "20.75120", "2007-06-30": "23.53160", "2007-03-31": "25.34130", "2006-12-31": "18.71250", "2006-09-30": "102.31460", "2006-06-30": "24.56260", "2006-03-31": "24.75460", "2005-12-31": "25.99280", "2005-09-30": "20.86830", "2005-06-30": "23.32180", "2005-03-31": "14.41070"}, "Asset Turnover": {"2020-09-30": "0.06590", "2020-06-30": "0.07340", "2020-03-31": "0.08550", "2019-12-31": "0.10280", "2019-09-30": "0.09660", "2019-06-30": "0.11700", "2019-03-31": "0.14320", "2018-12-31": "0.17060", "2018-09-30": "0.13050", "2018-06-30": "0.10310", "2018-03-31": "0.10430", "2017-12-31": "0.08470", "2017-09-30": "0.07510", "2017-06-30": "0.08820", "2017-03-31": "0.09870", "2016-12-31": "0.06180", "2016-09-30": "0.05610", "2016-06-30": "0.04430", "2016-03-31": "0.04940", "2015-12-31": "0.05350", "2015-09-30": "0.05570", "2015-06-30": "0.05560", "2015-03-31": "0.08430", "2014-12-31": "0.11370", "2014-09-30": "0.08820", "2014-06-30": "0.10240", "2014-03-31": "0.09910", "2013-12-31": "0.09790", "2013-09-30": "0.08660", "2013-06-30": "0.08960", "2013-03-31": "0.07960", "2012-12-31": "0.08010", "2012-09-30": "0.06620", "2012-06-30": "0.06020", "2012-03-31": "0.06180", "2011-12-31": "0.06190", "2011-09-30": "0.05860", "2011-06-30": "0.05660", "2011-03-31": "0.05160", "2010-12-31": "0.05550", "2010-09-30": "0.05680", "2010-06-30": "0.05170", "2010-03-31": "0.05680", "2009-12-31": "0.06710", "2009-09-30": "0.05770", "2009-06-30": "0.05650", "2009-03-31": "0.06240", "2008-12-31": "0.06280", "2008-09-30": "0.06920", "2008-06-30": "0.09150", "2008-03-31": "0.09430", "2007-12-31": "0.08990", "2007-09-30": "0.08220", "2007-06-30": "0.08930", "2007-03-31": "0.10390", "2006-12-31": "0.09360", "2006-09-30": "0.09330", "2006-06-30": "0.11720", "2006-03-31": "0.14250", "2005-12-31": "0.15050", "2005-09-30": "0.11420", "2005-06-30": "0.11860", "2005-03-31": "0.11510"}, "Inventory Turnover Ratio": {"2020-09-30": "11.19830", "2020-06-30": "8.50640", "2020-03-31": "8.79920", "2019-12-31": "12.29720", "2019-09-30": "9.06080", "2019-06-30": "8.24430", "2019-03-31": "8.51710", "2018-12-31": "14.76460", "2018-09-30": "19.23450", "2018-06-30": "10.25540", "2018-03-31": "11.01740", "2017-12-31": "18.56670", "2017-09-30": "11.30800", "2017-06-30": "13.64850", "2017-03-31": "12.58050", "2016-12-31": "10.55890", "2016-09-30": "9.87880", "2016-06-30": "9.07960", "2016-03-31": "8.66900", "2015-12-31": "8.37300", "2015-09-30": "7.65510", "2015-06-30": "6.72240", "2015-03-31": "11.42830", "2014-12-31": "10.22110", "2014-09-30": "9.42740", "2014-06-30": "10.62720", "2014-03-31": "12.07270", "2013-12-31": "6.76690", "2013-09-30": "4.78140", "2013-06-30": "5.27080", "2013-03-31": "7.63500", "2012-12-31": "6.13500", "2012-09-30": "3.78370", "2012-06-30": "5.56490", "2012-03-31": "5.67870", "2011-12-31": "3.08370", "2011-09-30": "1.95310", "2011-06-30": "2.01500", "2011-03-31": "2.65490", "2010-12-31": "1.50170", "2010-09-30": "1.28870", "2010-06-30": "1.73820", "2010-03-31": "2.71860", "2009-12-31": "1.96650", "2009-09-30": "0.83760", "2009-06-30": "1.14380", "2009-03-31": "1.99970", "2008-12-31": "1.13550", "2008-09-30": "0.87940", "2008-06-30": "2.37420", "2008-03-31": "3.82130", "2007-12-31": "1.60440", "2007-09-30": "0.94520", "2007-06-30": "1.51630", "2007-03-31": "2.97400", "2006-12-31": "1.29600", "2006-09-30": "0.85540", "2006-06-30": "1.28490", "2006-03-31": "3.40020", "2005-12-31": "2.12110", "2005-09-30": "0.86820", "2005-06-30": "1.17560", "2005-03-31": "2.89610"}, "Receiveable Turnover": {"2020-09-30": "0.99140", "2020-06-30": "1.21620", "2020-03-31": "1.32240", "2019-12-31": "1.36170", "2019-09-30": "1.46820", "2019-06-30": "1.74990", "2019-03-31": "1.93260", "2018-12-31": "1.51870", "2018-09-30": "1.88890", "2018-06-30": "2.04200", "2018-03-31": "1.88220", "2017-12-31": "1.46880", "2017-09-30": "2.04300", "2017-06-30": "2.37590", "2017-03-31": "2.66400", "2016-12-31": "1.57190", "2016-09-30": "2.26820", "2016-06-30": "2.01920", "2016-03-31": "2.68370", "2015-12-31": "2.25440", "2015-09-30": "2.24550", "2015-06-30": "2.21390", "2015-03-31": "2.50840", "2014-12-31": "2.58570", "2014-09-30": "2.67690", "2014-06-30": "2.51380", "2014-03-31": "2.08020", "2013-12-31": "2.19110", "2013-09-30": "2.41530", "2013-06-30": "2.11870", "2013-03-31": "2.16200", "2012-12-31": "2.14520", "2012-09-30": "2.83230", "2012-06-30": "2.97930", "2012-03-31": "2.86100", "2011-12-31": "2.31520", "2011-09-30": "2.34510", "2011-06-30": "1.92240", "2011-03-31": "2.22580", "2010-12-31": "2.35430", "2010-09-30": "2.82080", "2010-06-30": "2.41460", "2010-03-31": "2.01120", "2009-12-31": "2.77020", "2009-09-30": "2.41520", "2009-06-30": "3.75680", "2009-03-31": "3.11010", "2008-12-31": "2.12080", "2008-09-30": "1.64780", "2008-06-30": "1.52380", "2008-03-31": "1.58070", "2007-12-31": "1.71400", "2007-09-30": "1.70010", "2007-06-30": "1.62480", "2007-03-31": "1.96470", "2006-12-31": "1.21710", "2006-09-30": "1.77370", "2006-06-30": "1.91650", "2006-03-31": "1.87950", "2005-12-31": "1.33780", "2005-09-30": "1.22690", "2005-06-30": "1.62590", "2005-03-31": "1.46020"}, "Days Sales In Receivables": {"2020-09-30": "90.77680", "2020-06-30": "73.99920", "2020-03-31": "68.06010", "2019-12-31": "66.09390", "2019-09-30": "61.29890", "2019-06-30": "51.43280", "2019-03-31": "46.57010", "2018-12-31": "59.26120", "2018-09-30": "47.64670", "2018-06-30": "44.07380", "2018-03-31": "47.81600", "2017-12-31": "61.27370", "2017-09-30": "44.05310", "2017-06-30": "37.88090", "2017-03-31": "33.78350", "2016-12-31": "57.25560", "2016-09-30": "39.67840", "2016-06-30": "44.57230", "2016-03-31": "33.53620", "2015-12-31": "39.92170", "2015-09-30": "40.08070", "2015-06-30": "40.65290", "2015-03-31": "35.87900", "2014-12-31": "34.80690", "2014-09-30": "33.62060", "2014-06-30": "35.80170", "2014-03-31": "43.26490", "2013-12-31": "41.07560", "2013-09-30": "37.26190", "2013-06-30": "42.47880", "2013-03-31": "41.62900", "2012-12-31": "41.95350", "2012-09-30": "31.77620", "2012-06-30": "30.20820", "2012-03-31": "31.45780", "2011-12-31": "38.87400", "2011-09-30": "38.37710", "2011-06-30": "46.81690", "2011-03-31": "40.43430", "2010-12-31": "38.22740", "2010-09-30": "31.90620", "2010-06-30": "37.27310", "2010-03-31": "44.74940", "2009-12-31": "32.48830", "2009-09-30": "37.26410", "2009-06-30": "23.95660", "2009-03-31": "28.93760", "2008-12-31": "42.43710", "2008-09-30": "54.61940", "2008-06-30": "59.06200", "2008-03-31": "56.93800", "2007-12-31": "52.50920", "2007-09-30": "52.93920", "2007-06-30": "55.39270", "2007-03-31": "45.80830", "2006-12-31": "73.94620", "2006-09-30": "50.74120", "2006-06-30": "46.96000", "2006-03-31": "47.88480", "2005-12-31": "67.27470", "2005-09-30": "73.35450", "2005-06-30": "55.35440", "2005-03-31": "61.63400"}, "ROE - Return On Equity": {"2020-09-30": "-0.70620", "2020-06-30": "1.40230", "2020-03-31": "2.48620", "2019-12-31": "6.82970", "2019-09-30": "4.08200", "2019-06-30": "7.71960", "2019-03-31": "11.32140", "2018-12-31": "13.17160", "2018-09-30": "5.84190", "2018-06-30": "1.96970", "2018-03-31": "4.87140", "2017-12-31": "-1.76080", "2017-09-30": "0.66500", "2017-06-30": "0.81480", "2017-03-31": "3.90520", "2016-12-31": "-11.40180", "2016-09-30": "-0.35830", "2016-06-30": "-2.18620", "2016-03-31": "-1.73890", "2015-12-31": "-5.53080", "2015-09-30": "-0.73120", "2015-06-30": "-1.28190", "2015-03-31": "1.85040", "2014-12-31": "-10.34990", "2014-09-30": "4.25900", "2014-06-30": "4.93020", "2014-03-31": "4.71750", "2013-12-31": "3.53560", "2013-09-30": "3.00120", "2013-06-30": "3.89780", "2013-03-31": "2.01690", "2012-12-31": "1.91730", "2012-09-30": "1.74300", "2012-06-30": "1.68610", "2012-03-31": "0.86200", "2011-12-31": "1.25250", "2011-09-30": "1.39400", "2011-06-30": "2.78080", "2011-03-31": "0.68320", "2010-12-31": "2.62240", "2010-09-30": "0.21150", "2010-06-30": "1.17460", "2010-03-31": "1.54770", "2009-12-31": "2.00630", "2009-09-30": "2.13270", "2009-06-30": "1.38860", "2009-03-31": "2.54590", "2008-12-31": "2.44060", "2008-09-30": "4.00890", "2008-06-30": "4.20420", "2008-03-31": "4.32000", "2007-12-31": "3.92870", "2007-09-30": "3.37070", "2007-06-30": "4.06100", "2007-03-31": "5.02610", "2006-12-31": "3.39890", "2006-09-30": "20.77640", "2006-06-30": "6.58120", "2006-03-31": "7.86770", "2005-12-31": "9.74740", "2005-09-30": "6.72090", "2005-06-30": "6.86710", "2005-03-31": "4.48380"}, "Return On Tangible Equity": {"2020-09-30": "-0.70620", "2020-06-30": "1.40230", "2020-03-31": "2.48620", "2019-12-31": "6.82970", "2019-09-30": "4.08200", "2019-06-30": "7.71960", "2019-03-31": "11.32140", "2018-12-31": "13.17160", "2018-09-30": "5.84190", "2018-06-30": "1.96970", "2018-03-31": "4.87140", "2017-12-31": "-1.76080", "2017-09-30": "0.66500", "2017-06-30": "0.81480", "2017-03-31": "3.90520", "2016-12-31": "-11.40180", "2016-09-30": "-0.35830", "2016-06-30": "-2.18620", "2016-03-31": "-1.73890", "2015-12-31": "-5.53080", "2015-09-30": "-0.73120", "2015-06-30": "-1.28190", "2015-03-31": "1.85040", "2014-12-31": "-10.34990", "2014-09-30": "4.25900", "2014-06-30": "4.93020", "2014-03-31": "4.71750", "2013-12-31": "3.53560", "2013-09-30": "3.00120", "2013-06-30": "3.89780", "2013-03-31": "2.01690", "2012-12-31": "1.91730", "2012-09-30": "1.74300", "2012-06-30": "1.68610", "2012-03-31": "0.86200", "2011-12-31": "1.25250", "2011-09-30": "1.39400", "2011-06-30": "2.78080", "2011-03-31": "0.68320", "2010-12-31": "2.62240", "2010-09-30": "0.21150", "2010-06-30": "1.17460", "2010-03-31": "1.54770", "2009-12-31": "2.00630", "2009-09-30": "2.13270", "2009-06-30": "1.38860", "2009-03-31": "2.54590", "2008-12-31": "2.44060", "2008-09-30": "4.00890", "2008-06-30": "4.20420", "2008-03-31": "4.32000", "2007-12-31": "3.92870", "2007-09-30": "3.37070", "2007-06-30": "4.06100", "2007-03-31": "5.02610", "2006-12-31": "3.39890", "2006-09-30": "20.77640", "2006-06-30": "6.58120", "2006-03-31": "7.86770", "2005-12-31": "9.74740", "2005-09-30": "6.72090", "2005-06-30": "6.86710", "2005-03-31": "4.48380"}, "ROA - Return On Assets": {"2020-09-30": "-0.33850", "2020-06-30": "0.67080", "2020-03-31": "1.19210", "2019-12-31": "3.27460", "2019-09-30": "2.03390", "2019-06-30": "3.96630", "2019-03-31": "5.86320", "2018-12-31": "6.55050", "2018-09-30": "2.92740", "2018-06-30": "0.96510", "2018-03-31": "2.58310", "2017-12-31": "-0.94010", "2017-09-30": "0.34290", "2017-06-30": "0.41240", "2017-03-31": "2.01590", "2016-12-31": "-5.71510", "2016-09-30": "-0.18550", "2016-06-30": "-1.12930", "2016-03-31": "-0.89770", "2015-12-31": "-2.11540", "2015-09-30": "-0.28290", "2015-06-30": "-0.49970", "2015-03-31": "0.73030", "2014-12-31": "-4.07840", "2014-09-30": "1.73560", "2014-06-30": "2.27340", "2014-03-31": "2.08000", "2013-12-31": "1.56480", "2013-09-30": "1.38910", "2013-06-30": "1.77590", "2013-03-31": "0.91350", "2012-12-31": "0.88530", "2012-09-30": "0.81660", "2012-06-30": "0.81490", "2012-03-31": "0.41610", "2011-12-31": "0.60860", "2011-09-30": "0.63680", "2011-06-30": "1.28650", "2011-03-31": "0.31830", "2010-12-31": "1.22620", "2010-09-30": "0.09880", "2010-06-30": "0.56020", "2010-03-31": "0.75280", "2009-12-31": "0.98720", "2009-09-30": "1.08380", "2009-06-30": "0.70380", "2009-03-31": "1.26920", "2008-12-31": "1.18050", "2008-09-30": "1.89340", "2008-06-30": "2.00940", "2008-03-31": "1.97320", "2007-12-31": "1.94950", "2007-09-30": "1.70670", "2007-06-30": "2.10110", "2007-03-31": "2.63360", "2006-12-31": "1.75120", "2006-09-30": "9.54670", "2006-06-30": "2.87860", "2006-03-31": "3.52870", "2005-12-31": "3.91240", "2005-09-30": "2.38400", "2005-06-30": "2.76640", "2005-03-31": "1.65820"}, "ROI - Return On Investment": {"2020-09-30": "-0.48380", "2020-06-30": "0.94580", "2020-03-31": "1.67750", "2019-12-31": "4.47370", "2019-09-30": "2.70020", "2019-06-30": "5.07830", "2019-03-31": "7.42210", "2018-12-31": "8.29880", "2018-09-30": "3.69260", "2018-06-30": "1.25810", "2018-03-31": "3.23420", "2017-12-31": "-1.18770", "2017-09-30": "0.44760", "2017-06-30": "0.51710", "2017-03-31": "2.50040", "2016-12-31": "-7.16110", "2016-09-30": "-0.23410", "2016-06-30": "-1.43060", "2016-03-31": "-1.13080", "2015-12-31": "-2.77440", "2015-09-30": "-0.37480", "2015-06-30": "-0.66430", "2015-03-31": "0.99330", "2014-12-31": "-5.69410", "2014-09-30": "2.53330", "2014-06-30": "3.29410", "2014-03-31": "3.06610", "2013-12-31": "2.32560", "2013-09-30": "2.00210", "2013-06-30": "2.65750", "2013-03-31": "1.34870", "2012-12-31": "1.30010", "2012-09-30": "1.18580", "2012-06-30": "1.15800", "2012-03-31": "0.58390", "2011-12-31": "0.86300", "2011-09-30": "0.87690", "2011-06-30": "1.78610", "2011-03-31": "0.43810", "2010-12-31": "1.72460", "2010-09-30": "0.13610", "2010-06-30": "0.75790", "2010-03-31": "1.03630", "2009-12-31": "1.38930", "2009-09-30": "1.48810", "2009-06-30": "0.96910", "2009-03-31": "1.75630", "2008-12-31": "1.66690", "2008-09-30": "2.71100", "2008-06-30": "3.53720", "2008-03-31": "3.25080", "2007-12-31": "3.00280", "2007-09-30": "2.63240", "2007-06-30": "3.29990", "2007-03-31": "4.12850", "2006-12-31": "2.75710", "2006-09-30": "14.65520", "2006-06-30": "4.49710", "2006-03-31": "5.59200", "2005-12-31": "6.35780", "2005-09-30": "4.42840", "2005-06-30": "4.62540", "2005-03-31": "2.91170"}, "Book Value Per Share": {"2020-09-30": "5.31510", "2020-06-30": "5.43430", "2020-03-31": "5.44040", "2019-12-31": "5.40680", "2019-09-30": "5.42640", "2019-06-30": "5.60440", "2019-03-31": "5.48210", "2018-12-31": "4.94020", "2018-09-30": "4.82510", "2018-06-30": "4.88280", "2018-03-31": "5.31450", "2017-12-31": "5.47950", "2017-09-30": "5.71800", "2017-06-30": "5.71260", "2017-03-31": "5.81540", "2016-12-31": "5.52010", "2016-09-30": "6.15560", "2016-06-30": "6.18640", "2016-03-31": "6.33130", "2015-12-31": "4.85460", "2015-09-30": "5.12650", "2015-06-30": "5.18580", "2015-03-31": "5.26000", "2014-12-31": "5.18790", "2014-09-30": "5.72620", "2014-06-30": "5.75600", "2014-03-31": "5.43700", "2013-12-31": "5.29450", "2013-09-30": "5.51890", "2013-06-30": "5.43430", "2013-03-31": "5.04700", "2012-12-31": "5.07430", "2012-09-30": "5.00450", "2012-06-30": "5.08500", "2012-03-31": "5.07330", "2011-12-31": "5.04460", "2011-09-30": "4.89780", "2011-06-30": "4.71440", "2011-03-31": "4.52270", "2010-12-31": "4.50130", "2010-09-30": "4.43260", "2010-06-30": "4.44010", "2010-03-31": "4.46090", "2009-12-31": "4.37150", "2009-09-30": "4.39880", "2009-06-30": "4.42110", "2009-03-31": "4.50820", "2008-12-31": "4.33090", "2008-09-30": "4.03420", "2008-06-30": "3.13710", "2008-03-31": "2.58230", "2007-12-31": "2.74490", "2007-09-30": "2.57040", "2007-06-30": "2.62560", "2007-03-31": "2.36620", "2006-12-31": "2.45600", "2006-09-30": "2.37370", "2006-06-30": "1.84440", "2006-03-31": "1.73110", "2005-12-31": "1.54480", "2005-09-30": "1.28210", "2005-06-30": "1.31760", "2005-03-31": "1.18360"}, "Operating Cash Flow Per Share": {"2020-09-30": 0.3296, "2020-06-30": 0.3382, "2020-03-31": "0.51240", "2019-12-31": 0.6096, "2019-09-30": 0.7048, "2019-06-30": 0.7725, "2019-03-31": "1.37650", "2018-12-31": 0.6884, "2018-09-30": 0.5738, "2018-06-30": 0.6155, "2018-03-31": "0.59100", "2017-12-31": 0.3821, "2017-09-30": 0.4117, "2017-06-30": 0.5584, "2017-03-31": "0.57700", "2016-12-31": 0.316, "2016-09-30": 0.2265, "2016-06-30": 0.1721, "2016-03-31": "0.15540", "2015-12-31": 0.3985, "2015-09-30": 0.3534, "2015-06-30": 0.4155, "2015-03-31": "0.64460", "2014-12-31": 0.7047, "2014-09-30": 0.8603, "2014-06-30": 0.7856, "2014-03-31": "0.61020", "2013-12-31": 0.6151, "2013-09-30": 0.6535, "2013-06-30": 0.6539, "2013-03-31": "0.50310", "2012-12-31": 0.468, "2012-09-30": 0.3879, "2012-06-30": 0.3768, "2012-03-31": "0.31260", "2011-12-31": 0.3007, "2011-09-30": 0.366, "2011-06-30": 0.3073, "2011-03-31": "0.21650", "2010-12-31": 0.2793, "2010-09-30": 0.2939, "2010-06-30": 0.3027, "2010-03-31": "0.27650", "2009-12-31": 0.4725, "2009-09-30": 0.2775, "2009-06-30": 0.3502, "2009-03-31": "0.36630", "2008-12-31": 0.5431, "2008-09-30": 0.3215, "2008-06-30": 0.3592, "2008-03-31": "0.33540", "2007-12-31": 0.3569, "2007-09-30": 0.2201, "2007-06-30": 0.2679, "2007-03-31": "0.34640", "2006-12-31": 0.0001, "2006-09-30": 0.2265, "2006-06-30": 0.2864, "2006-03-31": "0.39240", "2005-12-31": 0.2945, "2005-09-30": 0.1477, "2005-06-30": 0.2004, "2005-03-31": "0.27380"}, "Free Cash Flow Per Share": {"2020-09-30": -0.0453, "2020-06-30": -0.1146, "2020-03-31": "0.14060", "2019-12-31": 0.2191, "2019-09-30": 0.2007, "2019-06-30": 0.2394, "2019-03-31": "0.92190", "2018-12-31": 0.1423, "2018-09-30": 0.0641, "2018-06-30": 0.1262, "2018-03-31": "1.65320", "2017-12-31": 0.18, "2017-09-30": 0.059, "2017-06-30": 0.1645, "2017-03-31": "0.13140", "2016-12-31": 0.0264, "2016-09-30": 0.0408, "2016-06-30": 0.0347, "2016-03-31": "0.05720", "2015-12-31": 0.0702, "2015-09-30": -0.0578, "2015-06-30": -0.1911, "2015-03-31": "-0.30080", "2014-12-31": -0.4458, "2014-09-30": 0.0377, "2014-06-30": 0.1191, "2014-03-31": "-0.19880", "2013-12-31": 0.5083, "2013-09-30": -0.067, "2013-06-30": 0.0328, "2013-03-31": "-0.11120", "2012-12-31": -0.0599, "2012-09-30": -0.2223, "2012-06-30": 0.1613, "2012-03-31": "-0.13160", "2011-12-31": 0.5351, "2011-09-30": -0.1948, "2011-06-30": -0.0528, "2011-03-31": "-0.25380", "2010-12-31": 0.3343, "2010-09-30": -0.1779, "2010-06-30": -0.1804, "2010-03-31": "-0.28220", "2009-12-31": 0.0288, "2009-09-30": 0.002, "2009-06-30": 0.1757, "2009-03-31": "-0.00820", "2008-12-31": -0.2029, "2008-09-30": -0.2306, "2008-06-30": -0.0993, "2008-03-31": "0.01160", "2007-12-31": -0.0084, "2007-09-30": -0.1465, "2007-06-30": -0.1328, "2007-03-31": "0.07110", "2006-12-31": -0.2777, "2006-09-30": 0.7357, "2006-06-30": -0.0181, "2006-03-31": "0.13270", "2005-12-31": 0.0192, "2005-09-30": -0.1673, "2005-06-30": 0.0127, "2005-03-31": "0.17120"}}, "revenue": {"Cabot Oil & Gas Annual Revenue (Millions of US $)": {"2019": "$2,066", "2018": "$2,188", "2017": "$1,764", "2016": "$1,156", "2015": "$1,357", "2014": "$2,173", "2013": "$1,746", "2012": "$1,205", "2011": "$980", "2010": "$863", "2009": "$893", "2008": "$946", "2007": "$732", "2006": "$762", "2005": "$683"}, "Cabot Oil & Gas Quarterly Revenue (Millions of US $)": {"2020-09-30": "$291", "2020-06-30": "$332", "2020-03-31": "$386", "2019-12-31": "$461", "2019-09-30": "$429", "2019-06-30": "$534", "2019-03-31": "$642", "2018-12-31": "$716", "2018-09-30": "$545", "2018-06-30": "$453", "2018-03-31": "$473", "2017-12-31": "$401", "2017-09-30": "$385", "2017-06-30": "$460", "2017-03-31": "$518", "2016-12-31": "$316", "2016-09-30": "$310", "2016-06-30": "$247", "2016-03-31": "$282", "2015-12-31": "$281", "2015-09-30": "$305", "2015-06-30": "$306", "2015-03-31": "$465", "2014-12-31": "$618", "2014-09-30": "$512", "2014-06-30": "$533", "2014-03-31": "$510", "2013-12-31": "$487", "2013-09-30": "$436", "2013-06-30": "$450", "2013-03-31": "$373", "2012-12-31": "$370", "2012-09-30": "$297", "2012-06-30": "$266", "2012-03-31": "$272", "2011-12-31": "$268", "2011-09-30": "$262", "2011-06-30": "$241", "2011-03-31": "$209", "2010-12-31": "$222", "2010-09-30": "$224", "2010-06-30": "$200", "2010-03-31": "$216", "2009-12-31": "$247", "2009-09-30": "$207", "2009-06-30": "$205", "2009-03-31": "$234", "2008-12-31": "$232", "2008-09-30": "$245", "2008-06-30": "$249", "2008-03-31": "$220", "2007-12-31": "$194", "2007-09-30": "$171", "2007-06-30": "$176", "2007-03-31": "$192", "2006-12-31": "$172", "2006-09-30": "$185", "2006-06-30": "$191", "2006-03-31": "$215", "2005-12-31": "$225", "2005-09-30": "$162", "2005-06-30": "$152", "2005-03-31": "$144"}}, "gross-profit": {"Cabot Oil & Gas Annual Gross Profit (Millions of US $)": {"2019": "$1,415", "2018": "$1,438", "2017": "$1,165", "2016": "$608", "2015": "$776", "2014": "$1,648", "2013": "$1,346", "2012": "$914", "2011": "$755", "2010": "$688", "2009": "$718", "2008": "$754", "2007": "$573", "2006": "$604", "2005": "$534"}, "Cabot Oil & Gas Quarterly Gross Profit (Millions of US $)": {"2020-09-30": "$124", "2020-06-30": "$180", "2020-03-31": "$226", "2019-12-31": "$290", "2019-09-30": "$264", "2019-06-30": "$374", "2019-03-31": "$486", "2018-12-31": "$553", "2018-09-30": "$305", "2018-06-30": "$244", "2018-03-31": "$336", "2017-12-31": "$252", "2017-09-30": "$238", "2017-06-30": "$309", "2017-03-31": "$366", "2016-12-31": "$176", "2016-09-30": "$177", "2016-06-30": "$111", "2016-03-31": "$144", "2015-12-31": "$138", "2015-09-30": "$165", "2015-06-30": "$169", "2015-03-31": "$304", "2014-12-31": "$475", "2014-09-30": "$383", "2014-06-30": "$407", "2014-03-31": "$384", "2013-12-31": "$369", "2013-09-30": "$336", "2013-06-30": "$353", "2013-03-31": "$287", "2012-12-31": "$283", "2012-09-30": "$230", "2012-06-30": "$199", "2012-03-31": "$203", "2011-12-31": "$202", "2011-09-30": "$207", "2011-06-30": "$192", "2011-03-31": "$154", "2010-12-31": "$178", "2010-09-30": "$182", "2010-06-30": "$159", "2010-03-31": "$168", "2009-12-31": "$192", "2009-09-30": "$176", "2009-06-30": "$171", "2009-03-31": "$179", "2008-12-31": "$181", "2008-09-30": "$199", "2008-06-30": "$202", "2008-03-31": "$172", "2007-12-31": "$150", "2007-09-30": "$137", "2007-06-30": "$141", "2007-03-31": "$146", "2006-12-31": "$129", "2006-09-30": "$150", "2006-06-30": "$157", "2006-03-31": "$168", "2005-12-31": "$173", "2005-09-30": "$131", "2005-06-30": "$124", "2005-03-31": "$106"}}, "operating-income": {"Cabot Oil & Gas Annual Operating Income (Millions of US $)": {"2019": "$956", "2018": "$772", "2017": "$-151", "2016": "$-565", "2015": "$-89", "2014": "$106", "2013": "$552", "2012": "$306", "2011": "$307", "2010": "$266", "2009": "$282", "2008": "$372", "2007": "$275", "2006": "$529", "2005": "$259"}, "Cabot Oil & Gas Quarterly Operating Income (Millions of US $)": {"2020-09-30": "$-8", "2020-06-30": "$54", "2020-03-31": "$86", "2019-12-31": "$222", "2019-09-30": "$130", "2019-06-30": "$251", "2019-03-31": "$353", "2018-12-31": "$341", "2018-09-30": "$176", "2018-06-30": "$78", "2018-03-31": "$177", "2017-12-31": "$-439", "2017-09-30": "$40", "2017-06-30": "$57", "2017-03-31": "$190", "2016-12-31": "$-443", "2016-09-30": "$4", "2016-06-30": "$-70", "2016-03-31": "$-55", "2015-12-31": "$-156", "2015-09-30": "$-1", "2015-06-30": "$-19", "2015-03-31": "$87", "2014-12-31": "$-489", "2014-09-30": "$190", "2014-06-30": "$211", "2014-03-31": "$194", "2013-12-31": "$168", "2013-09-30": "$132", "2013-06-30": "$165", "2013-03-31": "$87", "2012-12-31": "$106", "2012-09-30": "$76", "2012-06-30": "$78", "2012-03-31": "$47", "2011-12-31": "$99", "2011-09-30": "$65", "2011-06-30": "$107", "2011-03-31": "$36", "2010-12-31": "$132", "2010-09-30": "$22", "2010-06-30": "$52", "2010-03-31": "$61", "2009-12-31": "$63", "2009-09-30": "$75", "2009-06-30": "$54", "2009-03-31": "$90", "2008-12-31": "$87", "2008-09-30": "$115", "2008-06-30": "$94", "2008-03-31": "$76", "2007-12-31": "$70", "2007-09-30": "$56", "2007-06-30": "$70", "2007-03-31": "$79", "2006-12-31": "$55", "2006-09-30": "$305", "2006-06-30": "$78", "2006-03-31": "$91", "2005-12-31": "$100", "2005-09-30": "$59", "2005-06-30": "$62", "2005-03-31": "$38"}}, "ebitda": {"Cabot Oil & Gas Annual EBITDA (Millions of US $)": {"2019": "$1,365", "2018": "$1,194", "2017": "$422", "2016": "$30", "2015": "$538", "2014": "$744", "2013": "$1,206", "2012": "$763", "2011": "$654", "2010": "$597", "2009": "$537", "2008": "$600", "2007": "$419", "2006": "$658", "2005": "$367"}, "Cabot Oil & Gas Quarterly EBITDA (Millions of US $)": {"2020-09-30": "$93", "2020-06-30": "$149", "2020-03-31": "$187", "2019-12-31": "$329", "2019-09-30": "$241", "2019-06-30": "$348", "2019-03-31": "$446", "2018-12-31": "$471", "2018-09-30": "$298", "2018-06-30": "$164", "2018-03-31": "$260", "2017-12-31": "$-294", "2017-09-30": "$187", "2017-06-30": "$203", "2017-03-31": "$326", "2016-12-31": "$-301", "2016-09-30": "$144", "2016-06-30": "$79", "2016-03-31": "$108", "2015-12-31": "$-5", "2015-09-30": "$144", "2015-06-30": "$135", "2015-03-31": "$264", "2014-12-31": "$-314", "2014-09-30": "$345", "2014-06-30": "$369", "2014-03-31": "$343", "2013-12-31": "$351", "2013-09-30": "$302", "2013-06-30": "$317", "2013-03-31": "$237", "2012-12-31": "$223", "2012-09-30": "$187", "2012-06-30": "$195", "2012-03-31": "$158", "2011-12-31": "$192", "2011-09-30": "$157", "2011-06-30": "$191", "2011-03-31": "$115", "2010-12-31": "$218", "2010-09-30": "$114", "2010-06-30": "$130", "2010-03-31": "$135", "2009-12-31": "$129", "2009-09-30": "$153", "2009-06-30": "$109", "2009-03-31": "$146", "2008-12-31": "$182", "2008-09-30": "$164", "2008-06-30": "$137", "2008-03-31": "$118", "2007-12-31": "$108", "2007-09-30": "$93", "2007-06-30": "$105", "2007-03-31": "$113", "2006-12-31": "$87", "2006-09-30": "$337", "2006-06-30": "$111", "2006-03-31": "$123", "2005-12-31": "$129", "2005-09-30": "$86", "2005-06-30": "$88", "2005-03-31": "$65"}}, "net-income": {"Cabot Oil & Gas Annual Net Income (Millions of US $)": {"2019": "$681", "2018": "$557", "2017": "$100", "2016": "$-417", "2015": "$-114", "2014": "$104", "2013": "$280", "2012": "$132", "2011": "$122", "2010": "$103", "2009": "$148", "2008": "$211", "2007": "$167", "2006": "$321", "2005": "$148"}, "Cabot Oil & Gas Quarterly Net Income (Millions of US $)": {"2020-09-30": "$-15", "2020-06-30": "$30", "2020-03-31": "$54", "2019-12-31": "$147", "2019-09-30": "$90", "2019-06-30": "$181", "2019-03-31": "$263", "2018-12-31": "$275", "2018-09-30": "$122", "2018-06-30": "$42", "2018-03-31": "$117", "2017-12-31": "$-44", "2017-09-30": "$18", "2017-06-30": "$22", "2017-03-31": "$106", "2016-12-31": "$-293", "2016-09-30": "$-10", "2016-06-30": "$-63", "2016-03-31": "$-51", "2015-12-31": "$-111", "2015-09-30": "$-16", "2015-06-30": "$-28", "2015-03-31": "$40", "2014-12-31": "$-222", "2014-09-30": "$101", "2014-06-30": "$118", "2014-03-31": "$107", "2013-12-31": "$78", "2013-09-30": "$70", "2013-06-30": "$89", "2013-03-31": "$43", "2012-12-31": "$41", "2012-09-30": "$37", "2012-06-30": "$36", "2012-03-31": "$18", "2011-12-31": "$26", "2011-09-30": "$28", "2011-06-30": "$55", "2011-03-31": "$13", "2010-12-31": "$49", "2010-09-30": "$4", "2010-06-30": "$22", "2010-03-31": "$29", "2009-12-31": "$36", "2009-09-30": "$39", "2009-06-30": "$26", "2009-03-31": "$48", "2008-12-31": "$44", "2008-09-30": "$67", "2008-06-30": "$55", "2008-03-31": "$46", "2007-12-31": "$42", "2007-09-30": "$35", "2007-06-30": "$41", "2007-03-31": "$49", "2006-12-31": "$32", "2006-09-30": "$189", "2006-06-30": "$47", "2006-03-31": "$53", "2005-12-31": "$59", "2005-09-30": "$34", "2005-06-30": "$35", "2005-03-31": "$21"}}, "eps-earnings-per-share-diluted": {"Cabot Oil & Gas Annual EPS": {"2019": "$1.63", "2018": "$1.24", "2017": "$0.22", "2016": "$-0.91", "2015": "$-0.28", "2014": "$0.25", "2013": "$0.66", "2012": "$0.31", "2011": "$0.29", "2010": "$0.25", "2009": "$0.36", "2008": "$0.52", "2007": "$0.43", "2006": "$0.82", "2005": "$0.37"}, "Cabot Oil & Gas Quarterly EPS": {"2020-09-30": "$-0.04", "2020-06-30": "$0.08", "2020-03-31": "$0.13", "2019-12-31": "$0.36", "2019-09-30": "$0.22", "2019-06-30": "$0.43", "2019-03-31": "$0.62", "2018-12-31": "$0.62", "2018-09-30": "$0.28", "2018-06-30": "$0.09", "2018-03-31": "$0.25", "2017-12-31": "$-0.10", "2017-09-30": "$0.04", "2017-06-30": "$0.05", "2017-03-31": "$0.23", "2016-12-31": "$-0.63", "2016-09-30": "$-0.02", "2016-06-30": "$-0.14", "2016-03-31": "$-0.12", "2015-12-31": "$-0.27", "2015-09-30": "$-0.04", "2015-06-30": "$-0.07", "2015-03-31": "$0.10", "2014-12-31": "$-0.53", "2014-09-30": "$0.24", "2014-06-30": "$0.28", "2014-03-31": "$0.26", "2013-12-31": "$0.18", "2013-09-30": "$0.17", "2013-06-30": "$0.21", "2013-03-31": "$0.10", "2012-12-31": "$0.09", "2012-09-30": "$0.09", "2012-06-30": "$0.09", "2012-03-31": "$0.05", "2011-12-31": "$0.06", "2011-09-30": "$0.07", "2011-06-30": "$0.13", "2011-03-31": "$0.03", "2010-12-31": "$0.12", "2010-09-30": "$0.01", "2010-06-30": "$0.05", "2010-03-31": "$0.07", "2009-12-31": "$0.09", "2009-09-30": "$0.09", "2009-06-30": "$0.06", "2009-03-31": "$0.12", "2008-12-31": "$0.11", "2008-09-30": "$0.16", "2008-06-30": "$0.14", "2008-03-31": "$0.12", "2007-12-31": "$0.11", "2007-09-30": "$0.09", "2007-06-30": "$0.11", "2007-03-31": "$0.13", "2006-12-31": "$0.08", "2006-09-30": "$0.48", "2006-06-30": "$0.12", "2006-03-31": "$0.14", "2005-12-31": "$0.15", "2005-09-30": "$0.09", "2005-06-30": "$0.09", "2005-03-31": "$0.05"}}, "shares-outstanding": {"Cabot Oil & Gas Annual Shares Outstanding (Millions of Shares)": {"2019": "417", "2018": "448", "2017": "466", "2016": "457", "2015": "414", "2014": "418", "2013": "422", "2012": "422", "2011": "422", "2010": "421", "2009": "419", "2008": "407", "2007": "388", "2006": "394", "2005": "398"}, "Cabot Oil & Gas Quarterly Shares Outstanding (Millions of Shares)": {"2020-09-30": "399", "2020-06-30": "401", "2020-03-31": "400", "2019-12-31": "417", "2019-09-30": "414", "2019-06-30": "424", "2019-03-31": "425", "2018-12-31": "448", "2018-09-30": "443", "2018-06-30": "453", "2018-03-31": "462", "2017-12-31": "466", "2017-09-30": "465", "2017-06-30": "467", "2017-03-31": "467", "2016-12-31": "457", "2016-09-30": "465", "2016-06-30": "465", "2016-03-31": "432", "2015-12-31": "414", "2015-09-30": "414", "2015-06-30": "414", "2015-03-31": "415", "2014-12-31": "418", "2014-09-30": "418", "2014-06-30": "419", "2014-03-31": "419", "2013-12-31": "422", "2013-09-30": "423", "2013-06-30": "423", "2013-03-31": "423", "2012-12-31": "422", "2012-09-30": "422", "2012-06-30": "422", "2012-03-31": "422", "2011-12-31": "422", "2011-09-30": "422", "2011-06-30": "421", "2011-03-31": "421", "2010-12-31": "421", "2010-09-30": "421", "2010-06-30": "420", "2010-03-31": "420", "2009-12-31": "419", "2009-09-30": "420", "2009-06-30": "419", "2009-03-31": "416", "2008-12-31": "407", "2008-09-30": "418", "2008-06-30": "398", "2008-03-31": "396", "2007-12-31": "388", "2007-09-30": "394", "2007-06-30": "394", "2007-03-31": "392", "2006-12-31": "394", "2006-09-30": "393", "2006-06-30": "397", "2006-03-31": "395", "2005-12-31": "398", "2005-09-30": "397", "2005-06-30": "397", "2005-03-31": "394"}}, "total-assets": {"Cabot Oil & Gas Annual Total Assets (Millions of US $)": {"2019": "$4,487", "2018": "$4,199", "2017": "$4,727", "2016": "$5,123", "2015": "$5,253", "2014": "$5,438", "2013": "$4,981", "2012": "$4,616", "2011": "$4,331", "2010": "$4,005", "2009": "$3,683", "2008": "$3,702", "2007": "$2,157", "2006": "$1,834", "2005": "$1,495"}, "Cabot Oil & Gas Quarterly Total Assets (Millions of US $)": {"2020-09-30": "$4,419", "2020-06-30": "$4,528", "2020-03-31": "$4,522", "2019-12-31": "$4,487", "2019-09-30": "$4,443", "2019-06-30": "$4,564", "2019-03-31": "$4,482", "2018-12-31": "$4,199", "2018-09-30": "$4,179", "2018-06-30": "$4,397", "2018-03-31": "$4,538", "2017-12-31": "$4,727", "2017-09-30": "$5,129", "2017-06-30": "$5,219", "2017-03-31": "$5,244", "2016-12-31": "$5,123", "2016-09-30": "$5,532", "2016-06-30": "$5,570", "2016-03-31": "$5,703", "2015-12-31": "$5,253", "2015-09-30": "$5,485", "2015-06-30": "$5,505", "2015-03-31": "$5,512", "2014-12-31": "$5,438", "2014-09-30": "$5,807", "2014-06-30": "$5,209", "2014-03-31": "$5,146", "2013-12-31": "$4,981", "2013-09-30": "$5,031", "2013-06-30": "$5,018", "2013-03-31": "$4,688", "2012-12-31": "$4,616", "2012-09-30": "$4,483", "2012-06-30": "$4,410", "2012-03-31": "$4,403", "2011-12-31": "$4,331", "2011-09-30": "$4,472", "2011-06-30": "$4,250", "2011-03-31": "$4,048", "2010-12-31": "$4,005", "2010-09-30": "$3,947", "2010-06-30": "$3,870", "2010-03-31": "$3,812", "2009-12-31": "$3,683", "2009-09-30": "$3,589", "2009-06-30": "$3,624", "2009-03-31": "$3,749", "2008-12-31": "$3,702", "2008-09-30": "$3,538", "2008-06-30": "$2,718", "2008-03-31": "$2,330", "2007-12-31": "$2,157", "2007-09-30": "$2,077", "2007-06-30": "$1,969", "2007-03-31": "$1,843", "2006-12-31": "$1,834", "2006-09-30": "$1,980", "2006-06-30": "$1,628", "2006-03-31": "$1,507", "2005-12-31": "$1,495", "2005-09-30": "$1,416", "2005-06-30": "$1,280", "2005-03-31": "$1,252"}}, "cash-on-hand": {"Cabot Oil & Gas Annual Cash on Hand (Millions of US $)": {"2019": "$214", "2018": "$2", "2017": "$480", "2016": "$499", "2015": "$1", "2014": "$21", "2013": "$51", "2012": "$31", "2011": "$30", "2010": "$56", "2009": "$40", "2008": "$28", "2007": "$18", "2006": "$42", "2005": "$11"}, "Cabot Oil & Gas Quarterly Cash on Hand (Millions of US $)": {"2020-09-30": "$12", "2020-06-30": "$129", "2020-03-31": "$214", "2019-12-31": "$214", "2019-09-30": "$82", "2019-06-30": "$241", "2019-03-31": "$315", "2018-12-31": "$2", "2018-09-30": "$316", "2018-06-30": "$741", "2018-03-31": "$965", "2017-12-31": "$480", "2017-09-30": "$510", "2017-06-30": "$517", "2017-03-31": "$537", "2016-12-31": "$499", "2016-09-30": "$501", "2016-06-30": "$517", "2016-03-31": "$579", "2015-12-31": "$1", "2015-09-30": "$9", "2015-06-30": "$15", "2015-03-31": "$14", "2014-12-31": "$21", "2014-09-30": "$310", "2014-06-30": "$46", "2014-03-31": "$45", "2013-12-31": "$51", "2013-09-30": "$28", "2013-06-30": "$47", "2013-03-31": "$20", "2012-12-31": "$31", "2012-09-30": "$38", "2012-06-30": "$49", "2012-03-31": "$32", "2011-12-31": "$30", "2011-09-30": "$63", "2011-06-30": "$39", "2011-03-31": "$25", "2010-12-31": "$56", "2010-09-30": "$38", "2010-06-30": "$48", "2010-03-31": "$29", "2009-12-31": "$40", "2009-09-30": "$36", "2009-06-30": "$30", "2009-03-31": "$25", "2008-12-31": "$28", "2008-09-30": "$47", "2008-06-30": "$136", "2008-03-31": "$42", "2007-12-31": "$18", "2007-09-30": "$14", "2007-06-30": "$24", "2007-03-31": "$57", "2006-12-31": "$42", "2006-09-30": "$322", "2006-06-30": "$16", "2006-03-31": "$9", "2005-12-31": "$11", "2005-09-30": "$3", "2005-06-30": "$52", "2005-03-31": "$60"}}, "long-term-debt": {"Cabot Oil & Gas Annual Long Term Debt (Millions of US $)": {"2019": "$1,133", "2018": "$1,226", "2017": "$1,218", "2016": "$1,521", "2015": "$1,996", "2014": "$1,752", "2013": "$1,147", "2012": "$1,012", "2011": "$950", "2010": "$975", "2009": "$805", "2008": "$831", "2007": "$330", "2006": "$220", "2005": "$320"}, "Cabot Oil & Gas Quarterly Long Term Debt (Millions of US $)": {"2020-09-30": "$974", "2020-06-30": "$1,045", "2020-03-31": "$1,045", "2019-12-31": "$1,133", "2019-09-30": "$1,133", "2019-06-30": "$1,220", "2019-03-31": "$1,219", "2018-12-31": "$1,226", "2018-09-30": "$1,219", "2018-06-30": "$1,219", "2018-03-31": "$1,218", "2017-12-31": "$1,218", "2017-09-30": "$1,285", "2017-06-30": "$1,521", "2017-03-31": "$1,521", "2016-12-31": "$1,521", "2016-09-30": "$1,520", "2016-06-30": "$1,520", "2016-03-31": "$1,583", "2015-12-31": "$1,996", "2015-09-30": "$2,017", "2015-06-30": "$1,995", "2015-03-31": "$1,877", "2014-12-31": "$1,752", "2014-09-30": "$1,612", "2014-06-30": "$1,193", "2014-03-31": "$1,222", "2013-12-31": "$1,147", "2013-09-30": "$1,162", "2013-06-30": "$1,067", "2013-03-31": "$1,052", "2012-12-31": "$1,012", "2012-09-30": "$987", "2012-06-30": "$972", "2012-03-31": "$1,012", "2011-12-31": "$950", "2011-09-30": "$1,205", "2011-06-30": "$1,095", "2011-03-31": "$1,055", "2010-12-31": "$975", "2010-09-30": "$1,020", "2010-06-30": "$1,015", "2010-03-31": "$915", "2009-12-31": "$805", "2009-09-30": "$790", "2009-06-30": "$795", "2009-03-31": "$840", "2008-12-31": "$831", "2008-09-30": "$800", "2008-06-30": "$245", "2008-03-31": "$350", "2007-12-31": "$330", "2007-09-30": "$295", "2007-06-30": "$235", "2007-03-31": "$210", "2006-12-31": "$220", "2006-09-30": "$380", "2006-06-30": "$330", "2006-03-31": "$275", "2005-12-31": "$320", "2005-09-30": "$260", "2005-06-30": "$250", "2005-03-31": "$250"}}, "total-liabilities": {"Cabot Oil & Gas Annual Total Liabilities (Millions of US $)": {"2019": "$2,336", "2018": "$2,111", "2017": "$2,203", "2016": "$2,555", "2015": "$3,244", "2014": "$3,295", "2013": "$2,776", "2012": "$2,485", "2011": "$2,227", "2010": "$2,132", "2009": "$1,871", "2008": "$1,911", "2007": "$1,087", "2006": "$889", "2005": "$895"}, "Cabot Oil & Gas Quarterly Total Liabilities (Millions of US $)": {"2020-09-30": "$2,301", "2020-06-30": "$2,362", "2020-03-31": "$2,354", "2019-12-31": "$2,336", "2019-09-30": "$2,229", "2019-06-30": "$2,219", "2019-03-31": "$2,161", "2018-12-31": "$2,111", "2018-09-30": "$2,085", "2018-06-30": "$2,243", "2018-03-31": "$2,132", "2017-12-31": "$2,203", "2017-09-30": "$2,484", "2017-06-30": "$2,577", "2017-03-31": "$2,537", "2016-12-31": "$2,555", "2016-09-30": "$2,669", "2016-06-30": "$2,693", "2016-03-31": "$2,759", "2015-12-31": "$3,244", "2015-09-30": "$3,363", "2015-06-30": "$3,359", "2015-03-31": "$3,337", "2014-12-31": "$3,295", "2014-09-30": "$3,441", "2014-06-30": "$2,807", "2014-03-31": "$2,877", "2013-12-31": "$2,776", "2013-09-30": "$2,703", "2013-06-30": "$2,732", "2013-03-31": "$2,565", "2012-12-31": "$2,485", "2012-09-30": "$2,383", "2012-06-30": "$2,279", "2012-03-31": "$2,278", "2011-12-31": "$2,227", "2011-09-30": "$2,429", "2011-06-30": "$2,284", "2011-03-31": "$2,162", "2010-12-31": "$2,132", "2010-09-30": "$2,103", "2010-06-30": "$2,024", "2010-03-31": "$1,958", "2009-12-31": "$1,871", "2009-09-30": "$1,765", "2009-06-30": "$1,787", "2009-03-31": "$1,880", "2008-12-31": "$1,911", "2008-09-30": "$1,867", "2008-06-30": "$1,419", "2008-03-31": "$1,266", "2007-12-31": "$1,087", "2007-09-30": "$1,025", "2007-06-30": "$950", "2007-03-31": "$877", "2006-12-31": "$889", "2006-09-30": "$1,070", "2006-06-30": "$916", "2006-03-31": "$831", "2005-12-31": "$895", "2005-09-30": "$914", "2005-06-30": "$765", "2005-03-31": "$789"}}, "total-share-holder-equity": {"Cabot Oil & Gas Annual Share Holder Equity (Millions of US $)": {"2019": "$2,151", "2018": "$2,088", "2017": "$2,524", "2016": "$2,568", "2015": "$2,009", "2014": "$2,143", "2013": "$2,205", "2012": "$2,131", "2011": "$2,105", "2010": "$1,873", "2009": "$1,813", "2008": "$1,791", "2007": "$1,070", "2006": "$945", "2005": "$600"}, "Cabot Oil & Gas Quarterly Share Holder Equity (Millions of US $)": {"2020-09-30": "$2,118", "2020-06-30": "$2,166", "2020-03-31": "$2,168", "2019-12-31": "$2,151", "2019-09-30": "$2,214", "2019-06-30": "$2,345", "2019-03-31": "$2,321", "2018-12-31": "$2,088", "2018-09-30": "$2,094", "2018-06-30": "$2,154", "2018-03-31": "$2,407", "2017-12-31": "$2,524", "2017-09-30": "$2,645", "2017-06-30": "$2,642", "2017-03-31": "$2,707", "2016-12-31": "$2,568", "2016-09-30": "$2,863", "2016-06-30": "$2,878", "2016-03-31": "$2,944", "2015-12-31": "$2,009", "2015-09-30": "$2,122", "2015-06-30": "$2,146", "2015-03-31": "$2,176", "2014-12-31": "$2,143", "2014-09-30": "$2,366", "2014-06-30": "$2,402", "2014-03-31": "$2,269", "2013-12-31": "$2,205", "2013-09-30": "$2,329", "2013-06-30": "$2,286", "2013-03-31": "$2,123", "2012-12-31": "$2,131", "2012-09-30": "$2,100", "2012-06-30": "$2,131", "2012-03-31": "$2,125", "2011-12-31": "$2,105", "2011-09-30": "$2,043", "2011-06-30": "$1,966", "2011-03-31": "$1,886", "2010-12-31": "$1,873", "2010-09-30": "$1,843", "2010-06-30": "$1,846", "2010-03-31": "$1,854", "2009-12-31": "$1,813", "2009-09-30": "$1,824", "2009-06-30": "$1,836", "2009-03-31": "$1,869", "2008-12-31": "$1,791", "2008-09-30": "$1,671", "2008-06-30": "$1,299", "2008-03-31": "$1,064", "2007-12-31": "$1,070", "2007-09-30": "$1,052", "2007-06-30": "$1,019", "2007-03-31": "$966", "2006-12-31": "$945", "2006-09-30": "$910", "2006-06-30": "$712", "2006-03-31": "$676", "2005-12-31": "$600", "2005-09-30": "$502", "2005-06-30": "$516", "2005-03-31": "$463"}}, "profit-margins": {"current": "16.73%"}, "gross margin": {"2020-09-30": "55.78%", "2020-06-30": "59.70%", "2020-03-31": "63.76%", "2019-12-31": "68.44%", "2019-09-30": "72.25%", "2019-06-30": "70.50%", "2019-03-31": "67.40%", "2018-12-31": "65.75%", "2018-09-30": "60.74%", "2018-06-30": "62.50%", "2018-03-31": "66.03%", "2017-12-31": "66.04%", "2017-09-30": "64.86%", "2017-06-30": "64.09%", "2017-03-31": "59.67%", "2016-12-31": "52.64%", "2016-09-30": "50.89%", "2016-06-30": "50.04%", "2016-03-31": "52.47%", "2015-12-31": "57.18%", "2015-09-30": "65.70%", "2015-06-30": "70.02%", "2015-03-31": "73.73%", "2014-12-31": "75.89%", "2014-09-30": "75.56%", "2014-06-30": "76.09%", "2014-03-31": "76.58%", "2013-12-31": "77.03%", "2013-09-30": "77.29%", "2013-06-30": "77.38%", "2013-03-31": "76.49%", "2012-12-31": "75.93%", "2012-09-30": "75.61%", "2012-06-30": "75.94%", "2012-03-31": "77.09%", "2011-12-31": "77.04%", "2011-09-30": "78.27%", "2011-06-30": "78.79%", "2011-03-31": "78.71%", "2010-12-31": "79.70%", "2010-09-30": "79.03%", "2010-06-30": "79.89%", "2010-03-31": "80.80%", "2009-12-31": "80.40%", "2009-09-30": "80.52%", "2009-06-30": "79.69%", "2009-03-31": "79.27%", "2008-12-31": "79.70%", "2008-09-30": "79.63%", "2008-06-30": "79.26%", "2008-03-31": "78.84%", "2007-12-31": "78.31%", "2007-09-30": "77.78%", "2007-06-30": "78.07%", "2007-03-31": "78.65%", "2006-12-31": "79.16%", "2006-09-30": "79.41%", "2006-06-30": "79.32%", "2006-03-31": "79.05%", "2005-12-31": "78.18%"}, "operating margin": {"2020-09-30": "24.08%", "2020-06-30": "30.60%", "2020-03-31": "38.07%", "2019-12-31": "46.27%", "2019-09-30": "46.32%", "2019-06-30": "46.00%", "2019-03-31": "40.24%", "2018-12-31": "35.30%", "2018-09-30": "-0.43%", "2018-06-30": "-8.41%", "2018-03-31": "-9.60%", "2017-12-31": "-8.62%", "2017-09-30": "-9.29%", "2017-06-30": "-11.97%", "2017-03-31": "-22.93%", "2016-12-31": "-48.83%", "2016-09-30": "-24.73%", "2016-06-30": "-25.29%", "2016-03-31": "-19.68%", "2015-12-31": "-6.56%", "2015-09-30": "-24.91%", "2015-06-30": "-12.15%", "2015-03-31": "-0.05%", "2014-12-31": "4.88%", "2014-09-30": "37.37%", "2014-06-30": "35.86%", "2014-03-31": "35.00%", "2013-12-31": "31.62%", "2013-09-30": "30.08%", "2013-06-30": "29.13%", "2013-03-31": "26.57%", "2012-12-31": "25.48%", "2012-09-30": "27.20%", "2012-06-30": "27.06%", "2012-03-31": "30.49%", "2011-12-31": "31.33%", "2011-09-30": "36.40%", "2011-06-30": "33.15%", "2011-03-31": "28.30%", "2010-12-31": "30.97%", "2010-09-30": "22.32%", "2010-06-30": "28.85%", "2010-03-31": "28.91%", "2009-12-31": "31.58%", "2009-09-30": "34.85%", "2009-06-30": "37.77%", "2009-03-31": "40.21%", "2008-12-31": "39.32%", "2008-09-30": "39.10%", "2008-06-30": "35.49%", "2008-03-31": "35.74%", "2007-12-31": "37.52%", "2007-09-30": "36.57%", "2007-06-30": "70.21%", "2007-03-31": "69.86%", "2006-12-31": "69.33%", "2006-09-30": "70.34%", "2006-06-30": "41.36%", "2006-03-31": "41.38%", "2005-12-31": "37.92%"}, "ebitda margin": {"2020-09-30": "51.56%", "2020-06-30": "56.34%", "2020-03-31": "61.05%", "2019-12-31": "66.02%", "2019-09-30": "64.89%", "2019-06-30": "64.14%", "2019-03-31": "58.53%", "2018-12-31": "54.55%", "2018-09-30": "22.86%", "2018-06-30": "18.52%", "2018-03-31": "20.71%", "2017-12-31": "23.92%", "2017-09-30": "24.72%", "2017-06-30": "23.19%", "2017-03-31": "17.83%", "2016-12-31": "2.60%", "2016-09-30": "29.11%", "2016-06-30": "29.24%", "2016-03-31": "32.54%", "2015-12-31": "39.65%", "2015-09-30": "13.52%", "2015-06-30": "22.62%", "2015-03-31": "31.20%", "2014-12-31": "34.19%", "2014-09-30": "68.95%", "2014-06-30": "69.43%", "2014-03-31": "69.73%", "2013-12-31": "69.13%", "2013-09-30": "66.24%", "2013-06-30": "64.70%", "2013-03-31": "64.47%", "2012-12-31": "63.32%", "2012-09-30": "66.36%", "2012-06-30": "65.73%", "2012-03-31": "66.92%", "2011-12-31": "66.84%", "2011-09-30": "72.91%", "2011-06-30": "71.21%", "2011-03-31": "67.49%", "2010-12-31": "69.26%", "2010-09-30": "57.27%", "2010-06-30": "62.87%", "2010-03-31": "60.11%", "2009-12-31": "60.13%", "2009-09-30": "67.20%", "2009-06-30": "65.61%", "2009-03-31": "65.52%", "2008-12-31": "63.53%", "2008-09-30": "58.04%", "2008-06-30": "54.68%", "2008-03-31": "55.72%", "2007-12-31": "57.16%", "2007-09-30": "55.98%", "2007-06-30": "88.55%", "2007-03-31": "87.57%", "2006-12-31": "86.24%", "2006-09-30": "85.78%", "2006-06-30": "56.62%", "2006-03-31": "56.50%", "2005-12-31": "53.88%"}, "pre tax profit margin": {"2020-09-30": "20.14%", "2020-06-30": "26.99%", "2020-03-31": "34.86%", "2019-12-31": "43.56%", "2019-09-30": "43.86%", "2019-06-30": "43.66%", "2019-03-31": "37.48%", "2018-12-31": "31.96%", "2018-09-30": "-4.54%", "2018-06-30": "-12.97%", "2018-03-31": "-13.96%", "2017-12-31": "-12.93%", "2017-09-30": "-13.88%", "2017-06-30": "-17.21%", "2017-03-31": "-29.48%", "2016-12-31": "-57.06%", "2016-09-30": "-33.66%", "2016-06-30": "-34.53%", "2016-03-31": "-28.19%", "2015-12-31": "-13.78%", "2015-09-30": "-30.58%", "2015-06-30": "-16.78%", "2015-03-31": "-3.85%", "2014-12-31": "1.47%", "2014-09-30": "34.08%", "2014-06-30": "32.50%", "2014-03-31": "31.49%", "2013-12-31": "27.84%", "2013-09-30": "26.03%", "2013-06-30": "24.70%", "2013-03-31": "21.44%", "2012-12-31": "19.83%", "2012-09-30": "20.94%", "2012-06-30": "20.41%", "2012-03-31": "23.68%", "2011-12-31": "24.08%", "2011-09-30": "28.48%", "2011-06-30": "25.11%", "2011-03-31": "20.12%", "2010-12-31": "23.09%", "2010-09-30": "15.45%", "2010-06-30": "21.95%", "2010-03-31": "22.17%", "2009-12-31": "25.08%", "2009-09-30": "28.25%", "2009-06-30": "31.88%", "2009-03-31": "35.52%", "2008-12-31": "35.41%", "2008-09-30": "35.90%", "2008-06-30": "32.85%", "2008-03-31": "33.25%", "2007-12-31": "35.20%", "2007-09-30": "35.16%", "2007-06-30": "68.41%", "2007-03-31": "67.70%", "2006-12-31": "66.97%", "2006-09-30": "67.16%", "2006-06-30": "38.34%", "2006-03-31": "38.33%", "2005-12-31": "34.70%"}, "net profit margin": {"2020-09-30": "14.69%", "2020-06-30": "19.96%", "2020-03-31": "26.08%", "2019-12-31": "32.96%", "2019-09-30": "34.86%", "2019-06-30": "34.51%", "2019-03-31": "29.80%", "2018-12-31": "25.42%", "2018-09-30": "12.66%", "2018-06-30": "7.77%", "2018-03-31": "6.57%", "2017-12-31": "5.78%", "2017-09-30": "-8.76%", "2017-06-30": "-10.91%", "2017-03-31": "-18.69%", "2016-12-31": "-36.10%", "2016-09-30": "-20.98%", "2016-06-30": "-21.61%", "2016-03-31": "-17.55%", "2015-12-31": "-8.47%", "2015-09-30": "-13.34%", "2015-06-30": "-5.73%", "2015-03-31": "1.74%", "2014-12-31": "4.79%", "2014-09-30": "19.78%", "2014-06-30": "18.97%", "2014-03-31": "18.27%", "2013-12-31": "16.04%", "2013-09-30": "14.92%", "2013-06-30": "14.09%", "2013-03-31": "12.02%", "2012-12-31": "10.95%", "2012-09-30": "10.61%", "2012-06-30": "10.11%", "2012-03-31": "12.18%", "2011-12-31": "12.45%", "2011-09-30": "15.52%", "2011-06-30": "13.50%", "2011-03-31": "10.29%", "2010-12-31": "12.06%", "2010-09-30": "10.26%", "2010-06-30": "14.48%", "2010-03-31": "14.86%", "2009-12-31": "16.69%", "2009-09-30": "17.88%", "2009-06-30": "20.20%", "2009-03-31": "22.29%", "2008-12-31": "22.41%", "2008-09-30": "23.13%", "2008-06-30": "21.34%", "2008-03-31": "21.55%", "2007-12-31": "22.78%", "2007-09-30": "22.08%", "2007-06-30": "42.90%", "2007-03-31": "42.84%", "2006-12-31": "42.07%", "2006-09-30": "42.65%", "2006-06-30": "24.34%", "2006-03-31": "24.01%", "2005-12-31": "21.82%"}, "pe ratio": {"current": "36.58", "2021-02-05": "28.32", "2020-09-30": "27.69", "2020-06-30": "21.13", "2020-03-31": "14.63", "2019-12-31": "10.38", "2019-09-30": "8.89", "2019-06-30": "11.27", "2019-03-31": "15.43", "2018-12-31": "16.91", "2018-09-30": "40.72", "2018-06-30": "78.45", "2018-03-31": "91.45", "2017-12-31": "123.68", "2017-09-30": "0.00", "2017-06-30": "0.00", "2017-03-31": "0.00", "2016-12-31": "0.00", "2016-09-30": "0.00", "2016-06-30": "0.00", "2016-03-31": "0.00", "2015-12-31": "0.00", "2015-09-30": "0.00", "2015-06-30": "0.00", "2015-03-31": "346.77", "2014-12-31": "115.82", "2014-09-30": "31.62", "2014-06-30": "35.56", "2014-03-31": "38.25", "2013-12-31": "54.18", "2013-09-30": "60.75", "2013-06-30": "67.80", "2013-03-31": "70.26", "2012-12-31": "52.85", "2012-09-30": "51.17", "2012-06-30": "46.88", "2012-03-31": "41.28", "2011-12-31": "60.53", "2011-09-30": "41.84", "2011-06-30": "53.76", "2011-03-31": "58.75", "2010-12-31": "35.24", "2010-09-30": "31.83", "2010-06-30": "23.86", "2010-03-31": "27.12", "2009-12-31": "28.08", "2009-09-30": "21.95", "2009-06-30": "15.94", "2009-03-31": "10.49", "2008-12-31": "11.50", "2008-09-30": "15.89", "2008-06-30": "34.34", "2008-03-31": "27.59", "2007-12-31": "21.51", "2007-09-30": "19.80", "2007-06-30": "10.52", "2007-03-31": "9.45", "2006-12-31": "8.39"}, "price sales": {"2021-02-05": "4.84", "2020-09-30": "4.73", "2020-06-30": "4.30", "2020-03-31": "3.85", "2019-12-31": "3.45", "2019-09-30": "3.14", "2019-06-30": "3.97", "2019-03-31": "4.71", "2018-12-31": "4.42", "2018-09-30": "5.24", "2018-06-30": "6.12", "2018-03-31": "6.18", "2017-12-31": "7.19", "2017-09-30": "7.02", "2017-06-30": "6.88", "2017-03-31": "7.54", "2016-12-31": "8.68", "2016-09-30": "9.63", "2016-06-30": "9.34", "2016-03-31": "7.62", "2015-12-31": "5.08", "2015-09-30": "5.04", "2015-06-30": "6.49", "2015-03-31": "5.44", "2014-12-31": "5.35", "2014-09-30": "6.30", "2014-06-30": "6.85", "2014-03-31": "7.11", "2013-12-31": "8.79", "2013-09-30": "9.07", "2013-06-30": "9.43", "2013-03-31": "10.23", "2012-12-31": "8.15", "2012-09-30": "8.03", "2012-06-30": "7.27", "2012-03-31": "5.88", "2011-12-31": "7.62", "2011-09-30": "6.51", "2011-06-30": "7.26", "2011-03-31": "6.07", "2010-12-31": "4.29", "2010-09-30": "3.31", "2010-06-30": "3.51", "2010-03-31": "4.09", "2009-12-31": "4.74", "2009-09-30": "3.92", "2009-06-30": "3.21", "2009-03-31": "2.33", "2008-12-31": "2.57", "2008-09-30": "3.68", "2008-06-30": "7.39", "2008-03-31": "6.06", "2007-12-31": "4.98", "2007-09-30": "4.49", "2007-06-30": "4.61", "2007-03-31": "4.13", "2006-12-31": "3.61"}, "price book": {"current": "3.30", "2021-02-05": "3.30", "2020-09-30": "3.23", "2020-06-30": "3.11", "2020-03-31": "3.09", "2019-12-31": "3.13", "2019-09-30": "3.13", "2019-06-30": "3.96", "2019-03-31": "4.59", "2018-12-31": "4.35", "2018-09-30": "4.47", "2018-06-30": "4.66", "2018-03-31": "4.30", "2017-12-31": "4.97", "2017-09-30": "4.44", "2017-06-30": "4.16", "2017-03-31": "3.89", "2016-12-31": "4.00", "2016-09-30": "3.96", "2016-06-30": "3.92", "2016-03-31": "3.38", "2015-12-31": "3.43", "2015-09-30": "4.01", "2015-06-30": "5.72", "2015-03-31": "5.27", "2014-12-31": "5.36", "2014-09-30": "5.36", "2014-06-30": "5.56", "2014-03-31": "5.84", "2013-12-31": "6.86", "2013-09-30": "6.33", "2013-06-30": "6.11", "2013-03-31": "6.26", "2012-12-31": "4.58", "2012-09-30": "4.19", "2012-06-30": "3.62", "2012-03-31": "2.87", "2011-12-31": "3.51", "2011-09-30": "2.95", "2011-06-30": "3.28", "2011-03-31": "2.73", "2010-12-31": "1.96", "2010-09-30": "1.58", "2010-06-30": "1.64", "2010-03-31": "1.91", "2009-12-31": "2.31", "2009-09-30": "1.88", "2009-06-30": "1.60", "2009-03-31": "1.21", "2008-12-31": "1.39", "2008-09-30": "2.07", "2008-06-30": "4.98", "2008-03-31": "4.54", "2007-12-31": "3.39", "2007-09-30": "3.15", "2007-06-30": "3.23", "2007-03-31": "3.27", "2006-12-31": "2.84", "2006-09-30": "2.32", "2006-06-30": "3.05", "2006-03-31": "3.17"}, "price fcf": {"2021-02-05": "", "2020-09-30": "$0.20", "2020-06-30": "$0.45", "2020-03-31": "$0.80", "2019-12-31": "$1.58", "2019-09-30": "$1.50", "2019-06-30": "$1.37", "2019-03-31": "$1.25", "2018-12-31": "$1.99", "2018-09-30": "$2.02", "2018-06-30": "$2.02", "2018-03-31": "$2.06", "2017-12-31": "$0.53", "2017-09-30": "$0.38", "2017-06-30": "$0.36", "2017-03-31": "$0.23", "2016-12-31": "$0.16", "2016-09-30": "$0.20", "2016-06-30": "$0.10", "2016-03-31": "$-0.12", "2015-12-31": "$-0.48", "2015-09-30": "$-1.00", "2015-06-30": "$-0.90", "2015-03-31": "$-0.59", "2014-12-31": "$-0.49", "2014-09-30": "$0.47", "2014-06-30": "$0.36", "2014-03-31": "$0.28", "2013-12-31": "$0.36", "2013-09-30": "$-0.21", "2013-06-30": "$-0.36", "2013-03-31": "$-0.23", "2012-12-31": "$-0.25", "2012-09-30": "$0.34", "2012-06-30": "$0.37", "2012-03-31": "$0.16", "2011-12-31": "$0.03", "2011-09-30": "$-0.17", "2011-06-30": "$-0.15", "2011-03-31": "$-0.28", "2010-12-31": "$-0.31", "2010-09-30": "$-0.61", "2010-06-30": "$-0.43", "2010-03-31": "$-0.08", "2009-12-31": "$0.20", "2009-09-30": "$-0.03", "2009-06-30": "$-0.27", "2009-03-31": "$-0.54", "2008-12-31": "$-0.52", "2008-09-30": "$-0.33", "2008-06-30": "$-0.24", "2008-03-31": "$-0.28", "2007-12-31": "$-0.22", "2007-09-30": "$-0.49", "2007-06-30": "$0.40", "2007-03-31": "$0.51", "2006-12-31": "$0.57"}, "net worth": {"value": "$7B"}, "current ratio": {"current": "0.84", "2020-09-30": "0.84", "2020-06-30": "1.22", "2020-03-31": "1.40", "2019-12-31": "1.73", "2019-09-30": "1.43", "2019-06-30": "2.70", "2019-03-31": "2.83", "2018-12-31": "1.90", "2018-09-30": "1.69", "2018-06-30": "1.67", "2018-03-31": "2.42", "2017-12-31": "1.21", "2017-09-30": "1.64", "2017-06-30": "3.14", "2017-03-31": "3.34", "2016-12-31": "2.78", "2016-09-30": "3.33", "2016-06-30": "2.89", "2016-03-31": "3.62", "2015-12-31": "0.62", "2015-09-30": "0.81", "2015-06-30": "0.91", "2015-03-31": "0.87", "2014-12-31": "0.83", "2014-09-30": "1.36", "2014-06-30": "0.85", "2014-03-31": "0.86", "2013-12-31": "0.93", "2013-09-30": "0.73", "2013-06-30": "0.82", "2013-03-31": "0.53", "2012-12-31": "0.61", "2012-09-30": "0.54", "2012-06-30": "0.87", "2012-03-31": "1.06", "2011-12-31": "1.01", "2011-09-30": "1.07", "2011-06-30": "0.82", "2011-03-31": "0.67", "2010-12-31": "0.67", "2010-09-30": "0.73", "2010-06-30": "1.09", "2010-03-31": "1.11", "2009-12-31": "0.91", "2009-09-30": "1.36", "2009-06-30": "1.40", "2009-03-31": "1.46", "2008-12-31": "1.22", "2008-09-30": "1.35", "2008-06-30": "0.92", "2008-03-31": "0.85", "2007-12-31": "0.88", "2007-09-30": "0.89", "2007-06-30": "0.91", "2007-03-31": "1.01", "2006-12-31": "1.26", "2006-09-30": "1.79", "2006-06-30": "0.99", "2006-03-31": "0.92", "2005-12-31": "1.05", "2005-09-30": "0.75", "2005-06-30": "1.08", "2005-03-31": "0.98"}, "quick ratio": {"2020-09-30": "0.80", "2020-06-30": "1.17", "2020-03-31": "1.35", "2019-12-31": "1.69", "2019-09-30": "1.37", "2019-06-30": "2.62", "2019-03-31": "2.75", "2018-12-31": "1.86", "2018-09-30": "1.66", "2018-06-30": "1.64", "2018-03-31": "2.40", "2017-12-31": "1.20", "2017-09-30": "1.61", "2017-06-30": "3.09", "2017-03-31": "3.28", "2016-12-31": "2.73", "2016-09-30": "3.26", "2016-06-30": "2.82", "2016-03-31": "3.54", "2015-12-31": "0.54", "2015-09-30": "0.74", "2015-06-30": "0.84", "2015-03-31": "0.83", "2014-12-31": "0.80", "2014-09-30": "1.33", "2014-06-30": "0.81", "2014-03-31": "0.84", "2013-12-31": "0.89", "2013-09-30": "0.67", "2013-06-30": "0.78", "2013-03-31": "0.51", "2012-12-31": "0.58", "2012-09-30": "0.50", "2012-06-30": "0.83", "2012-03-31": "1.02", "2011-12-31": "0.95", "2011-09-30": "0.98", "2011-06-30": "0.74", "2011-03-31": "0.58", "2010-12-31": "0.57", "2010-09-30": "0.62", "2010-06-30": "0.99", "2010-03-31": "1.04", "2009-12-31": "0.82", "2009-09-30": "1.21", "2009-06-30": "1.29", "2009-03-31": "1.38", "2008-12-31": "1.10", "2008-09-30": "1.19", "2008-06-30": "0.88", "2008-03-31": "0.81", "2007-12-31": "0.77", "2007-09-30": "0.72", "2007-06-30": "0.81", "2007-03-31": "0.94", "2006-12-31": "1.13", "2006-09-30": "1.66", "2006-06-30": "0.85", "2006-03-31": "0.84", "2005-12-31": "0.94", "2005-09-30": "0.64", "2005-06-30": "0.95", "2005-03-31": "0.92"}, "debt equity ratio": {"current": "0.46", "2020-09-30": "1.09", "2020-06-30": "1.09", "2020-03-31": "1.09", "2019-12-31": "1.09", "2019-09-30": "1.01", "2019-06-30": "0.95", "2019-03-31": "0.93", "2018-12-31": "1.01", "2018-09-30": "1.00", "2018-06-30": "1.04", "2018-03-31": "0.89", "2017-12-31": "0.87", "2017-09-30": "0.94", "2017-06-30": "0.98", "2017-03-31": "0.94", "2016-12-31": "1.00", "2016-09-30": "0.93", "2016-06-30": "0.94", "2016-03-31": "0.94", "2015-12-31": "1.62", "2015-09-30": "1.59", "2015-06-30": "1.57", "2015-03-31": "1.53", "2014-12-31": "1.54", "2014-09-30": "1.45", "2014-06-30": "1.17", "2014-03-31": "1.27", "2013-12-31": "1.26", "2013-09-30": "1.16", "2013-06-30": "1.20", "2013-03-31": "1.21", "2012-12-31": "1.17", "2012-09-30": "1.13", "2012-06-30": "1.07", "2012-03-31": "1.07", "2011-12-31": "1.06", "2011-09-30": "1.19", "2011-06-30": "1.16", "2011-03-31": "1.15", "2010-12-31": "1.14", "2010-09-30": "1.14", "2010-06-30": "1.10", "2010-03-31": "1.06", "2009-12-31": "1.03", "2009-09-30": "0.97", "2009-06-30": "0.97", "2009-03-31": "1.01", "2008-12-31": "1.07", "2008-09-30": "1.12", "2008-06-30": "1.09", "2008-03-31": "1.19", "2007-12-31": "1.02", "2007-09-30": "0.98", "2007-06-30": "0.93", "2007-03-31": "0.91", "2006-12-31": "0.94", "2006-09-30": "1.18", "2006-06-30": "1.29", "2006-03-31": "1.23", "2005-12-31": "1.49", "2005-09-30": "1.82", "2005-06-30": "1.48", "2005-03-31": "1.70"}, "return on equity": {"2020-09-30": "10.04%", "2020-06-30": "14.76%", "2020-03-31": "21.27%", "2019-12-31": "30.16%", "2019-09-30": "36.08%", "2019-06-30": "38.02%", "2019-03-31": "32.44%", "2018-12-31": "25.44%", "2018-09-30": "10.33%", "2018-06-30": "5.47%", "2018-03-31": "4.42%", "2017-12-31": "3.88%", "2017-09-30": "-5.57%", "2017-06-30": "-6.49%", "2017-03-31": "-9.44%", "2016-12-31": "-14.82%", "2016-09-30": "-8.79%", "2016-06-30": "-9.69%", "2016-03-31": "-8.94%", "2015-12-31": "-5.44%", "2015-09-30": "-10.53%", "2015-06-30": "-4.94%", "2015-03-31": "1.63%", "2014-12-31": "4.53%", "2014-09-30": "17.49%", "2014-06-30": "16.21%", "2014-03-31": "15.14%", "2013-12-31": "12.52%", "2013-09-30": "10.96%", "2013-06-30": "9.72%", "2013-03-31": "7.40%", "2012-12-31": "6.22%", "2012-09-30": "5.53%", "2012-06-30": "5.14%", "2012-03-31": "6.17%", "2011-12-31": "6.10%", "2011-09-30": "7.47%", "2011-06-30": "6.40%", "2011-03-31": "4.73%", "2010-12-31": "5.61%", "2010-09-30": "4.95%", "2010-06-30": "6.87%", "2010-03-31": "7.10%", "2009-12-31": "8.12%", "2009-09-30": "8.58%", "2009-06-30": "10.33%", "2009-03-31": "12.91%", "2008-12-31": "14.56%", "2008-09-30": "16.46%", "2008-06-30": "15.88%", "2008-03-31": "15.60%", "2007-12-31": "16.26%", "2007-09-30": "15.77%", "2007-06-30": "32.40%", "2007-03-31": "35.89%", "2006-12-31": "39.59%", "2006-09-30": "48.03%", "2006-06-30": "31.00%", "2006-03-31": "31.56%", "2005-12-31": "28.64%"}, "return on assets": {"2020-09-30": "4.81%", "2020-06-30": "7.14%", "2020-03-31": "10.48%", "2019-12-31": "15.15%", "2019-09-30": "18.29%", "2019-06-30": "19.31%", "2019-03-31": "16.27%", "2018-12-31": "12.85%", "2018-09-30": "5.31%", "2018-06-30": "2.83%", "2018-03-31": "2.30%", "2017-12-31": "2.01%", "2017-09-30": "-2.84%", "2017-06-30": "-3.31%", "2017-03-31": "-4.84%", "2016-12-31": "-7.61%", "2016-09-30": "-4.26%", "2016-06-30": "-4.38%", "2016-03-31": "-3.75%", "2015-12-31": "-2.11%", "2015-09-30": "-4.12%", "2015-06-30": "-1.96%", "2015-03-31": "0.67%", "2014-12-31": "1.93%", "2014-09-30": "7.64%", "2014-06-30": "7.33%", "2014-03-31": "6.82%", "2013-12-31": "5.68%", "2013-09-30": "5.02%", "2013-06-30": "4.47%", "2013-03-31": "3.45%", "2012-12-31": "2.95%", "2012-09-30": "2.66%", "2012-06-30": "2.45%", "2012-03-31": "2.91%", "2011-12-31": "2.85%", "2011-09-30": "3.46%", "2011-06-30": "2.98%", "2011-03-31": "2.22%", "2010-12-31": "2.66%", "2010-09-30": "2.38%", "2010-06-30": "3.37%", "2010-03-31": "3.54%", "2009-12-31": "4.07%", "2009-09-30": "4.28%", "2009-06-30": "5.06%", "2009-03-31": "6.24%", "2008-12-31": "6.90%", "2008-09-30": "7.82%", "2008-06-30": "7.67%", "2008-03-31": "7.69%", "2007-12-31": "8.30%", "2007-09-30": "8.13%", "2007-06-30": "16.31%", "2007-03-31": "17.41%", "2006-12-31": "18.48%", "2006-09-30": "21.06%", "2006-06-30": "12.77%", "2006-03-31": "12.71%", "2005-12-31": "10.95%"}, "return on investments": {"2020-09-30": "11.06%", "2020-06-30": "15.07%", "2020-03-31": "20.55%", "2019-12-31": "27.84%", "2019-09-30": "31.24%", "2019-06-30": "32.66%", "2019-03-31": "28.01%", "2018-12-31": "22.66%", "2018-09-30": "-0.23%", "2018-06-30": "-3.93%", "2018-03-31": "-4.27%", "2017-12-31": "-3.79%", "2017-09-30": "-3.80%", "2017-06-30": "-4.55%", "2017-03-31": "-7.46%", "2016-12-31": "-12.97%", "2016-09-30": "-6.40%", "2016-06-30": "-6.61%", "2016-03-31": "-5.50%", "2015-12-31": "-2.18%", "2015-09-30": "-10.40%", "2015-06-30": "-5.75%", "2015-03-31": "-0.03%", "2014-12-31": "2.83%", "2014-09-30": "21.17%", "2014-06-30": "20.25%", "2014-03-31": "19.26%", "2013-12-31": "16.51%", "2013-09-30": "14.89%", "2013-06-30": "13.61%", "2013-03-31": "11.10%", "2012-12-31": "9.85%", "2012-09-30": "9.69%", "2012-06-30": "9.22%", "2012-03-31": "10.18%", "2011-12-31": "9.98%", "2011-09-30": "11.24%", "2011-06-30": "10.14%", "2011-03-31": "8.41%", "2010-12-31": "9.42%", "2010-09-30": "7.13%", "2010-06-30": "9.24%", "2010-03-31": "9.52%", "2009-12-31": "10.67%", "2009-09-30": "11.57%", "2009-06-30": "13.27%", "2009-03-31": "16.52%", "2008-12-31": "18.48%", "2008-09-30": "20.79%", "2008-06-30": "20.75%", "2008-03-31": "20.09%", "2007-12-31": "21.25%", "2007-09-30": "21.04%", "2007-06-30": "41.68%", "2007-03-31": "44.25%", "2006-12-31": "47.57%", "2006-09-30": "54.63%", "2006-06-30": "35.70%", "2006-03-31": "36.72%", "2005-12-31": "32.77%"}, "return on tangible equity": {"2020-09-30": "10.04%", "2020-06-30": "14.76%", "2020-03-31": "21.27%", "2019-12-31": "30.16%", "2019-09-30": "36.08%", "2019-06-30": "38.02%", "2019-03-31": "32.44%", "2018-12-31": "25.44%", "2018-09-30": "10.33%", "2018-06-30": "5.47%", "2018-03-31": "4.42%", "2017-12-31": "3.88%", "2017-09-30": "-5.57%", "2017-06-30": "-6.49%", "2017-03-31": "-9.44%", "2016-12-31": "-14.82%", "2016-09-30": "-8.79%", "2016-06-30": "-9.69%", "2016-03-31": "-8.94%", "2015-12-31": "-5.44%", "2015-09-30": "-10.53%", "2015-06-30": "-4.94%", "2015-03-31": "1.63%", "2014-12-31": "4.53%", "2014-09-30": "17.49%", "2014-06-30": "16.21%", "2014-03-31": "15.14%", "2013-12-31": "12.52%", "2013-09-30": "10.96%", "2013-06-30": "9.72%", "2013-03-31": "7.40%", "2012-12-31": "6.22%", "2012-09-30": "5.53%", "2012-06-30": "5.14%", "2012-03-31": "6.17%", "2011-12-31": "6.10%", "2011-09-30": "7.47%", "2011-06-30": "6.40%", "2011-03-31": "4.73%", "2010-12-31": "5.61%", "2010-09-30": "4.95%", "2010-06-30": "6.87%", "2010-03-31": "7.10%", "2009-12-31": "8.12%", "2009-09-30": "8.58%", "2009-06-30": "10.33%", "2009-03-31": "12.91%", "2008-12-31": "14.56%", "2008-09-30": "16.46%", "2008-06-30": "15.88%", "2008-03-31": "15.60%", "2007-12-31": "16.26%", "2007-09-30": "15.77%", "2007-06-30": "32.40%", "2007-03-31": "35.89%", "2006-12-31": "39.59%", "2006-09-30": "48.03%", "2006-06-30": "31.00%", "2006-03-31": "31.56%", "2005-12-31": "28.64%"}, "dividend yield history": {"last payout": "$0.40", "last yield": "2.28%"}}