{"ticker": "CBT", "price": {"title": "Cabot Historical Annual Stock Price Data", "value": 47.35, "historical": {"2021": {"Average Stock Price": "46.8671", "Year Open": "44.4000", "Year High": "49.6700", "Year Low": "43.8400", "Year Close": "47.3500", "Annual % Change": "5.50%"}, "2020": {"Average Stock Price": "37.7716", "Year Open": "47.1000", "Year High": "47.1000", "Year Low": "21.0800", "Year Close": "44.8800", "Annual % Change": "-5.56%"}, "2019": {"Average Stock Price": "44.8706", "Year Open": "43.4600", "Year High": "50.2300", "Year Low": "37.6900", "Year Close": "47.5200", "Annual % Change": "10.67%"}, "2018": {"Average Stock Price": "59.0743", "Year Open": "62.5400", "Year High": "68.4800", "Year Low": "40.0600", "Year Close": "42.9400", "Annual % Change": "-30.28%"}, "2017": {"Average Stock Price": "56.3054", "Year Open": "51.3700", "Year High": "64.2600", "Year Low": "50.7500", "Year Close": "61.5900", "Annual % Change": "21.86%"}, "2016": {"Average Stock Price": "47.6965", "Year Open": "40.3000", "Year High": "54.0500", "Year Low": "36.9100", "Year Close": "50.5400", "Annual % Change": "23.63%"}, "2015": {"Average Stock Price": "40.3252", "Year Open": "43.8000", "Year High": "47.8600", "Year Low": "30.9000", "Year Close": "40.8800", "Annual % Change": "-6.79%"}, "2014": {"Average Stock Price": "52.6572", "Year Open": "51.1800", "Year High": "60.3000", "Year Low": "39.6400", "Year Close": "43.8600", "Annual % Change": "-14.67%"}, "2013": {"Average Stock Price": "40.8403", "Year Open": "40.8700", "Year High": "51.4800", "Year Low": "32.4100", "Year Close": "51.4000", "Annual % Change": "29.18%"}, "2012": {"Average Stock Price": "38.4727", "Year Open": "33.2200", "Year High": "44.6600", "Year Low": "32.7300", "Year Close": "39.7900", "Annual % Change": "23.80%"}, "2011": {"Average Stock Price": "37.5590", "Year Open": "39.1200", "Year High": "47.8300", "Year Low": "23.2700", "Year Close": "32.1400", "Annual % Change": "-14.63%"}, "2010": {"Average Stock Price": "30.7602", "Year Open": "27.4700", "Year High": "38.7200", "Year Low": "23.2900", "Year Close": "37.6500", "Annual % Change": "43.54%"}, "2009": {"Average Stock Price": "17.3588", "Year Open": "15.6600", "Year High": "27.4000", "Year Low": "8.0400", "Year Close": "26.2300", "Annual % Change": "71.44%"}, "2008": {"Average Stock Price": "27.0090", "Year Open": "32.2000", "Year High": "33.5000", "Year Low": "13.8000", "Year Close": "15.3000", "Annual % Change": "-54.11%"}, "2007": {"Average Stock Price": "42.2104", "Year Open": "44.2100", "Year High": "49.7700", "Year Low": "30.7200", "Year Close": "33.3400", "Annual % Change": "-23.48%"}, "2006": {"Average Stock Price": "36.2676", "Year Open": "37.1300", "Year High": "43.5700", "Year Low": "30.7800", "Year Close": "43.5700", "Annual % Change": "21.70%"}, "2005": {"Average Stock Price": "33.1702", "Year Open": "38.2700", "Year High": "38.2700", "Year Low": "27.8700", "Year Close": "35.8000", "Annual % Change": "-7.45%"}, "2004": {"Average Stock Price": "35.7432", "Year Open": "31.6500", "Year High": "40.7000", "Year Low": "30.3200", "Year Close": "38.6800", "Annual % Change": "21.48%"}, "2003": {"Average Stock Price": "27.2774", "Year Open": "26.8000", "Year High": "32.3500", "Year Low": "21.0100", "Year Close": "31.8400", "Annual % Change": "19.97%"}, "2002": {"Average Stock Price": "27.7724", "Year Open": "35.0500", "Year High": "37.0400", "Year Low": "19.5300", "Year Close": "26.5400", "Annual % Change": "-25.66%"}, "2001": {"Average Stock Price": "35.3190", "Year Open": "25.1300", "Year High": "41.8700", "Year Low": "25.1300", "Year Close": "35.7000", "Annual % Change": "35.33%"}, "2000": {"Average Stock Price": "26.9355", "Year Open": "19.9400", "Year High": "38.2800", "Year Low": "18.5600", "Year Close": "26.3800", "Annual % Change": "29.44%"}, "1999": {"Average Stock Price": "23.3420", "Year Open": "29.2500", "Year High": "29.5600", "Year Low": "18.3800", "Year Close": "20.3800", "Annual % Change": "-27.06%"}, "1998": {"Average Stock Price": "30.3979", "Year Open": "27.0600", "Year High": "38.8800", "Year Low": "21.7500", "Year Close": "27.9400", "Annual % Change": "1.12%"}, "1997": {"Average Stock Price": "25.7043", "Year Open": "24.8800", "Year High": "29.1300", "Year Low": "21.8800", "Year Close": "27.6300", "Annual % Change": "9.99%"}, "1996": {"Average Stock Price": "27.3696", "Year Open": "27.1900", "Year High": "31.3750", "Year Low": "22.8750", "Year Close": "25.1200", "Annual % Change": "-6.76%"}, "1995": {"Average Stock Price": "22.1964", "Year Open": "14.0650", "Year High": "28.9400", "Year Low": "14.0650", "Year Close": "26.9400", "Annual % Change": "89.85%"}, "1994": {"Average Stock Price": "13.2963", "Year Open": "13.4050", "Year High": "14.3750", "Year Low": "12.2200", "Year Close": "14.1900", "Annual % Change": "5.35%"}, "1993": {"Average Stock Price": "11.9810", "Year Open": "10.7500", "Year High": "14.5950", "Year Low": "9.3125", "Year Close": "13.4700", "Annual % Change": "24.20%"}, "1992": {"Average Stock Price": "11.1422", "Year Open": "8.1250", "Year High": "13.0625", "Year Low": "8.1250", "Year Close": "10.8450", "Annual % Change": "29.96%"}, "1991": {"Average Stock Price": "7.8358", "Year Open": "7.1550", "Year High": "8.9050", "Year Low": "6.7500", "Year Close": "8.3450", "Annual % Change": "16.10%"}, "1990": {"Average Stock Price": "7.7103", "Year Open": "9.1875", "Year High": "9.2800", "Year Low": "5.8125", "Year Close": "7.1875", "Annual % Change": "-20.97%"}, "1989": {"Average Stock Price": "9.9296", "Year Open": "9.4375", "Year High": "11.2500", "Year Low": "8.2500", "Year Close": "9.0950", "Annual % Change": "-4.26%"}, "1988": {"Average Stock Price": "9.1294", "Year Open": "8.2200", "Year High": "10.1875", "Year Low": "7.2800", "Year Close": "9.5000", "Annual % Change": "16.49%"}, "1987": {"Average Stock Price": "8.8904", "Year Open": "7.5000", "Year High": "12.0950", "Year Low": "6.3750", "Year Close": "8.1550", "Annual % Change": "8.73%"}, "1986": {"Average Stock Price": "7.2513", "Year Open": "6.4050", "Year High": "8.6250", "Year Low": "5.9050", "Year Close": "7.5000", "Annual % Change": "17.65%"}, "1985": {"Average Stock Price": "6.6830", "Year Open": "6.6875", "Year High": "8.4050", "Year Low": "5.1250", "Year Close": "6.3750", "Annual % Change": "-4.21%"}, "1984": {"Average Stock Price": "6.4472", "Year Open": "6.2800", "Year High": "7.1250", "Year Low": "5.6550", "Year Close": "6.6550", "Annual % Change": "6.48%"}, "1983": {"Average Stock Price": "6.7764", "Year Open": "5.2200", "Year High": "7.6250", "Year Low": "5.2200", "Year Close": "6.2500", "Annual % Change": "19.73%"}, "1982": {"Average Stock Price": "5.1600", "Year Open": "6.2200", "Year High": "6.2500", "Year Low": "4.0300", "Year Close": "5.2200", "Annual % Change": "-16.08%"}, "1981": {"Average Stock Price": "7.2376", "Year Open": "7.5950", "Year High": "8.6875", "Year Low": "6.1250", "Year Close": "6.2200", "Annual % Change": "-18.43%"}}}, "market cap": {"value": "$2.68B"}, "income statement": {"Revenue": {"2020-09-30": "2614.00000", "2019-09-30": "3337.00000", "2018-09-30": "3242.00000", "2017-09-30": "2717.00000", "2016-09-30": "2411.00000", "2015-09-30": "2871.00000", "2014-09-30": "3647.00000", "2013-09-30": "3456.00000", "2012-09-30": "3291.00000", "2011-09-30": "3102.00000", "2010-09-30": "2716.00000", "2009-09-30": "2108.00000", "2008-09-30": "3191.00000", "2007-09-30": "2616.00000", "2006-09-30": "2543.00000", "2005-09-30": "2125.00000"}, "Cost Of Goods Sold": {"2020-09-30": "2114.00000", "2019-09-30": "2652.00000", "2018-09-30": "2470.00000", "2017-09-30": "2060.00000", "2016-09-30": "1836.00000", "2015-09-30": "2286.00000", "2014-09-30": "2926.00000", "2013-09-30": "2823.00000", "2012-09-30": "2647.00000", "2011-09-30": "2544.00000", "2010-09-30": "2206.00000", "2009-09-30": "1891.00000", "2008-09-30": "2707.00000", "2007-09-30": "2111.00000", "2006-09-30": "2124.00000", "2005-09-30": "1692.00000"}, "Gross Profit": {"2020-09-30": "500.00000", "2019-09-30": "685.00000", "2018-09-30": "772.00000", "2017-09-30": "657.00000", "2016-09-30": "575.00000", "2015-09-30": "585.00000", "2014-09-30": "721.00000", "2013-09-30": "633.00000", "2012-09-30": "644.00000", "2011-09-30": "558.00000", "2010-09-30": "510.00000", "2009-09-30": "217.00000", "2008-09-30": "484.00000", "2007-09-30": "505.00000", "2006-09-30": "419.00000", "2005-09-30": "433.00000"}, "Research And Development Expenses": {"2020-09-30": "57.00000", "2019-09-30": "60.00000", "2018-09-30": "66.00000", "2017-09-30": "57.00000", "2016-09-30": "53.00000", "2015-09-30": "58.00000", "2014-09-30": "60.00000", "2013-09-30": "68.00000", "2012-09-30": "72.00000", "2011-09-30": "66.00000", "2010-09-30": "65.00000", "2009-09-30": "66.00000", "2008-09-30": "74.00000", "2007-09-30": "69.00000", "2006-09-30": "58.00000", "2005-09-30": "59.00000"}, "SG&A Expenses": {"2020-09-30": "292.00000", "2019-09-30": "290.00000", "2018-09-30": "308.00000", "2017-09-30": "262.00000", "2016-09-30": "275.00000", "2015-09-30": "282.00000", "2014-09-30": "326.00000", "2013-09-30": "297.00000", "2012-09-30": "281.00000", "2011-09-30": "249.00000", "2010-09-30": "241.00000", "2009-09-30": "205.00000", "2008-09-30": "246.00000", "2007-09-30": "249.00000", "2006-09-30": "235.00000", "2005-09-30": "240.00000"}, "Other Operating Income Or Expenses": {"2020-09-30": "-130.00000", "2019-09-30": "-29.00000", "2018-09-30": "-254.00000", "2017-09-30": "", "2016-09-30": "", "2015-09-30": "-562.00000", "2014-09-30": "", "2013-09-30": "0.00000", "2012-09-30": "", "2011-09-30": "", "2010-09-30": "", "2009-09-30": "", "2008-09-30": "", "2007-09-30": "", "2006-09-30": "", "2005-09-30": ""}, "Operating Expenses": {"2020-09-30": "2593.00000", "2019-09-30": "3031.00000", "2018-09-30": "3098.00000", "2017-09-30": "2379.00000", "2016-09-30": "2164.00000", "2015-09-30": "3188.00000", "2014-09-30": "3312.00000", "2013-09-30": "3188.00000", "2012-09-30": "3000.00000", "2011-09-30": "2859.00000", "2010-09-30": "2512.00000", "2009-09-30": "2162.00000", "2008-09-30": "3027.00000", "2007-09-30": "2429.00000", "2006-09-30": "2417.00000", "2005-09-30": "1991.00000"}, "Operating Income": {"2020-09-30": "21.00000", "2019-09-30": "306.00000", "2018-09-30": "144.00000", "2017-09-30": "338.00000", "2016-09-30": "247.00000", "2015-09-30": "-317.00000", "2014-09-30": "335.00000", "2013-09-30": "268.00000", "2012-09-30": "291.00000", "2011-09-30": "243.00000", "2010-09-30": "204.00000", "2009-09-30": "-54.00000", "2008-09-30": "164.00000", "2007-09-30": "187.00000", "2006-09-30": "126.00000", "2005-09-30": "134.00000"}, "Total Non-Operating Income/Expense": {"2020-09-30": "-54.00000", "2019-09-30": "-51.00000", "2018-09-30": "-27.00000", "2017-09-30": "-39.00000", "2016-09-30": "-56.00000", "2015-09-30": "-60.00000", "2014-09-30": "-27.00000", "2013-09-30": "-58.00000", "2012-09-30": "-45.00000", "2011-09-30": "-40.00000", "2010-09-30": "-38.00000", "2009-09-30": "-45.00000", "2008-09-30": "-52.00000", "2007-09-30": "-19.00000", "2006-09-30": "-29.00000", "2005-09-30": "-227.00000"}, "Pre-Tax Income": {"2020-09-30": "-33.00000", "2019-09-30": "255.00000", "2018-09-30": "117.00000", "2017-09-30": "299.00000", "2016-09-30": "191.00000", "2015-09-30": "-377.00000", "2014-09-30": "308.00000", "2013-09-30": "210.00000", "2012-09-30": "246.00000", "2011-09-30": "203.00000", "2010-09-30": "166.00000", "2009-09-30": "-99.00000", "2008-09-30": "112.00000", "2007-09-30": "168.00000", "2006-09-30": "97.00000", "2005-09-30": "-93.00000"}, "Income Taxes": {"2020-09-30": "191.00000", "2019-09-30": "70.00000", "2018-09-30": "193.00000", "2017-09-30": "33.00000", "2016-09-30": "33.00000", "2015-09-30": "-45.00000", "2014-09-30": "92.00000", "2013-09-30": "60.00000", "2012-09-30": "55.00000", "2011-09-30": "6.00000", "2010-09-30": "30.00000", "2009-09-30": "-21.00000", "2008-09-30": "14.00000", "2007-09-30": "38.00000", "2006-09-30": "9.00000", "2005-09-30": "-45.00000"}, "Income After Taxes": {"2020-09-30": "-224.00000", "2019-09-30": "185.00000", "2018-09-30": "-76.00000", "2017-09-30": "266.00000", "2016-09-30": "158.00000", "2015-09-30": "-332.00000", "2014-09-30": "216.00000", "2013-09-30": "150.00000", "2012-09-30": "191.00000", "2011-09-30": "197.00000", "2010-09-30": "136.00000", "2009-09-30": "-78.00000", "2008-09-30": "98.00000", "2007-09-30": "130.00000", "2006-09-30": "88.00000", "2005-09-30": "-48.00000"}, "Other Income": {"2020-09-30": "", "2019-09-30": "", "2018-09-30": "", "2017-09-30": "", "2016-09-30": "", "2015-09-30": "", "2014-09-30": "", "2013-09-30": "", "2012-09-30": "", "2011-09-30": "", "2010-09-30": "", "2009-09-30": "", "2008-09-30": "", "2007-09-30": "", "2006-09-30": "", "2005-09-30": ""}, "Income From Continuous Operations": {"2020-09-30": "-221.00000", "2019-09-30": "186.00000", "2018-09-30": "-74.00000", "2017-09-30": "273.00000", "2016-09-30": "161.00000", "2015-09-30": "-328.00000", "2014-09-30": "216.00000", "2013-09-30": "161.00000", "2012-09-30": "202.00000", "2011-09-30": "205.00000", "2010-09-30": "143.00000", "2009-09-30": "-73.00000", "2008-09-30": "106.00000", "2007-09-30": "127.00000", "2006-09-30": "88.00000", "2005-09-30": "-48.00000"}, "Income From Discontinued Operations": {"2020-09-30": "", "2019-09-30": "", "2018-09-30": "", "2017-09-30": "", "2016-09-30": "1.00000", "2015-09-30": "2.00000", "2014-09-30": "2.00000", "2013-09-30": "-1.00000", "2012-09-30": "204.00000", "2011-09-30": "53.00000", "2010-09-30": "26.00000", "2009-09-30": "-2.00000", "2008-09-30": "", "2007-09-30": "2.00000", "2006-09-30": "2.00000", "2005-09-30": ""}, "Net Income": {"2020-09-30": "-238.00000", "2019-09-30": "155.00000", "2018-09-30": "-114.00000", "2017-09-30": "248.00000", "2016-09-30": "146.00000", "2015-09-30": "-334.00000", "2014-09-30": "199.00000", "2013-09-30": "152.00000", "2012-09-30": "385.00000", "2011-09-30": "233.00000", "2010-09-30": "151.00000", "2009-09-30": "-77.00000", "2008-09-30": "86.00000", "2007-09-30": "128.00000", "2006-09-30": "86.00000", "2005-09-30": "-51.00000"}, "EBITDA": {"2020-09-30": "179.00000", "2019-09-30": "454.00000", "2018-09-30": "385.00000", "2017-09-30": "493.00000", "2016-09-30": "408.00000", "2015-09-30": "218.00000", "2014-09-30": "536.00000", "2013-09-30": "458.00000", "2012-09-30": "445.00000", "2011-09-30": "385.00000", "2010-09-30": "347.00000", "2009-09-30": "115.00000", "2008-09-30": "327.00000", "2007-09-30": "336.00000", "2006-09-30": "257.00000", "2005-09-30": "276.00000"}, "EBIT": {"2020-09-30": "21.00000", "2019-09-30": "306.00000", "2018-09-30": "144.00000", "2017-09-30": "338.00000", "2016-09-30": "247.00000", "2015-09-30": "-317.00000", "2014-09-30": "335.00000", "2013-09-30": "268.00000", "2012-09-30": "291.00000", "2011-09-30": "243.00000", "2010-09-30": "204.00000", "2009-09-30": "-54.00000", "2008-09-30": "164.00000", "2007-09-30": "187.00000", "2006-09-30": "126.00000", "2005-09-30": "134.00000"}, "Basic Shares Outstanding": {"2020-09-30": "56.60000", "2019-09-30": "58.70000", "2018-09-30": "61.70000", "2017-09-30": "62.30000", "2016-09-30": "62.40000", "2015-09-30": "63.40000", "2014-09-30": "64.40000", "2013-09-30": "63.80000", "2012-09-30": "63.40000", "2011-09-30": "64.60000", "2010-09-30": "63.80000", "2009-09-30": "62.80000", "2008-09-30": "63.00000", "2007-09-30": "62.00000", "2006-09-30": "60.00000", "2005-09-30": "60.00000"}, "Shares Outstanding": {"2020-09-30": "56.60000", "2019-09-30": "58.80000", "2018-09-30": "61.70000", "2017-09-30": "62.70000", "2016-09-30": "62.90000", "2015-09-30": "63.40000", "2014-09-30": "65.10000", "2013-09-30": "64.50000", "2012-09-30": "64.20000", "2011-09-30": "65.40000", "2010-09-30": "64.30000", "2009-09-30": "62.80000", "2008-09-30": "63.00000", "2007-09-30": "68.00000", "2006-09-30": "68.00000", "2005-09-30": "60.00000"}, "Basic EPS": {"2020-09-30": "-4.21000", "2019-09-30": "2.64000", "2018-09-30": "-1.85000", "2017-09-30": "3.94000", "2016-09-30": "2.34000", "2015-09-30": "-5.27000", "2014-09-30": "3.06000", "2013-09-30": "2.38000", "2012-09-30": "6.07000", "2011-09-30": "3.62000", "2010-09-30": "2.37000", "2009-09-30": "-1.25000", "2008-09-30": "1.32000", "2007-09-30": "2.06000", "2006-09-30": "1.42000", "2005-09-30": "-0.84000"}, "EPS - Earnings Per Share": {"2020-09-30": "-4.21000", "2019-09-30": "2.63000", "2018-09-30": "-1.85000", "2017-09-30": "3.91000", "2016-09-30": "2.32000", "2015-09-30": "-5.27000", "2014-09-30": "3.03000", "2013-09-30": "2.36000", "2012-09-30": "5.99000", "2011-09-30": "3.57000", "2010-09-30": "2.35000", "2009-09-30": "-1.25000", "2008-09-30": "1.32000", "2007-09-30": "1.90000", "2006-09-30": "1.28000", "2005-09-30": "-0.84000"}}, "income statement, quarterly": {"Revenue": {"2020-12-31": "746.00000", "2020-09-30": "659.00000", "2020-06-30": "518.00000", "2020-03-31": "710.00000", "2019-12-31": "727.00000", "2019-09-30": "827.00000", "2019-06-30": "845.00000", "2019-03-31": "844.00000", "2018-12-31": "821.00000", "2018-09-30": "850.00000", "2018-06-30": "854.00000", "2018-03-31": "818.00000", "2017-12-31": "720.00000", "2017-09-30": "723.00000", "2017-06-30": "705.00000", "2017-03-31": "678.00000", "2016-12-31": "611.00000", "2016-09-30": "619.00000", "2016-06-30": "621.00000", "2016-03-31": "568.00000", "2015-12-31": "603.00000", "2015-09-30": "671.00000", "2015-06-30": "694.00000", "2015-03-31": "694.00000", "2014-12-31": "812.00000", "2014-09-30": "911.00000", "2014-06-30": "940.00000", "2014-03-31": "898.00000", "2013-12-31": "898.00000", "2013-09-30": "895.00000", "2013-06-30": "901.00000", "2013-03-31": "840.00000", "2012-12-31": "820.00000", "2012-09-30": "839.00000", "2012-06-30": "846.00000", "2012-03-31": "844.00000", "2011-12-31": "762.00000", "2011-09-30": "833.00000", "2011-06-30": "836.00000", "2011-03-31": "739.00000", "2010-12-31": "694.00000", "2010-09-30": "572.00000", "2010-06-30": "753.00000", "2010-03-31": "712.00000", "2009-12-31": "679.00000", "2009-09-30": "475.00000", "2009-06-30": "511.00000", "2009-03-31": "470.00000", "2008-12-31": "652.00000", "2008-09-30": "854.00000", "2008-06-30": "840.00000", "2008-03-31": "786.00000", "2007-12-31": "711.00000", "2007-09-30": "675.00000", "2007-06-30": "649.00000", "2007-03-31": "637.00000", "2006-12-31": "655.00000", "2006-09-30": "663.00000", "2006-06-30": "666.00000", "2006-03-31": "627.00000", "2005-12-31": "587.00000", "2005-09-30": "558.00000", "2005-06-30": "545.00000", "2005-03-31": "527.00000"}, "Cost Of Goods Sold": {"2020-12-31": "553.00000", "2020-09-30": "522.00000", "2020-06-30": "449.00000", "2020-03-31": "557.00000", "2019-12-31": "586.00000", "2019-09-30": "656.00000", "2019-06-30": "675.00000", "2019-03-31": "666.00000", "2018-12-31": "655.00000", "2018-09-30": "639.00000", "2018-06-30": "657.00000", "2018-03-31": "630.00000", "2017-12-31": "544.00000", "2017-09-30": "555.00000", "2017-06-30": "544.00000", "2017-03-31": "509.00000", "2016-12-31": "452.00000", "2016-09-30": "453.00000", "2016-06-30": "461.00000", "2016-03-31": "418.00000", "2015-12-31": "504.00000", "2015-09-30": "532.00000", "2015-06-30": "544.00000", "2015-03-31": "555.00000", "2014-12-31": "655.00000", "2014-09-30": "729.00000", "2014-06-30": "756.00000", "2014-03-31": "722.00000", "2013-12-31": "719.00000", "2013-09-30": "728.00000", "2013-06-30": "725.00000", "2013-03-31": "697.00000", "2012-12-31": "673.00000", "2012-09-30": "686.00000", "2012-06-30": "671.00000", "2012-03-31": "671.00000", "2011-12-31": "619.00000", "2011-09-30": "692.00000", "2011-06-30": "684.00000", "2011-03-31": "605.00000", "2010-12-31": "563.00000", "2010-09-30": "492.00000", "2010-06-30": "599.00000", "2010-03-31": "572.00000", "2009-12-31": "543.00000", "2009-09-30": "413.00000", "2009-06-30": "443.00000", "2009-03-31": "475.00000", "2008-12-31": "560.00000", "2008-09-30": "742.00000", "2008-06-30": "703.00000", "2008-03-31": "668.00000", "2007-12-31": "594.00000", "2007-09-30": "563.00000", "2007-06-30": "543.00000", "2007-03-31": "499.00000", "2006-12-31": "506.00000", "2006-09-30": "550.00000", "2006-06-30": "551.00000", "2006-03-31": "542.00000", "2005-12-31": "481.00000", "2005-09-30": "490.00000", "2005-06-30": "427.00000", "2005-03-31": "397.00000"}, "Gross Profit": {"2020-12-31": "193.00000", "2020-09-30": "137.00000", "2020-06-30": "69.00000", "2020-03-31": "153.00000", "2019-12-31": "141.00000", "2019-09-30": "171.00000", "2019-06-30": "170.00000", "2019-03-31": "178.00000", "2018-12-31": "166.00000", "2018-09-30": "211.00000", "2018-06-30": "197.00000", "2018-03-31": "188.00000", "2017-12-31": "176.00000", "2017-09-30": "168.00000", "2017-06-30": "161.00000", "2017-03-31": "169.00000", "2016-12-31": "159.00000", "2016-09-30": "166.00000", "2016-06-30": "160.00000", "2016-03-31": "150.00000", "2015-12-31": "99.00000", "2015-09-30": "139.00000", "2015-06-30": "150.00000", "2015-03-31": "139.00000", "2014-12-31": "157.00000", "2014-09-30": "182.00000", "2014-06-30": "184.00000", "2014-03-31": "176.00000", "2013-12-31": "179.00000", "2013-09-30": "167.00000", "2013-06-30": "176.00000", "2013-03-31": "143.00000", "2012-12-31": "147.00000", "2012-09-30": "153.00000", "2012-06-30": "175.00000", "2012-03-31": "173.00000", "2011-12-31": "143.00000", "2011-09-30": "141.00000", "2011-06-30": "152.00000", "2011-03-31": "134.00000", "2010-12-31": "131.00000", "2010-09-30": "80.00000", "2010-06-30": "154.00000", "2010-03-31": "140.00000", "2009-12-31": "136.00000", "2009-09-30": "62.00000", "2009-06-30": "68.00000", "2009-03-31": "-5.00000", "2008-12-31": "92.00000", "2008-09-30": "112.00000", "2008-06-30": "137.00000", "2008-03-31": "118.00000", "2007-12-31": "117.00000", "2007-09-30": "112.00000", "2007-06-30": "106.00000", "2007-03-31": "138.00000", "2006-12-31": "149.00000", "2006-09-30": "113.00000", "2006-06-30": "115.00000", "2006-03-31": "85.00000", "2005-12-31": "106.00000", "2005-09-30": "68.00000", "2005-06-30": "118.00000", "2005-03-31": "130.00000"}, "Research And Development Expenses": {"2020-12-31": "14.00000", "2020-09-30": "16.00000", "2020-06-30": "13.00000", "2020-03-31": "14.00000", "2019-12-31": "14.00000", "2019-09-30": "13.00000", "2019-06-30": "16.00000", "2019-03-31": "15.00000", "2018-12-31": "16.00000", "2018-09-30": "18.00000", "2018-06-30": "17.00000", "2018-03-31": "16.00000", "2017-12-31": "15.00000", "2017-09-30": "17.00000", "2017-06-30": "14.00000", "2017-03-31": "14.00000", "2016-12-31": "12.00000", "2016-09-30": "13.00000", "2016-06-30": "13.00000", "2016-03-31": "11.00000", "2015-12-31": "16.00000", "2015-09-30": "14.00000", "2015-06-30": "15.00000", "2015-03-31": "14.00000", "2014-12-31": "15.00000", "2014-09-30": "14.00000", "2014-06-30": "15.00000", "2014-03-31": "16.00000", "2013-12-31": "15.00000", "2013-09-30": "16.00000", "2013-06-30": "17.00000", "2013-03-31": "16.00000", "2012-12-31": "19.00000", "2012-09-30": "18.00000", "2012-06-30": "17.00000", "2012-03-31": "20.00000", "2011-12-31": "17.00000", "2011-09-30": "17.00000", "2011-06-30": "16.00000", "2011-03-31": "18.00000", "2010-12-31": "15.00000", "2010-09-30": "12.00000", "2010-06-30": "16.00000", "2010-03-31": "19.00000", "2009-12-31": "18.00000", "2009-09-30": "13.00000", "2009-06-30": "16.00000", "2009-03-31": "19.00000", "2008-12-31": "18.00000", "2008-09-30": "18.00000", "2008-06-30": "20.00000", "2008-03-31": "19.00000", "2007-12-31": "17.00000", "2007-09-30": "20.00000", "2007-06-30": "17.00000", "2007-03-31": "17.00000", "2006-12-31": "15.00000", "2006-09-30": "17.00000", "2006-06-30": "14.00000", "2006-03-31": "14.00000", "2005-12-31": "13.00000", "2005-09-30": "15.00000", "2005-06-30": "14.00000", "2005-03-31": "15.00000"}, "SG&A Expenses": {"2020-12-31": "61.00000", "2020-09-30": "62.00000", "2020-06-30": "52.00000", "2020-03-31": "114.00000", "2019-12-31": "64.00000", "2019-09-30": "82.00000", "2019-06-30": "65.00000", "2019-03-31": "70.00000", "2018-12-31": "73.00000", "2018-09-30": "85.00000", "2018-06-30": "74.00000", "2018-03-31": "79.00000", "2017-12-31": "70.00000", "2017-09-30": "71.00000", "2017-06-30": "63.00000", "2017-03-31": "65.00000", "2016-12-31": "63.00000", "2016-09-30": "78.00000", "2016-06-30": "64.00000", "2016-03-31": "62.00000", "2015-12-31": "71.00000", "2015-09-30": "66.00000", "2015-06-30": "67.00000", "2015-03-31": "71.00000", "2014-12-31": "78.00000", "2014-09-30": "81.00000", "2014-06-30": "76.00000", "2014-03-31": "92.00000", "2013-12-31": "77.00000", "2013-09-30": "75.00000", "2013-06-30": "72.00000", "2013-03-31": "77.00000", "2012-12-31": "73.00000", "2012-09-30": "82.00000", "2012-06-30": "68.00000", "2012-03-31": "66.00000", "2011-12-31": "65.00000", "2011-09-30": "63.00000", "2011-06-30": "61.00000", "2011-03-31": "62.00000", "2010-12-31": "63.00000", "2010-09-30": "52.00000", "2010-06-30": "61.00000", "2010-03-31": "61.00000", "2009-12-31": "67.00000", "2009-09-30": "45.00000", "2009-06-30": "50.00000", "2009-03-31": "54.00000", "2008-12-31": "56.00000", "2008-09-30": "57.00000", "2008-06-30": "67.00000", "2008-03-31": "66.00000", "2007-12-31": "56.00000", "2007-09-30": "66.00000", "2007-06-30": "56.00000", "2007-03-31": "73.00000", "2006-12-31": "54.00000", "2006-09-30": "59.00000", "2006-06-30": "59.00000", "2006-03-31": "59.00000", "2005-12-31": "58.00000", "2005-09-30": "67.00000", "2005-06-30": "63.00000", "2005-03-31": "56.00000"}, "Other Operating Income Or Expenses": {"2020-12-31": "", "2020-09-30": "-129.00000", "2020-06-30": "", "2020-03-31": "-1.00000", "2019-12-31": "", "2019-09-30": "-1.00000", "2019-06-30": "-8.00000", "2019-03-31": "-20.00000", "2018-12-31": "", "2018-09-30": "", "2018-06-30": "", "2018-03-31": "-254.00000", "2017-12-31": "", "2017-09-30": "", "2017-06-30": "", "2017-03-31": "", "2016-12-31": "", "2016-09-30": "", "2016-06-30": "", "2016-03-31": "", "2015-12-31": "", "2015-09-30": "", "2015-06-30": "-562.00000", "2015-03-31": "", "2014-12-31": "", "2014-09-30": "", "2014-06-30": "", "2014-03-31": "", "2013-12-31": "", "2013-09-30": "", "2013-06-30": "", "2013-03-31": "", "2012-12-31": "", "2012-09-30": "", "2012-06-30": "", "2012-03-31": "", "2011-12-31": "", "2011-09-30": "", "2011-06-30": "", "2011-03-31": "", "2010-12-31": "", "2010-09-30": "", "2010-06-30": "", "2010-03-31": "", "2009-12-31": "", "2009-09-30": "", "2009-06-30": "", "2009-03-31": "", "2008-12-31": "", "2008-09-30": "", "2008-06-30": "", "2008-03-31": "", "2007-12-31": "", "2007-09-30": "", "2007-06-30": "", "2007-03-31": "", "2006-12-31": "", "2006-09-30": "", "2006-06-30": "", "2006-03-31": "", "2005-12-31": "", "2005-09-30": "", "2005-06-30": "", "2005-03-31": ""}, "Operating Expenses": {"2020-12-31": "628.00000", "2020-09-30": "729.00000", "2020-06-30": "514.00000", "2020-03-31": "686.00000", "2019-12-31": "664.00000", "2019-09-30": "752.00000", "2019-06-30": "764.00000", "2019-03-31": "771.00000", "2018-12-31": "744.00000", "2018-09-30": "742.00000", "2018-06-30": "748.00000", "2018-03-31": "979.00000", "2017-12-31": "629.00000", "2017-09-30": "643.00000", "2017-06-30": "621.00000", "2017-03-31": "588.00000", "2016-12-31": "527.00000", "2016-09-30": "544.00000", "2016-06-30": "538.00000", "2016-03-31": "491.00000", "2015-12-31": "591.00000", "2015-09-30": "612.00000", "2015-06-30": "1188.00000", "2015-03-31": "640.00000", "2014-12-31": "748.00000", "2014-09-30": "824.00000", "2014-06-30": "847.00000", "2014-03-31": "830.00000", "2013-12-31": "811.00000", "2013-09-30": "819.00000", "2013-06-30": "814.00000", "2013-03-31": "790.00000", "2012-12-31": "765.00000", "2012-09-30": "786.00000", "2012-06-30": "756.00000", "2012-03-31": "757.00000", "2011-12-31": "701.00000", "2011-09-30": "772.00000", "2011-06-30": "761.00000", "2011-03-31": "685.00000", "2010-12-31": "641.00000", "2010-09-30": "556.00000", "2010-06-30": "676.00000", "2010-03-31": "652.00000", "2009-12-31": "628.00000", "2009-09-30": "471.00000", "2009-06-30": "509.00000", "2009-03-31": "548.00000", "2008-12-31": "634.00000", "2008-09-30": "817.00000", "2008-06-30": "790.00000", "2008-03-31": "753.00000", "2007-12-31": "667.00000", "2007-09-30": "649.00000", "2007-06-30": "616.00000", "2007-03-31": "589.00000", "2006-12-31": "575.00000", "2006-09-30": "626.00000", "2006-06-30": "624.00000", "2006-03-31": "615.00000", "2005-12-31": "552.00000", "2005-09-30": "572.00000", "2005-06-30": "504.00000", "2005-03-31": "468.00000"}, "Operating Income": {"2020-12-31": "118.00000", "2020-09-30": "-70.00000", "2020-06-30": "4.00000", "2020-03-31": "24.00000", "2019-12-31": "63.00000", "2019-09-30": "75.00000", "2019-06-30": "81.00000", "2019-03-31": "73.00000", "2018-12-31": "77.00000", "2018-09-30": "108.00000", "2018-06-30": "106.00000", "2018-03-31": "-161.00000", "2017-12-31": "91.00000", "2017-09-30": "80.00000", "2017-06-30": "84.00000", "2017-03-31": "90.00000", "2016-12-31": "84.00000", "2016-09-30": "75.00000", "2016-06-30": "83.00000", "2016-03-31": "77.00000", "2015-12-31": "12.00000", "2015-09-30": "59.00000", "2015-06-30": "-494.00000", "2015-03-31": "54.00000", "2014-12-31": "64.00000", "2014-09-30": "87.00000", "2014-06-30": "93.00000", "2014-03-31": "68.00000", "2013-12-31": "87.00000", "2013-09-30": "76.00000", "2013-06-30": "87.00000", "2013-03-31": "50.00000", "2012-12-31": "55.00000", "2012-09-30": "53.00000", "2012-06-30": "90.00000", "2012-03-31": "87.00000", "2011-12-31": "61.00000", "2011-09-30": "61.00000", "2011-06-30": "75.00000", "2011-03-31": "54.00000", "2010-12-31": "53.00000", "2010-09-30": "16.00000", "2010-06-30": "77.00000", "2010-03-31": "60.00000", "2009-12-31": "51.00000", "2009-09-30": "4.00000", "2009-06-30": "2.00000", "2009-03-31": "-78.00000", "2008-12-31": "18.00000", "2008-09-30": "37.00000", "2008-06-30": "50.00000", "2008-03-31": "33.00000", "2007-12-31": "44.00000", "2007-09-30": "26.00000", "2007-06-30": "33.00000", "2007-03-31": "48.00000", "2006-12-31": "80.00000", "2006-09-30": "37.00000", "2006-06-30": "42.00000", "2006-03-31": "12.00000", "2005-12-31": "35.00000", "2005-09-30": "-14.00000", "2005-06-30": "41.00000", "2005-03-31": "59.00000"}, "Total Non-Operating Income/Expense": {"2020-12-31": "-19.00000", "2020-09-30": "-14.00000", "2020-06-30": "-15.00000", "2020-03-31": "-12.00000", "2019-12-31": "-13.00000", "2019-09-30": "-8.00000", "2019-06-30": "-12.00000", "2019-03-31": "-24.00000", "2018-12-31": "-7.00000", "2018-09-30": "-7.00000", "2018-06-30": "-11.00000", "2018-03-31": "-10.00000", "2017-12-31": "1.00000", "2017-09-30": "-2.00000", "2017-06-30": "-16.00000", "2017-03-31": "-12.00000", "2016-12-31": "-9.00000", "2016-09-30": "-12.00000", "2016-06-30": "-9.00000", "2016-03-31": "-15.00000", "2015-12-31": "-20.00000", "2015-09-30": "-17.00000", "2015-06-30": "-15.00000", "2015-03-31": "-15.00000", "2014-12-31": "-13.00000", "2014-09-30": "-16.00000", "2014-06-30": "-13.00000", "2014-03-31": "-20.00000", "2013-12-31": "22.00000", "2013-09-30": "-18.00000", "2013-06-30": "-13.00000", "2013-03-31": "-13.00000", "2012-12-31": "-14.00000", "2012-09-30": "-16.00000", "2012-06-30": "-12.00000", "2012-03-31": "-11.00000", "2011-12-31": "-6.00000", "2011-09-30": "-14.00000", "2011-06-30": "-13.00000", "2011-03-31": "-6.00000", "2010-12-31": "-7.00000", "2010-09-30": "-7.00000", "2010-06-30": "-7.00000", "2010-03-31": "-15.00000", "2009-12-31": "-9.00000", "2009-09-30": "-11.00000", "2009-06-30": "-4.00000", "2009-03-31": "-13.00000", "2008-12-31": "-17.00000", "2008-09-30": "-21.00000", "2008-06-30": "-11.00000", "2008-03-31": "-10.00000", "2007-12-31": "-10.00000", "2007-09-30": "-5.00000", "2007-06-30": "-2.00000", "2007-03-31": "-7.00000", "2006-12-31": "-5.00000", "2006-09-30": "-13.00000", "2006-06-30": "-8.00000", "2006-03-31": "", "2005-12-31": "-8.00000", "2005-09-30": "-125.00000", "2005-06-30": "-5.00000", "2005-03-31": "-94.00000"}, "Pre-Tax Income": {"2020-12-31": "99.00000", "2020-09-30": "-84.00000", "2020-06-30": "-11.00000", "2020-03-31": "12.00000", "2019-12-31": "50.00000", "2019-09-30": "67.00000", "2019-06-30": "69.00000", "2019-03-31": "49.00000", "2018-12-31": "70.00000", "2018-09-30": "101.00000", "2018-06-30": "95.00000", "2018-03-31": "-171.00000", "2017-12-31": "92.00000", "2017-09-30": "78.00000", "2017-06-30": "68.00000", "2017-03-31": "78.00000", "2016-12-31": "75.00000", "2016-09-30": "63.00000", "2016-06-30": "74.00000", "2016-03-31": "62.00000", "2015-12-31": "-8.00000", "2015-09-30": "42.00000", "2015-06-30": "-509.00000", "2015-03-31": "39.00000", "2014-12-31": "51.00000", "2014-09-30": "71.00000", "2014-06-30": "80.00000", "2014-03-31": "48.00000", "2013-12-31": "109.00000", "2013-09-30": "58.00000", "2013-06-30": "74.00000", "2013-03-31": "37.00000", "2012-12-31": "41.00000", "2012-09-30": "37.00000", "2012-06-30": "78.00000", "2012-03-31": "76.00000", "2011-12-31": "55.00000", "2011-09-30": "47.00000", "2011-06-30": "62.00000", "2011-03-31": "48.00000", "2010-12-31": "46.00000", "2010-09-30": "9.00000", "2010-06-30": "70.00000", "2010-03-31": "45.00000", "2009-12-31": "42.00000", "2009-09-30": "-7.00000", "2009-06-30": "-2.00000", "2009-03-31": "-91.00000", "2008-12-31": "1.00000", "2008-09-30": "16.00000", "2008-06-30": "39.00000", "2008-03-31": "23.00000", "2007-12-31": "34.00000", "2007-09-30": "21.00000", "2007-06-30": "31.00000", "2007-03-31": "41.00000", "2006-12-31": "75.00000", "2006-09-30": "24.00000", "2006-06-30": "34.00000", "2006-03-31": "12.00000", "2005-12-31": "27.00000", "2005-09-30": "-139.00000", "2005-06-30": "36.00000", "2005-03-31": "-35.00000"}, "Income Taxes": {"2020-12-31": "29.00000", "2020-09-30": "182.00000", "2020-06-30": "-5.00000", "2020-03-31": "10.00000", "2019-12-31": "4.00000", "2019-09-30": "27.00000", "2019-06-30": "30.00000", "2019-03-31": "20.00000", "2018-12-31": "-7.00000", "2018-09-30": "-1.00000", "2018-06-30": "-4.00000", "2018-03-31": "-7.00000", "2017-12-31": "205.00000", "2017-09-30": "", "2017-06-30": "16.00000", "2017-03-31": "-1.00000", "2016-12-31": "18.00000", "2016-09-30": "12.00000", "2016-06-30": "15.00000", "2016-03-31": "11.00000", "2015-12-31": "-5.00000", "2015-09-30": "2.00000", "2015-06-30": "-64.00000", "2015-03-31": "14.00000", "2014-12-31": "3.00000", "2014-09-30": "41.00000", "2014-06-30": "20.00000", "2014-03-31": "7.00000", "2013-12-31": "24.00000", "2013-09-30": "9.00000", "2013-06-30": "16.00000", "2013-03-31": "16.00000", "2012-12-31": "19.00000", "2012-09-30": "", "2012-06-30": "16.00000", "2012-03-31": "23.00000", "2011-12-31": "16.00000", "2011-09-30": "2.00000", "2011-06-30": "10.00000", "2011-03-31": "9.00000", "2010-12-31": "-15.00000", "2010-09-30": "", "2010-06-30": "20.00000", "2010-03-31": "-1.00000", "2009-12-31": "11.00000", "2009-09-30": "2.00000", "2009-06-30": "7.00000", "2009-03-31": "-31.00000", "2008-12-31": "1.00000", "2008-09-30": "1.00000", "2008-06-30": "8.00000", "2008-03-31": "11.00000", "2007-12-31": "-6.00000", "2007-09-30": "-1.00000", "2007-06-30": "9.00000", "2007-03-31": "11.00000", "2006-12-31": "19.00000", "2006-09-30": "-4.00000", "2006-06-30": "8.00000", "2006-03-31": "1.00000", "2005-12-31": "4.00000", "2005-09-30": "-76.00000", "2005-06-30": "9.00000", "2005-03-31": "13.00000"}, "Income After Taxes": {"2020-12-31": "70.00000", "2020-09-30": "-266.00000", "2020-06-30": "-6.00000", "2020-03-31": "2.00000", "2019-12-31": "46.00000", "2019-09-30": "40.00000", "2019-06-30": "39.00000", "2019-03-31": "29.00000", "2018-12-31": "77.00000", "2018-09-30": "102.00000", "2018-06-30": "99.00000", "2018-03-31": "-164.00000", "2017-12-31": "-113.00000", "2017-09-30": "78.00000", "2017-06-30": "52.00000", "2017-03-31": "79.00000", "2016-12-31": "57.00000", "2016-09-30": "51.00000", "2016-06-30": "59.00000", "2016-03-31": "51.00000", "2015-12-31": "-3.00000", "2015-09-30": "40.00000", "2015-06-30": "-445.00000", "2015-03-31": "25.00000", "2014-12-31": "48.00000", "2014-09-30": "30.00000", "2014-06-30": "60.00000", "2014-03-31": "41.00000", "2013-12-31": "85.00000", "2013-09-30": "49.00000", "2013-06-30": "58.00000", "2013-03-31": "21.00000", "2012-12-31": "22.00000", "2012-09-30": "37.00000", "2012-06-30": "62.00000", "2012-03-31": "53.00000", "2011-12-31": "39.00000", "2011-09-30": "45.00000", "2011-06-30": "52.00000", "2011-03-31": "39.00000", "2010-12-31": "61.00000", "2010-09-30": "9.00000", "2010-06-30": "50.00000", "2010-03-31": "46.00000", "2009-12-31": "31.00000", "2009-09-30": "-9.00000", "2009-06-30": "-9.00000", "2009-03-31": "-60.00000", "2008-12-31": "", "2008-09-30": "15.00000", "2008-06-30": "31.00000", "2008-03-31": "12.00000", "2007-12-31": "40.00000", "2007-09-30": "22.00000", "2007-06-30": "22.00000", "2007-03-31": "30.00000", "2006-12-31": "56.00000", "2006-09-30": "28.00000", "2006-06-30": "26.00000", "2006-03-31": "11.00000", "2005-12-31": "23.00000", "2005-09-30": "-63.00000", "2005-06-30": "27.00000", "2005-03-31": "-48.00000"}, "Other Income": {"2020-12-31": "", "2020-09-30": "", "2020-06-30": "", "2020-03-31": "", "2019-12-31": "", "2019-09-30": "", "2019-06-30": "", "2019-03-31": "", "2018-12-31": "", "2018-09-30": "", "2018-06-30": "", "2018-03-31": "", "2017-12-31": "", "2017-09-30": "", "2017-06-30": "", "2017-03-31": "", "2016-12-31": "", "2016-09-30": "", "2016-06-30": "", "2016-03-31": "", "2015-12-31": "", "2015-09-30": "", "2015-06-30": "", "2015-03-31": "", "2014-12-31": "", "2014-09-30": "", "2014-06-30": "", "2014-03-31": "", "2013-12-31": "", "2013-09-30": "", "2013-06-30": "", "2013-03-31": "", "2012-12-31": "", "2012-09-30": "", "2012-06-30": "", "2012-03-31": "", "2011-12-31": "", "2011-09-30": "", "2011-06-30": "", "2011-03-31": "", "2010-12-31": "", "2010-09-30": "", "2010-06-30": "", "2010-03-31": "", "2009-12-31": "", "2009-09-30": "", "2009-06-30": "", "2009-03-31": "", "2008-12-31": "", "2008-09-30": "", "2008-06-30": "", "2008-03-31": "", "2007-12-31": "", "2007-09-30": "", "2007-06-30": "", "2007-03-31": "", "2006-12-31": "", "2006-09-30": "", "2006-06-30": "", "2006-03-31": "", "2005-12-31": "", "2005-09-30": "", "2005-06-30": "", "2005-03-31": ""}, "Income From Continuous Operations": {"2020-12-31": "70.00000", "2020-09-30": "-265.00000", "2020-06-30": "-5.00000", "2020-03-31": "3.00000", "2019-12-31": "46.00000", "2019-09-30": "40.00000", "2019-06-30": "40.00000", "2019-03-31": "29.00000", "2018-12-31": "77.00000", "2018-09-30": "102.00000", "2018-06-30": "99.00000", "2018-03-31": "-163.00000", "2017-12-31": "-112.00000", "2017-09-30": "79.00000", "2017-06-30": "55.00000", "2017-03-31": "80.00000", "2016-12-31": "59.00000", "2016-09-30": "52.00000", "2016-06-30": "60.00000", "2016-03-31": "52.00000", "2015-12-31": "-3.00000", "2015-09-30": "40.00000", "2015-06-30": "-444.00000", "2015-03-31": "27.00000", "2014-12-31": "49.00000", "2014-09-30": "32.00000", "2014-06-30": "58.00000", "2014-03-31": "39.00000", "2013-12-31": "87.00000", "2013-09-30": "51.00000", "2013-06-30": "61.00000", "2013-03-31": "24.00000", "2012-12-31": "25.00000", "2012-09-30": "40.00000", "2012-06-30": "66.00000", "2012-03-31": "56.00000", "2011-12-31": "40.00000", "2011-09-30": "47.00000", "2011-06-30": "54.00000", "2011-03-31": "40.00000", "2010-12-31": "64.00000", "2010-09-30": "11.00000", "2010-06-30": "51.00000", "2010-03-31": "47.00000", "2009-12-31": "34.00000", "2009-09-30": "-6.00000", "2009-06-30": "-9.00000", "2009-03-31": "-60.00000", "2008-12-31": "2.00000", "2008-09-30": "32.00000", "2008-06-30": "27.00000", "2008-03-31": "11.00000", "2007-12-31": "36.00000", "2007-09-30": "21.00000", "2007-06-30": "21.00000", "2007-03-31": "31.00000", "2006-12-31": "54.00000", "2006-09-30": "29.00000", "2006-06-30": "25.00000", "2006-03-31": "12.00000", "2005-12-31": "22.00000", "2005-09-30": "-59.00000", "2005-06-30": "26.00000", "2005-03-31": "-50.00000"}, "Income From Discontinued Operations": {"2020-12-31": "", "2020-09-30": "", "2020-06-30": "", "2020-03-31": "", "2019-12-31": "", "2019-09-30": "", "2019-06-30": "", "2019-03-31": "", "2018-12-31": "", "2018-09-30": "", "2018-06-30": "", "2018-03-31": "", "2017-12-31": "", "2017-09-30": "", "2017-06-30": "", "2017-03-31": "", "2016-12-31": "", "2016-09-30": "", "2016-06-30": "", "2016-03-31": "", "2015-12-31": "", "2015-09-30": "1.00000", "2015-06-30": "1.00000", "2015-03-31": "", "2014-12-31": "", "2014-09-30": "4.00000", "2014-06-30": "-1.00000", "2014-03-31": "", "2013-12-31": "-1.00000", "2013-09-30": "", "2013-06-30": "1.00000", "2013-03-31": "-1.00000", "2012-12-31": "-1.00000", "2012-09-30": "", "2012-06-30": "4.00000", "2012-03-31": "189.00000", "2011-12-31": "11.00000", "2011-09-30": "8.00000", "2011-06-30": "13.00000", "2011-03-31": "16.00000", "2010-12-31": "16.00000", "2010-09-30": "", "2010-06-30": "", "2010-03-31": "", "2009-12-31": "0.00000", "2009-09-30": "", "2009-06-30": "", "2009-03-31": "", "2008-12-31": "", "2008-09-30": "", "2008-06-30": "", "2008-03-31": "", "2007-12-31": "", "2007-09-30": "3.00000", "2007-06-30": "-1.00000", "2007-03-31": "", "2006-12-31": "", "2006-09-30": "", "2006-06-30": "", "2006-03-31": "", "2005-12-31": "", "2005-09-30": "", "2005-06-30": "", "2005-03-31": ""}, "Net Income": {"2020-12-31": "60.00000", "2020-09-30": "-272.00000", "2020-06-30": "-6.00000", "2020-03-31": "-1.00000", "2019-12-31": "41.00000", "2019-09-30": "31.00000", "2019-06-30": "32.00000", "2019-03-31": "23.00000", "2018-12-31": "69.00000", "2018-09-30": "93.00000", "2018-06-30": "88.00000", "2018-03-31": "-173.00000", "2017-12-31": "-122.00000", "2017-09-30": "72.00000", "2017-06-30": "47.00000", "2017-03-31": "74.00000", "2016-12-31": "55.00000", "2016-09-30": "49.00000", "2016-06-30": "56.00000", "2016-03-31": "48.00000", "2015-12-31": "-7.00000", "2015-09-30": "40.00000", "2015-06-30": "-445.00000", "2015-03-31": "26.00000", "2014-12-31": "45.00000", "2014-09-30": "31.00000", "2014-06-30": "52.00000", "2014-03-31": "36.00000", "2013-12-31": "80.00000", "2013-09-30": "47.00000", "2013-06-30": "58.00000", "2013-03-31": "27.00000", "2012-12-31": "20.00000", "2012-09-30": "33.00000", "2012-06-30": "66.00000", "2012-03-31": "240.00000", "2011-12-31": "46.00000", "2011-09-30": "47.00000", "2011-06-30": "60.00000", "2011-03-31": "51.00000", "2010-12-31": "75.00000", "2010-09-30": "32.00000", "2010-06-30": "47.00000", "2010-03-31": "43.00000", "2009-12-31": "29.00000", "2009-09-30": "-11.00000", "2009-06-30": "-12.00000", "2009-03-31": "-58.00000", "2008-12-31": "4.00000", "2008-09-30": "12.00000", "2008-06-30": "27.00000", "2008-03-31": "11.00000", "2007-12-31": "36.00000", "2007-09-30": "24.00000", "2007-06-30": "20.00000", "2007-03-31": "30.00000", "2006-12-31": "54.00000", "2006-09-30": "27.00000", "2006-06-30": "24.00000", "2006-03-31": "12.00000", "2005-12-31": "23.00000", "2005-09-30": "-60.00000", "2005-06-30": "25.00000", "2005-03-31": "-50.00000"}, "EBITDA": {"2020-12-31": "", "2020-09-30": "-29.00000", "2020-06-30": "43.00000", "2020-03-31": "63.00000", "2019-12-31": "102.00000", "2019-09-30": "113.00000", "2019-06-30": "118.00000", "2019-03-31": "111.00000", "2018-12-31": "112.00000", "2018-09-30": "140.00000", "2018-06-30": "144.00000", "2018-03-31": "-29.00000", "2017-12-31": "130.00000", "2017-09-30": "120.00000", "2017-06-30": "123.00000", "2017-03-31": "128.00000", "2016-12-31": "122.00000", "2016-09-30": "114.00000", "2016-06-30": "123.00000", "2016-03-31": "118.00000", "2015-12-31": "53.00000", "2015-09-30": "101.00000", "2015-06-30": "-93.00000", "2015-03-31": "101.00000", "2014-12-31": "109.00000", "2014-09-30": "138.00000", "2014-06-30": "143.00000", "2014-03-31": "117.00000", "2013-12-31": "138.00000", "2013-09-30": "122.00000", "2013-06-30": "132.00000", "2013-03-31": "100.00000", "2012-12-31": "104.00000", "2012-09-30": "98.00000", "2012-06-30": "125.00000", "2012-03-31": "125.00000", "2011-12-31": "97.00000", "2011-09-30": "98.00000", "2011-06-30": "110.00000", "2011-03-31": "89.00000", "2010-12-31": "88.00000", "2010-09-30": "52.00000", "2010-06-30": "117.00000", "2010-03-31": "94.00000", "2009-12-31": "84.00000", "2009-09-30": "49.00000", "2009-06-30": "47.00000", "2009-03-31": "-34.00000", "2008-12-31": "53.00000", "2008-09-30": "77.00000", "2008-06-30": "89.00000", "2008-03-31": "75.00000", "2007-12-31": "86.00000", "2007-09-30": "67.00000", "2007-06-30": "71.00000", "2007-03-31": "83.00000", "2006-12-31": "115.00000", "2006-09-30": "76.00000", "2006-06-30": "73.00000", "2006-03-31": "43.00000", "2005-12-31": "65.00000", "2005-09-30": "-68.00000", "2005-06-30": "77.00000", "2005-03-31": "184.00000"}, "EBIT": {"2020-12-31": "118.00000", "2020-09-30": "-70.00000", "2020-06-30": "4.00000", "2020-03-31": "24.00000", "2019-12-31": "63.00000", "2019-09-30": "75.00000", "2019-06-30": "81.00000", "2019-03-31": "73.00000", "2018-12-31": "77.00000", "2018-09-30": "108.00000", "2018-06-30": "106.00000", "2018-03-31": "-161.00000", "2017-12-31": "91.00000", "2017-09-30": "80.00000", "2017-06-30": "84.00000", "2017-03-31": "90.00000", "2016-12-31": "84.00000", "2016-09-30": "75.00000", "2016-06-30": "83.00000", "2016-03-31": "77.00000", "2015-12-31": "12.00000", "2015-09-30": "59.00000", "2015-06-30": "-494.00000", "2015-03-31": "54.00000", "2014-12-31": "64.00000", "2014-09-30": "87.00000", "2014-06-30": "93.00000", "2014-03-31": "68.00000", "2013-12-31": "87.00000", "2013-09-30": "76.00000", "2013-06-30": "87.00000", "2013-03-31": "50.00000", "2012-12-31": "55.00000", "2012-09-30": "53.00000", "2012-06-30": "90.00000", "2012-03-31": "87.00000", "2011-12-31": "61.00000", "2011-09-30": "61.00000", "2011-06-30": "75.00000", "2011-03-31": "54.00000", "2010-12-31": "53.00000", "2010-09-30": "16.00000", "2010-06-30": "77.00000", "2010-03-31": "60.00000", "2009-12-31": "51.00000", "2009-09-30": "4.00000", "2009-06-30": "2.00000", "2009-03-31": "-78.00000", "2008-12-31": "18.00000", "2008-09-30": "37.00000", "2008-06-30": "50.00000", "2008-03-31": "33.00000", "2007-12-31": "44.00000", "2007-09-30": "26.00000", "2007-06-30": "33.00000", "2007-03-31": "48.00000", "2006-12-31": "80.00000", "2006-09-30": "37.00000", "2006-06-30": "42.00000", "2006-03-31": "12.00000", "2005-12-31": "35.00000", "2005-09-30": "-14.00000", "2005-06-30": "41.00000", "2005-03-31": "59.00000"}, "Basic Shares Outstanding": {"2020-12-31": "", "2020-09-30": "56.60000", "2020-06-30": "56.50000", "2020-03-31": "56.60000", "2019-12-31": "56.90000", "2019-09-30": "58.70000", "2019-06-30": "58.20000", "2019-03-31": "59.10000", "2018-12-31": "59.90000", "2018-09-30": "61.70000", "2018-06-30": "61.80000", "2018-03-31": "61.80000", "2017-12-31": "61.90000", "2017-09-30": "62.30000", "2017-06-30": "62.40000", "2017-03-31": "62.40000", "2016-12-31": "62.20000", "2016-09-30": "62.40000", "2016-06-30": "62.40000", "2016-03-31": "62.40000", "2015-12-31": "62.50000", "2015-09-30": "63.40000", "2015-06-30": "63.30000", "2015-03-31": "63.60000", "2014-12-31": "64.10000", "2014-09-30": "64.40000", "2014-06-30": "64.50000", "2014-03-31": "64.40000", "2013-12-31": "64.20000", "2013-09-30": "63.80000", "2013-06-30": "63.80000", "2013-03-31": "63.70000", "2012-12-31": "63.50000", "2012-09-30": "63.40000", "2012-06-30": "63.40000", "2012-03-31": "63.20000", "2011-12-31": "63.50000", "2011-09-30": "64.60000", "2011-06-30": "64.70000", "2011-03-31": "64.60000", "2010-12-31": "64.40000", "2010-09-30": "63.80000", "2010-06-30": "63.90000", "2010-03-31": "64.00000", "2009-12-31": "63.00000", "2009-09-30": "62.80000", "2009-06-30": "63.00000", "2009-03-31": "63.00000", "2008-12-31": "63.00000", "2008-09-30": "63.00000", "2008-06-30": "62.00000", "2008-03-31": "62.00000", "2007-12-31": "63.00000", "2007-09-30": "62.00000", "2007-06-30": "61.00000", "2007-03-31": "61.00000", "2006-12-31": "61.00000", "2006-09-30": "60.00000", "2006-06-30": "60.00000", "2006-03-31": "60.00000", "2005-12-31": "60.00000", "2005-09-30": "60.00000", "2005-06-30": "60.00000", "2005-03-31": "60.00000"}, "Shares Outstanding": {"2020-12-31": "56.60000", "2020-09-30": "56.60000", "2020-06-30": "56.50000", "2020-03-31": "56.60000", "2019-12-31": "57.00000", "2019-09-30": "58.80000", "2019-06-30": "58.40000", "2019-03-31": "59.30000", "2018-12-31": "60.10000", "2018-09-30": "61.70000", "2018-06-30": "62.30000", "2018-03-31": "61.80000", "2017-12-31": "61.90000", "2017-09-30": "62.70000", "2017-06-30": "62.70000", "2017-03-31": "62.80000", "2016-12-31": "62.80000", "2016-09-30": "62.90000", "2016-06-30": "62.90000", "2016-03-31": "62.80000", "2015-12-31": "62.50000", "2015-09-30": "63.40000", "2015-06-30": "63.30000", "2015-03-31": "64.10000", "2014-12-31": "64.60000", "2014-09-30": "65.10000", "2014-06-30": "65.20000", "2014-03-31": "65.10000", "2013-12-31": "64.80000", "2013-09-30": "64.50000", "2013-06-30": "64.50000", "2013-03-31": "64.40000", "2012-12-31": "64.10000", "2012-09-30": "64.20000", "2012-06-30": "64.30000", "2012-03-31": "64.00000", "2011-12-31": "64.20000", "2011-09-30": "65.40000", "2011-06-30": "65.60000", "2011-03-31": "65.50000", "2010-12-31": "65.20000", "2010-09-30": "64.30000", "2010-06-30": "64.50000", "2010-03-31": "64.00000", "2009-12-31": "64.00000", "2009-09-30": "62.80000", "2009-06-30": "63.00000", "2009-03-31": "63.00000", "2008-12-31": "63.00000", "2008-09-30": "63.00000", "2008-06-30": "64.00000", "2008-03-31": "64.00000", "2007-12-31": "64.00000", "2007-09-30": "68.00000", "2007-06-30": "68.00000", "2007-03-31": "69.00000", "2006-12-31": "69.00000", "2006-09-30": "68.00000", "2006-06-30": "69.00000", "2006-03-31": "69.00000", "2005-12-31": "68.00000", "2005-09-30": "60.00000", "2005-06-30": "69.00000", "2005-03-31": "60.00000"}, "Basic EPS": {"2020-12-31": "", "2020-09-30": "-4.79000", "2020-06-30": "-0.12000", "2020-03-31": "-0.01000", "2019-12-31": "0.71000", "2019-09-30": "0.56000", "2019-06-30": "0.55000", "2019-03-31": "0.39000", "2018-12-31": "1.14000", "2018-09-30": "1.52000", "2018-06-30": "1.41000", "2018-03-31": "-2.80000", "2017-12-31": "-1.98000", "2017-09-30": "1.15000", "2017-06-30": "0.73000", "2017-03-31": "1.19000", "2016-12-31": "0.87000", "2016-09-30": "0.79000", "2016-06-30": "0.90000", "2016-03-31": "0.76000", "2015-12-31": "-0.11000", "2015-09-30": "0.66000", "2015-06-30": "-7.04000", "2015-03-31": "0.41000", "2014-12-31": "0.70000", "2014-09-30": "0.48000", "2014-06-30": "0.79000", "2014-03-31": "0.55000", "2013-12-31": "1.24000", "2013-09-30": "0.72000", "2013-06-30": "0.92000", "2013-03-31": "0.43000", "2012-12-31": "0.31000", "2012-09-30": "0.57000", "2012-06-30": "1.04000", "2012-03-31": "3.74000", "2011-12-31": "0.72000", "2011-09-30": "0.78000", "2011-06-30": "0.93000", "2011-03-31": "0.77000", "2010-12-31": "1.14000", "2010-09-30": "0.55000", "2010-06-30": "0.72000", "2010-03-31": "0.66000", "2009-12-31": "0.44000", "2009-09-30": "-0.19000", "2009-06-30": "-0.19000", "2009-03-31": "-0.93000", "2008-12-31": "0.06000", "2008-09-30": "0.13000", "2008-06-30": "0.44000", "2008-03-31": "0.18000", "2007-12-31": "0.57000", "2007-09-30": "0.37000", "2007-06-30": "0.32000", "2007-03-31": "0.49000", "2006-12-31": "0.88000", "2006-09-30": "0.43000", "2006-06-30": "0.41000", "2006-03-31": "0.19000", "2005-12-31": "0.39000", "2005-09-30": "-1.01000", "2005-06-30": "0.43000", "2005-03-31": "-0.84000"}, "EPS - Earnings Per Share": {"2020-12-31": "1.06000", "2020-09-30": "-4.78000", "2020-06-30": "-0.12000", "2020-03-31": "-0.01000", "2019-12-31": "0.70000", "2019-09-30": "0.55000", "2019-06-30": "0.55000", "2019-03-31": "0.39000", "2018-12-31": "1.14000", "2018-09-30": "1.53000", "2018-06-30": "1.40000", "2018-03-31": "-2.80000", "2017-12-31": "-1.98000", "2017-09-30": "1.13000", "2017-06-30": "0.73000", "2017-03-31": "1.19000", "2016-12-31": "0.86000", "2016-09-30": "0.79000", "2016-06-30": "0.88000", "2016-03-31": "0.76000", "2015-12-31": "-0.11000", "2015-09-30": "0.67000", "2015-06-30": "-7.04000", "2015-03-31": "0.41000", "2014-12-31": "0.69000", "2014-09-30": "0.48000", "2014-06-30": "0.78000", "2014-03-31": "0.54000", "2013-12-31": "1.23000", "2013-09-30": "0.73000", "2013-06-30": "0.90000", "2013-03-31": "0.42000", "2012-12-31": "0.31000", "2012-09-30": "0.56000", "2012-06-30": "1.02000", "2012-03-31": "3.70000", "2011-12-31": "0.71000", "2011-09-30": "0.76000", "2011-06-30": "0.92000", "2011-03-31": "0.76000", "2010-12-31": "1.13000", "2010-09-30": "0.54000", "2010-06-30": "0.72000", "2010-03-31": "0.65000", "2009-12-31": "0.44000", "2009-09-30": "-0.19000", "2009-06-30": "-0.19000", "2009-03-31": "-0.93000", "2008-12-31": "0.06000", "2008-09-30": "0.16000", "2008-06-30": "0.43000", "2008-03-31": "0.17000", "2007-12-31": "0.56000", "2007-09-30": "0.36000", "2007-06-30": "0.30000", "2007-03-31": "0.45000", "2006-12-31": "0.79000", "2006-09-30": "0.39000", "2006-06-30": "0.37000", "2006-03-31": "0.17000", "2005-12-31": "0.35000", "2005-09-30": "-0.90000", "2005-06-30": "0.39000", "2005-03-31": "-0.84000"}}, "balance sheet": {"Cash On Hand": {"2020-09-30": "151.00000", "2019-09-30": "169.00000", "2018-09-30": "175.00000", "2017-09-30": "280.00000", "2016-09-30": "200.00000", "2015-09-30": "77.00000", "2014-09-30": "67.00000", "2013-09-30": "95.00000", "2012-09-30": "120.00000", "2011-09-30": "286.00000", "2010-09-30": "387.00000", "2009-09-30": "304.00000", "2008-09-30": "130.00000", "2007-09-30": "156.00000", "2006-09-30": "190.00000", "2005-09-30": "211.00000"}, "Receivables": {"2020-09-30": "418.00000", "2019-09-30": "530.00000", "2018-09-30": "637.00000", "2017-09-30": "527.00000", "2016-09-30": "456.00000", "2015-09-30": "477.00000", "2014-09-30": "688.00000", "2013-09-30": "633.00000", "2012-09-30": "687.00000", "2011-09-30": "659.00000", "2010-09-30": "540.00000", "2009-09-30": "452.00000", "2008-09-30": "646.00000", "2007-09-30": "563.00000", "2006-09-30": "534.00000", "2005-09-30": "430.00000"}, "Inventory": {"2020-09-30": "359.00000", "2019-09-30": "466.00000", "2018-09-30": "511.00000", "2017-09-30": "433.00000", "2016-09-30": "342.00000", "2015-09-30": "397.00000", "2014-09-30": "498.00000", "2013-09-30": "455.00000", "2012-09-30": "533.00000", "2011-09-30": "393.00000", "2010-09-30": "307.00000", "2009-09-30": "358.00000", "2008-09-30": "523.00000", "2007-09-30": "442.00000", "2006-09-30": "420.00000", "2005-09-30": "493.00000"}, "Pre-Paid Expenses": {"2020-09-30": "50.00000", "2019-09-30": "45.00000", "2018-09-30": "63.00000", "2017-09-30": "59.00000", "2016-09-30": "49.00000", "2015-09-30": "54.00000", "2014-09-30": "69.00000", "2013-09-30": "58.00000", "2012-09-30": "62.00000", "2011-09-30": "76.00000", "2010-09-30": "71.00000", "2009-09-30": "54.00000", "2008-09-30": "72.00000", "2007-09-30": "72.00000", "2006-09-30": "75.00000", "2005-09-30": "80.00000"}, "Other Current Assets": {"2020-09-30": "", "2019-09-30": "", "2018-09-30": "", "2017-09-30": "", "2016-09-30": "", "2015-09-30": "", "2014-09-30": "", "2013-09-30": "4.00000", "2012-09-30": "", "2011-09-30": "106.00000", "2010-09-30": "103.00000", "2009-09-30": "", "2008-09-30": "7.00000", "2007-09-30": "7.00000", "2006-09-30": "", "2005-09-30": "5.00000"}, "Total Current Assets": {"2020-09-30": "978.00000", "2019-09-30": "1210.00000", "2018-09-30": "1386.00000", "2017-09-30": "1299.00000", "2016-09-30": "1047.00000", "2015-09-30": "1048.00000", "2014-09-30": "1364.00000", "2013-09-30": "1495.00000", "2012-09-30": "1443.00000", "2011-09-30": "1555.00000", "2010-09-30": "1438.00000", "2009-09-30": "1200.00000", "2008-09-30": "1408.00000", "2007-09-30": "1275.00000", "2006-09-30": "1255.00000", "2005-09-30": "1246.00000"}, "Property, Plant, And Equipment": {"2020-09-30": "1314.00000", "2019-09-30": "1348.00000", "2018-09-30": "1296.00000", "2017-09-30": "1305.00000", "2016-09-30": "1290.00000", "2015-09-30": "1383.00000", "2014-09-30": "1581.00000", "2013-09-30": "1600.00000", "2012-09-30": "1552.00000", "2011-09-30": "1036.00000", "2010-09-30": "937.00000", "2009-09-30": "1012.00000", "2008-09-30": "1082.00000", "2007-09-30": "1016.00000", "2006-09-30": "964.00000", "2005-09-30": "834.00000"}, "Long-Term Investments": {"2020-09-30": "39.00000", "2019-09-30": "39.00000", "2018-09-30": "52.00000", "2017-09-30": "56.00000", "2016-09-30": "53.00000", "2015-09-30": "57.00000", "2014-09-30": "68.00000", "2013-09-30": "119.00000", "2012-09-30": "115.00000", "2011-09-30": "60.00000", "2010-09-30": "61.00000", "2009-09-30": "60.00000", "2008-09-30": "54.00000", "2007-09-30": "68.00000", "2006-09-30": "62.00000", "2005-09-30": "69.00000"}, "Goodwill And Intangible Assets": {"2020-09-30": "237.00000", "2019-09-30": "186.00000", "2018-09-30": "191.00000", "2017-09-30": "291.00000", "2016-09-30": "292.00000", "2015-09-30": "307.00000", "2014-09-30": "883.00000", "2013-09-30": "810.00000", "2012-09-30": "810.00000", "2011-09-30": "43.00000", "2010-09-30": "39.00000", "2009-09-30": "39.00000", "2008-09-30": "37.00000", "2007-09-30": "38.00000", "2006-09-30": "36.00000", "2005-09-30": "31.00000"}, "Other Long-Term Assets": {"2020-09-30": "160.00000", "2019-09-30": "58.00000", "2018-09-30": "185.00000", "2017-09-30": "150.00000", "2016-09-30": "137.00000", "2015-09-30": "128.00000", "2014-09-30": "108.00000", "2013-09-30": "141.00000", "2012-09-30": "143.00000", "2011-09-30": "186.00000", "2010-09-30": "166.00000", "2009-09-30": "130.00000", "2008-09-30": "104.00000", "2007-09-30": "119.00000", "2006-09-30": "117.00000", "2005-09-30": "86.00000"}, "Total Long-Term Assets": {"2020-09-30": "1803.00000", "2019-09-30": "1794.00000", "2018-09-30": "1858.00000", "2017-09-30": "2039.00000", "2016-09-30": "1988.00000", "2015-09-30": "2027.00000", "2014-09-30": "2720.00000", "2013-09-30": "2738.00000", "2012-09-30": "2956.00000", "2011-09-30": "1586.00000", "2010-09-30": "1448.00000", "2009-09-30": "1476.00000", "2008-09-30": "1450.00000", "2007-09-30": "1361.00000", "2006-09-30": "1279.00000", "2005-09-30": "1128.00000"}, "Total Assets": {"2020-09-30": "2781.00000", "2019-09-30": "3004.00000", "2018-09-30": "3244.00000", "2017-09-30": "3338.00000", "2016-09-30": "3035.00000", "2015-09-30": "3075.00000", "2014-09-30": "4084.00000", "2013-09-30": "4233.00000", "2012-09-30": "4399.00000", "2011-09-30": "3141.00000", "2010-09-30": "2886.00000", "2009-09-30": "2676.00000", "2008-09-30": "2858.00000", "2007-09-30": "2636.00000", "2006-09-30": "2534.00000", "2005-09-30": "2374.00000"}, "Total Current Liabilities": {"2020-09-30": "529.00000", "2019-09-30": "599.00000", "2018-09-30": "952.00000", "2017-09-30": "742.00000", "2016-09-30": "397.00000", "2015-09-30": "441.00000", "2014-09-30": "630.00000", "2013-09-30": "844.00000", "2012-09-30": "919.00000", "2011-09-30": "656.00000", "2010-09-30": "539.00000", "2009-09-30": "477.00000", "2008-09-30": "601.00000", "2007-09-30": "547.00000", "2006-09-30": "505.00000", "2005-09-30": "433.00000"}, "Long Term Debt": {"2020-09-30": "1094.00000", "2019-09-30": "1024.00000", "2018-09-30": "719.00000", "2017-09-30": "661.00000", "2016-09-30": "914.00000", "2015-09-30": "970.00000", "2014-09-30": "1004.00000", "2013-09-30": "1020.00000", "2012-09-30": "1172.00000", "2011-09-30": "556.00000", "2010-09-30": "600.00000", "2009-09-30": "623.00000", "2008-09-30": "586.00000", "2007-09-30": "503.00000", "2006-09-30": "459.00000", "2005-09-30": "463.00000"}, "Other Non-Current Liabilities": {"2020-09-30": "286.00000", "2019-09-30": "206.00000", "2018-09-30": "252.00000", "2017-09-30": "245.00000", "2016-09-30": "285.00000", "2015-09-30": "240.00000", "2014-09-30": "291.00000", "2013-09-30": "265.00000", "2012-09-30": "314.00000", "2011-09-30": "305.00000", "2010-09-30": "324.00000", "2009-09-30": "328.00000", "2008-09-30": "294.00000", "2007-09-30": "300.00000", "2006-09-30": "286.00000", "2005-09-30": "307.00000"}, "Total Long Term Liabilities": {"2020-09-30": "1438.00000", "2019-09-30": "1271.00000", "2018-09-30": "1013.00000", "2017-09-30": "971.00000", "2016-09-30": "1266.00000", "2015-09-30": "1296.00000", "2014-09-30": "1390.00000", "2013-09-30": "1306.00000", "2012-09-30": "1541.00000", "2011-09-30": "869.00000", "2010-09-30": "930.00000", "2009-09-30": "962.00000", "2008-09-30": "1008.00000", "2007-09-30": "895.00000", "2006-09-30": "833.00000", "2005-09-30": "842.00000"}, "Total Liabilities": {"2020-09-30": "1967.00000", "2019-09-30": "1870.00000", "2018-09-30": "1965.00000", "2017-09-30": "1713.00000", "2016-09-30": "1663.00000", "2015-09-30": "1737.00000", "2014-09-30": "2020.00000", "2013-09-30": "2150.00000", "2012-09-30": "2460.00000", "2011-09-30": "1525.00000", "2010-09-30": "1469.00000", "2009-09-30": "1439.00000", "2008-09-30": "1609.00000", "2007-09-30": "1442.00000", "2006-09-30": "1338.00000", "2005-09-30": "1275.00000"}, "Common Stock Net": {"2020-09-30": "57.00000", "2019-09-30": "57.00000", "2018-09-30": "61.00000", "2017-09-30": "62.00000", "2016-09-30": "62.00000", "2015-09-30": "63.00000", "2014-09-30": "64.00000", "2013-09-30": "64.00000", "2012-09-30": "64.00000", "2011-09-30": "64.00000", "2010-09-30": "65.00000", "2009-09-30": "65.00000", "2008-09-30": "65.00000", "2007-09-30": "65.00000", "2006-09-30": "64.00000", "2005-09-30": "63.00000"}, "Retained Earnings (Accumulated Deficit)": {"2020-09-30": "989.00000", "2019-09-30": "1337.00000", "2018-09-30": "1417.00000", "2017-09-30": "1707.00000", "2016-09-30": "1544.00000", "2015-09-30": "1478.00000", "2014-09-30": "1900.00000", "2013-09-30": "1755.00000", "2012-09-30": "1653.00000", "2011-09-30": "1314.00000", "2010-09-30": "1125.00000", "2009-09-30": "1018.00000", "2008-09-30": "1143.00000", "2007-09-30": "1119.00000", "2006-09-30": "1160.00000", "2005-09-30": "1127.00000"}, "Comprehensive Income": {"2020-09-30": "-351.00000", "2019-09-30": "-391.00000", "2018-09-30": "-317.00000", "2017-09-30": "-259.00000", "2016-09-30": "-325.00000", "2015-09-30": "-299.00000", "2014-09-30": "-64.00000", "2013-09-30": "103.00000", "2012-09-30": "92.00000", "2011-09-30": "106.00000", "2010-09-30": "88.00000", "2009-09-30": "60.00000", "2008-09-30": "75.00000", "2007-09-30": "68.00000", "2006-09-30": "10.00000", "2005-09-30": "-39.00000"}, "Other Share Holders Equity": {"2020-09-30": "", "2019-09-30": "", "2018-09-30": "", "2017-09-30": "", "2016-09-30": "", "2015-09-30": "", "2014-09-30": "", "2013-09-30": "", "2012-09-30": "", "2011-09-30": "", "2010-09-30": "", "2009-09-30": "", "2008-09-30": "-21.00000", "2007-09-30": "-19.00000", "2006-09-30": "-20.00000", "2005-09-30": "-19.00000"}, "Share Holder Equity": {"2020-09-30": "814.00000", "2019-09-30": "1134.00000", "2018-09-30": "1279.00000", "2017-09-30": "1625.00000", "2016-09-30": "1372.00000", "2015-09-30": "1338.00000", "2014-09-30": "2064.00000", "2013-09-30": "2083.00000", "2012-09-30": "1939.00000", "2011-09-30": "1616.00000", "2010-09-30": "1417.00000", "2009-09-30": "1237.00000", "2008-09-30": "1249.00000", "2007-09-30": "1194.00000", "2006-09-30": "1196.00000", "2005-09-30": "1099.00000"}, "Total Liabilities And Share Holders Equity": {"2020-09-30": "2781.00000", "2019-09-30": "3004.00000", "2018-09-30": "3244.00000", "2017-09-30": "3338.00000", "2016-09-30": "3035.00000", "2015-09-30": "3075.00000", "2014-09-30": "4084.00000", "2013-09-30": "4233.00000", "2012-09-30": "4399.00000", "2011-09-30": "3141.00000", "2010-09-30": "2886.00000", "2009-09-30": "2676.00000", "2008-09-30": "2858.00000", "2007-09-30": "2636.00000", "2006-09-30": "2534.00000", "2005-09-30": "2374.00000"}}, "balance sheet, quarterly": {"Cash On Hand": {"2020-12-31": "147.00000", "2020-09-30": "151.00000", "2020-06-30": "162.00000", "2020-03-31": "142.00000", "2019-12-31": "173.00000", "2019-09-30": "169.00000", "2019-06-30": "147.00000", "2019-03-31": "176.00000", "2018-12-31": "142.00000", "2018-09-30": "175.00000", "2018-06-30": "131.00000", "2018-03-31": "179.00000", "2017-12-31": "189.00000", "2017-09-30": "280.00000", "2017-06-30": "198.00000", "2017-03-31": "133.00000", "2016-12-31": "189.00000", "2016-09-30": "200.00000", "2016-06-30": "222.00000", "2016-03-31": "178.00000", "2015-12-31": "84.00000", "2015-09-30": "77.00000", "2015-06-30": "84.00000", "2015-03-31": "94.00000", "2014-12-31": "88.00000", "2014-09-30": "67.00000", "2014-06-30": "101.00000", "2014-03-31": "89.00000", "2013-12-31": "105.00000", "2013-09-30": "95.00000", "2013-06-30": "76.00000", "2013-03-31": "85.00000", "2012-12-31": "91.00000", "2012-09-30": "120.00000", "2012-06-30": "407.00000", "2012-03-31": "366.00000", "2011-12-31": "188.00000", "2011-09-30": "286.00000", "2011-06-30": "344.00000", "2011-03-31": "366.00000", "2010-12-31": "388.00000", "2010-09-30": "387.00000", "2010-06-30": "296.00000", "2010-03-31": "249.00000", "2009-12-31": "243.00000", "2009-09-30": "304.00000", "2009-06-30": "178.00000", "2009-03-31": "220.00000", "2008-12-31": "150.00000", "2008-09-30": "130.00000", "2008-06-30": "108.00000", "2008-03-31": "112.00000", "2007-12-31": "130.00000", "2007-09-30": "156.00000", "2007-06-30": "240.00000", "2007-03-31": "267.00000", "2006-12-31": "214.00000", "2006-09-30": "190.00000", "2006-06-30": "115.00000", "2006-03-31": "103.00000", "2005-12-31": "135.00000", "2005-09-30": "211.00000", "2005-06-30": "156.00000", "2005-03-31": "211.00000"}, "Receivables": {"2020-12-31": "513.00000", "2020-09-30": "418.00000", "2020-06-30": "362.00000", "2020-03-31": "462.00000", "2019-12-31": "485.00000", "2019-09-30": "530.00000", "2019-06-30": "611.00000", "2019-03-31": "555.00000", "2018-12-31": "", "2018-09-30": "637.00000", "2018-06-30": "664.00000", "2018-03-31": "637.00000", "2017-12-31": "551.00000", "2017-09-30": "527.00000", "2017-06-30": "517.00000", "2017-03-31": "520.00000", "2016-12-31": "405.00000", "2016-09-30": "456.00000", "2016-06-30": "434.00000", "2016-03-31": "407.00000", "2015-12-31": "437.00000", "2015-09-30": "477.00000", "2015-06-30": "563.00000", "2015-03-31": "567.00000", "2014-12-31": "643.00000", "2014-09-30": "688.00000", "2014-06-30": "724.00000", "2014-03-31": "712.00000", "2013-12-31": "696.00000", "2013-09-30": "633.00000", "2013-06-30": "696.00000", "2013-03-31": "670.00000", "2012-12-31": "619.00000", "2012-09-30": "687.00000", "2012-06-30": "710.00000", "2012-03-31": "759.00000", "2011-12-31": "663.00000", "2011-09-30": "659.00000", "2011-06-30": "697.00000", "2011-03-31": "621.00000", "2010-12-31": "571.00000", "2010-09-30": "540.00000", "2010-06-30": "587.00000", "2010-03-31": "548.00000", "2009-12-31": "507.00000", "2009-09-30": "452.00000", "2009-06-30": "417.00000", "2009-03-31": "392.00000", "2008-12-31": "555.00000", "2008-09-30": "646.00000", "2008-06-30": "677.00000", "2008-03-31": "644.00000", "2007-12-31": "601.00000", "2007-09-30": "563.00000", "2007-06-30": "560.00000", "2007-03-31": "541.00000", "2006-12-31": "538.00000", "2006-09-30": "534.00000", "2006-06-30": "541.00000", "2006-03-31": "511.00000", "2005-12-31": "480.00000", "2005-09-30": "430.00000", "2005-06-30": "440.00000", "2005-03-31": "422.00000"}, "Inventory": {"2020-12-31": "403.00000", "2020-09-30": "359.00000", "2020-06-30": "393.00000", "2020-03-31": "469.00000", "2019-12-31": "479.00000", "2019-09-30": "466.00000", "2019-06-30": "518.00000", "2019-03-31": "554.00000", "2018-12-31": "589.00000", "2018-09-30": "511.00000", "2018-06-30": "482.00000", "2018-03-31": "498.00000", "2017-12-31": "478.00000", "2017-09-30": "433.00000", "2017-06-30": "398.00000", "2017-03-31": "395.00000", "2016-12-31": "360.00000", "2016-09-30": "342.00000", "2016-06-30": "330.00000", "2016-03-31": "344.00000", "2015-12-31": "369.00000", "2015-09-30": "397.00000", "2015-06-30": "432.00000", "2015-03-31": "408.00000", "2014-12-31": "475.00000", "2014-09-30": "498.00000", "2014-06-30": "532.00000", "2014-03-31": "541.00000", "2013-12-31": "513.00000", "2013-09-30": "455.00000", "2013-06-30": "522.00000", "2013-03-31": "561.00000", "2012-12-31": "587.00000", "2012-09-30": "533.00000", "2012-06-30": "411.00000", "2012-03-31": "423.00000", "2011-12-31": "413.00000", "2011-09-30": "393.00000", "2011-06-30": "434.00000", "2011-03-31": "427.00000", "2010-12-31": "380.00000", "2010-09-30": "307.00000", "2010-06-30": "357.00000", "2010-03-31": "374.00000", "2009-12-31": "376.00000", "2009-09-30": "358.00000", "2009-06-30": "346.00000", "2009-03-31": "355.00000", "2008-12-31": "486.00000", "2008-09-30": "523.00000", "2008-06-30": "558.00000", "2008-03-31": "513.00000", "2007-12-31": "500.00000", "2007-09-30": "442.00000", "2007-06-30": "432.00000", "2007-03-31": "428.00000", "2006-12-31": "427.00000", "2006-09-30": "420.00000", "2006-06-30": "448.00000", "2006-03-31": "495.00000", "2005-12-31": "514.00000", "2005-09-30": "493.00000", "2005-06-30": "536.00000", "2005-03-31": "545.00000"}, "Pre-Paid Expenses": {"2020-12-31": "62.00000", "2020-09-30": "50.00000", "2020-06-30": "66.00000", "2020-03-31": "98.00000", "2019-12-31": "59.00000", "2019-09-30": "45.00000", "2019-06-30": "59.00000", "2019-03-31": "59.00000", "2018-12-31": "62.00000", "2018-09-30": "63.00000", "2018-06-30": "65.00000", "2018-03-31": "73.00000", "2017-12-31": "63.00000", "2017-09-30": "59.00000", "2017-06-30": "51.00000", "2017-03-31": "56.00000", "2016-12-31": "47.00000", "2016-09-30": "49.00000", "2016-06-30": "44.00000", "2016-03-31": "55.00000", "2015-12-31": "66.00000", "2015-09-30": "54.00000", "2015-06-30": "60.00000", "2015-03-31": "63.00000", "2014-12-31": "67.00000", "2014-09-30": "69.00000", "2014-06-30": "103.00000", "2014-03-31": "94.00000", "2013-12-31": "65.00000", "2013-09-30": "58.00000", "2013-06-30": "58.00000", "2013-03-31": "70.00000", "2012-12-31": "82.00000", "2012-09-30": "62.00000", "2012-06-30": "64.00000", "2012-03-31": "73.00000", "2011-12-31": "68.00000", "2011-09-30": "76.00000", "2011-06-30": "73.00000", "2011-03-31": "83.00000", "2010-12-31": "76.00000", "2010-09-30": "71.00000", "2010-06-30": "60.00000", "2010-03-31": "65.00000", "2009-12-31": "62.00000", "2009-09-30": "54.00000", "2009-06-30": "45.00000", "2009-03-31": "44.00000", "2008-12-31": "49.00000", "2008-09-30": "72.00000", "2008-06-30": "92.00000", "2008-03-31": "84.00000", "2007-12-31": "90.00000", "2007-09-30": "72.00000", "2007-06-30": "74.00000", "2007-03-31": "78.00000", "2006-12-31": "93.00000", "2006-09-30": "75.00000", "2006-06-30": "92.00000", "2006-03-31": "91.00000", "2005-12-31": "59.00000", "2005-09-30": "80.00000", "2005-06-30": "56.00000", "2005-03-31": "52.00000"}, "Other Current Assets": {"2020-12-31": "", "2020-09-30": "", "2020-06-30": "", "2020-03-31": "", "2019-12-31": "", "2019-09-30": "", "2019-06-30": "", "2019-03-31": "179.00000", "2018-12-31": "", "2018-09-30": "", "2018-06-30": "", "2018-03-31": "", "2017-12-31": "", "2017-09-30": "", "2017-06-30": "", "2017-03-31": "", "2016-12-31": "", "2016-09-30": "", "2016-06-30": "", "2016-03-31": "", "2015-12-31": "", "2015-09-30": "", "2015-06-30": "", "2015-03-31": "", "2014-12-31": "", "2014-09-30": "", "2014-06-30": "4.00000", "2014-03-31": "3.00000", "2013-12-31": "", "2013-09-30": "4.00000", "2013-06-30": "", "2013-03-31": "", "2012-12-31": "", "2012-09-30": "", "2012-06-30": "", "2012-03-31": "", "2011-12-31": "120.00000", "2011-09-30": "106.00000", "2011-06-30": "", "2011-03-31": "", "2010-12-31": "", "2010-09-30": "103.00000", "2010-06-30": "", "2010-03-31": "", "2009-12-31": "", "2009-09-30": "", "2009-06-30": "", "2009-03-31": "", "2008-12-31": "7.00000", "2008-09-30": "7.00000", "2008-06-30": "7.00000", "2008-03-31": "7.00000", "2007-12-31": "7.00000", "2007-09-30": "7.00000", "2007-06-30": "", "2007-03-31": "", "2006-12-31": "", "2006-09-30": "", "2006-06-30": "", "2006-03-31": "", "2005-12-31": "5.00000", "2005-09-30": "5.00000", "2005-06-30": "", "2005-03-31": ""}, "Total Current Assets": {"2020-12-31": "1125.00000", "2020-09-30": "978.00000", "2020-06-30": "983.00000", "2020-03-31": "1171.00000", "2019-12-31": "1196.00000", "2019-09-30": "1210.00000", "2019-06-30": "1335.00000", "2019-03-31": "1523.00000", "2018-12-31": "1381.00000", "2018-09-30": "1386.00000", "2018-06-30": "1342.00000", "2018-03-31": "1387.00000", "2017-12-31": "1281.00000", "2017-09-30": "1299.00000", "2017-06-30": "1164.00000", "2017-03-31": "1104.00000", "2016-12-31": "1001.00000", "2016-09-30": "1047.00000", "2016-06-30": "1079.00000", "2016-03-31": "1028.00000", "2015-12-31": "999.00000", "2015-09-30": "1048.00000", "2015-06-30": "1178.00000", "2015-03-31": "1171.00000", "2014-12-31": "1315.00000", "2014-09-30": "1364.00000", "2014-06-30": "1501.00000", "2014-03-31": "1688.00000", "2013-12-31": "1615.00000", "2013-09-30": "1495.00000", "2013-06-30": "1604.00000", "2013-03-31": "1647.00000", "2012-12-31": "1415.00000", "2012-09-30": "1443.00000", "2012-06-30": "1617.00000", "2012-03-31": "1648.00000", "2011-12-31": "1486.00000", "2011-09-30": "1555.00000", "2011-06-30": "1580.00000", "2011-03-31": "1530.00000", "2010-12-31": "1450.00000", "2010-09-30": "1438.00000", "2010-06-30": "1331.00000", "2010-03-31": "1268.00000", "2009-12-31": "1220.00000", "2009-09-30": "1200.00000", "2009-06-30": "1021.00000", "2009-03-31": "1048.00000", "2008-12-31": "1278.00000", "2008-09-30": "1408.00000", "2008-06-30": "1480.00000", "2008-03-31": "1397.00000", "2007-12-31": "1367.00000", "2007-09-30": "1275.00000", "2007-06-30": "1340.00000", "2007-03-31": "1348.00000", "2006-12-31": "1307.00000", "2006-09-30": "1255.00000", "2006-06-30": "1246.00000", "2006-03-31": "1242.00000", "2005-12-31": "1236.00000", "2005-09-30": "1246.00000", "2005-06-30": "1230.00000", "2005-03-31": "1269.00000"}, "Property, Plant, And Equipment": {"2020-12-31": "1353.00000", "2020-09-30": "1314.00000", "2020-06-30": "1412.00000", "2020-03-31": "1369.00000", "2019-12-31": "1395.00000", "2019-09-30": "1348.00000", "2019-06-30": "1336.00000", "2019-03-31": "1297.00000", "2018-12-31": "1298.00000", "2018-09-30": "1296.00000", "2018-06-30": "1248.00000", "2018-03-31": "1274.00000", "2017-12-31": "1329.00000", "2017-09-30": "1305.00000", "2017-06-30": "1267.00000", "2017-03-31": "1237.00000", "2016-12-31": "1236.00000", "2016-09-30": "1290.00000", "2016-06-30": "1297.00000", "2016-03-31": "1318.00000", "2015-12-31": "1315.00000", "2015-09-30": "1383.00000", "2015-06-30": "1427.00000", "2015-03-31": "1483.00000", "2014-12-31": "1547.00000", "2014-09-30": "1581.00000", "2014-06-30": "1616.00000", "2014-03-31": "1617.00000", "2013-12-31": "1641.00000", "2013-09-30": "1600.00000", "2013-06-30": "1567.00000", "2013-03-31": "1544.00000", "2012-12-31": "1566.00000", "2012-09-30": "1552.00000", "2012-06-30": "1073.00000", "2012-03-31": "1079.00000", "2011-12-31": "1051.00000", "2011-09-30": "1036.00000", "2011-06-30": "1030.00000", "2011-03-31": "994.00000", "2010-12-31": "972.00000", "2010-09-30": "937.00000", "2010-06-30": "921.00000", "2010-03-31": "956.00000", "2009-12-31": "988.00000", "2009-09-30": "1012.00000", "2009-06-30": "1015.00000", "2009-03-31": "996.00000", "2008-12-31": "1045.00000", "2008-09-30": "1082.00000", "2008-06-30": "1099.00000", "2008-03-31": "1054.00000", "2007-12-31": "1025.00000", "2007-09-30": "1016.00000", "2007-06-30": "964.00000", "2007-03-31": "959.00000", "2006-12-31": "964.00000", "2006-09-30": "964.00000", "2006-06-30": "949.00000", "2006-03-31": "925.00000", "2005-12-31": "888.00000", "2005-09-30": "834.00000", "2005-06-30": "929.00000", "2005-03-31": "938.00000"}, "Long-Term Investments": {"2020-12-31": "41.00000", "2020-09-30": "39.00000", "2020-06-30": "36.00000", "2020-03-31": "36.00000", "2019-12-31": "39.00000", "2019-09-30": "39.00000", "2019-06-30": "39.00000", "2019-03-31": "38.00000", "2018-12-31": "49.00000", "2018-09-30": "52.00000", "2018-06-30": "51.00000", "2018-03-31": "54.00000", "2017-12-31": "54.00000", "2017-09-30": "56.00000", "2017-06-30": "55.00000", "2017-03-31": "54.00000", "2016-12-31": "52.00000", "2016-09-30": "53.00000", "2016-06-30": "55.00000", "2016-03-31": "57.00000", "2015-12-31": "54.00000", "2015-09-30": "57.00000", "2015-06-30": "61.00000", "2015-03-31": "63.00000", "2014-12-31": "66.00000", "2014-09-30": "68.00000", "2014-06-30": "71.00000", "2014-03-31": "73.00000", "2013-12-31": "78.00000", "2013-09-30": "119.00000", "2013-06-30": "116.00000", "2013-03-31": "116.00000", "2012-12-31": "116.00000", "2012-09-30": "115.00000", "2012-06-30": "69.00000", "2012-03-31": "62.00000", "2011-12-31": "60.00000", "2011-09-30": "60.00000", "2011-06-30": "58.00000", "2011-03-31": "57.00000", "2010-12-31": "57.00000", "2010-09-30": "61.00000", "2010-06-30": "59.00000", "2010-03-31": "59.00000", "2009-12-31": "59.00000", "2009-09-30": "60.00000", "2009-06-30": "58.00000", "2009-03-31": "58.00000", "2008-12-31": "58.00000", "2008-09-30": "54.00000", "2008-06-30": "53.00000", "2008-03-31": "71.00000", "2007-12-31": "70.00000", "2007-09-30": "68.00000", "2007-06-30": "65.00000", "2007-03-31": "61.00000", "2006-12-31": "62.00000", "2006-09-30": "62.00000", "2006-06-30": "60.00000", "2006-03-31": "59.00000", "2005-12-31": "58.00000", "2005-09-30": "69.00000", "2005-06-30": "65.00000", "2005-03-31": "74.00000"}, "Goodwill And Intangible Assets": {"2020-12-31": "249.00000", "2020-09-30": "237.00000", "2020-06-30": "232.00000", "2020-03-31": "169.00000", "2019-12-31": "189.00000", "2019-09-30": "186.00000", "2019-06-30": "192.00000", "2019-03-31": "184.00000", "2018-12-31": "184.00000", "2018-09-30": "191.00000", "2018-06-30": "188.00000", "2018-03-31": "200.00000", "2017-12-31": "348.00000", "2017-09-30": "291.00000", "2017-06-30": "290.00000", "2017-03-31": "285.00000", "2016-12-31": "278.00000", "2016-09-30": "292.00000", "2016-06-30": "294.00000", "2016-03-31": "304.00000", "2015-12-31": "302.00000", "2015-09-30": "307.00000", "2015-06-30": "316.00000", "2015-03-31": "828.00000", "2014-12-31": "859.00000", "2014-09-30": "883.00000", "2014-06-30": "909.00000", "2014-03-31": "913.00000", "2013-12-31": "923.00000", "2013-09-30": "810.00000", "2013-06-30": "809.00000", "2013-03-31": "809.00000", "2012-12-31": "812.00000", "2012-09-30": "810.00000", "2012-06-30": "40.00000", "2012-03-31": "40.00000", "2011-12-31": "39.00000", "2011-09-30": "43.00000", "2011-06-30": "45.00000", "2011-03-31": "43.00000", "2010-12-31": "42.00000", "2010-09-30": "39.00000", "2010-06-30": "37.00000", "2010-03-31": "38.00000", "2009-12-31": "38.00000", "2009-09-30": "39.00000", "2009-06-30": "38.00000", "2009-03-31": "36.00000", "2008-12-31": "38.00000", "2008-09-30": "37.00000", "2008-06-30": "40.00000", "2008-03-31": "41.00000", "2007-12-31": "38.00000", "2007-09-30": "38.00000", "2007-06-30": "38.00000", "2007-03-31": "37.00000", "2006-12-31": "36.00000", "2006-09-30": "36.00000", "2006-06-30": "40.00000", "2006-03-31": "41.00000", "2005-12-31": "40.00000", "2005-09-30": "31.00000", "2005-06-30": "30.00000", "2005-03-31": "32.00000"}, "Other Long-Term Assets": {"2020-12-31": "161.00000", "2020-09-30": "160.00000", "2020-06-30": "175.00000", "2020-03-31": "171.00000", "2019-12-31": "171.00000", "2019-09-30": "58.00000", "2019-06-30": "71.00000", "2019-03-31": "72.00000", "2018-12-31": "192.00000", "2018-09-30": "185.00000", "2018-06-30": "160.00000", "2018-03-31": "153.00000", "2017-12-31": "150.00000", "2017-09-30": "150.00000", "2017-06-30": "148.00000", "2017-03-31": "147.00000", "2016-12-31": "143.00000", "2016-09-30": "137.00000", "2016-06-30": "136.00000", "2016-03-31": "135.00000", "2015-12-31": "132.00000", "2015-09-30": "128.00000", "2015-06-30": "117.00000", "2015-03-31": "113.00000", "2014-12-31": "111.00000", "2014-09-30": "108.00000", "2014-06-30": "121.00000", "2014-03-31": "121.00000", "2013-12-31": "136.00000", "2013-09-30": "141.00000", "2013-06-30": "141.00000", "2013-03-31": "143.00000", "2012-12-31": "144.00000", "2012-09-30": "143.00000", "2012-06-30": "140.00000", "2012-03-31": "152.00000", "2011-12-31": "193.00000", "2011-09-30": "186.00000", "2011-06-30": "134.00000", "2011-03-31": "132.00000", "2010-12-31": "129.00000", "2010-09-30": "166.00000", "2010-06-30": "125.00000", "2010-03-31": "125.00000", "2009-12-31": "126.00000", "2009-09-30": "130.00000", "2009-06-30": "143.00000", "2009-03-31": "138.00000", "2008-12-31": "125.00000", "2008-09-30": "104.00000", "2008-06-30": "135.00000", "2008-03-31": "137.00000", "2007-12-31": "130.00000", "2007-09-30": "119.00000", "2007-06-30": "125.00000", "2007-03-31": "121.00000", "2006-12-31": "122.00000", "2006-09-30": "117.00000", "2006-06-30": "97.00000", "2006-03-31": "73.00000", "2005-12-31": "97.00000", "2005-09-30": "86.00000", "2005-06-30": "80.00000", "2005-03-31": "86.00000"}, "Total Long-Term Assets": {"2020-12-31": "1855.00000", "2020-09-30": "1803.00000", "2020-06-30": "2036.00000", "2020-03-31": "1926.00000", "2019-12-31": "1955.00000", "2019-09-30": "1794.00000", "2019-06-30": "1784.00000", "2019-03-31": "1749.00000", "2018-12-31": "1874.00000", "2018-09-30": "1858.00000", "2018-06-30": "1715.00000", "2018-03-31": "1730.00000", "2017-12-31": "1908.00000", "2017-09-30": "2039.00000", "2017-06-30": "2014.00000", "2017-03-31": "1977.00000", "2016-12-31": "1928.00000", "2016-09-30": "1988.00000", "2016-06-30": "1954.00000", "2016-03-31": "1970.00000", "2015-12-31": "1956.00000", "2015-09-30": "2027.00000", "2015-06-30": "2058.00000", "2015-03-31": "2561.00000", "2014-12-31": "2662.00000", "2014-09-30": "2720.00000", "2014-06-30": "2797.00000", "2014-03-31": "2799.00000", "2013-12-31": "2840.00000", "2013-09-30": "2738.00000", "2013-06-30": "2736.00000", "2013-03-31": "2713.00000", "2012-12-31": "2961.00000", "2012-09-30": "2956.00000", "2012-06-30": "1752.00000", "2012-03-31": "1781.00000", "2011-12-31": "1600.00000", "2011-09-30": "1586.00000", "2011-06-30": "1522.00000", "2011-03-31": "1484.00000", "2010-12-31": "1461.00000", "2010-09-30": "1448.00000", "2010-06-30": "1373.00000", "2010-03-31": "1418.00000", "2009-12-31": "1450.00000", "2009-09-30": "1476.00000", "2009-06-30": "1450.00000", "2009-03-31": "1442.00000", "2008-12-31": "1445.00000", "2008-09-30": "1450.00000", "2008-06-30": "1461.00000", "2008-03-31": "1424.00000", "2007-12-31": "1393.00000", "2007-09-30": "1361.00000", "2007-06-30": "1288.00000", "2007-03-31": "1275.00000", "2006-12-31": "1283.00000", "2006-09-30": "1279.00000", "2006-06-30": "1252.00000", "2006-03-31": "1214.00000", "2005-12-31": "1189.00000", "2005-09-30": "1128.00000", "2005-06-30": "1144.00000", "2005-03-31": "1167.00000"}, "Total Assets": {"2020-12-31": "2980.00000", "2020-09-30": "2781.00000", "2020-06-30": "3019.00000", "2020-03-31": "3097.00000", "2019-12-31": "3151.00000", "2019-09-30": "3004.00000", "2019-06-30": "3119.00000", "2019-03-31": "3272.00000", "2018-12-31": "3255.00000", "2018-09-30": "3244.00000", "2018-06-30": "3057.00000", "2018-03-31": "3117.00000", "2017-12-31": "3189.00000", "2017-09-30": "3338.00000", "2017-06-30": "3178.00000", "2017-03-31": "3081.00000", "2016-12-31": "2929.00000", "2016-09-30": "3035.00000", "2016-06-30": "3033.00000", "2016-03-31": "2998.00000", "2015-12-31": "2955.00000", "2015-09-30": "3075.00000", "2015-06-30": "3236.00000", "2015-03-31": "3732.00000", "2014-12-31": "3977.00000", "2014-09-30": "4084.00000", "2014-06-30": "4298.00000", "2014-03-31": "4487.00000", "2013-12-31": "4455.00000", "2013-09-30": "4233.00000", "2013-06-30": "4340.00000", "2013-03-31": "4360.00000", "2012-12-31": "4376.00000", "2012-09-30": "4399.00000", "2012-06-30": "3369.00000", "2012-03-31": "3429.00000", "2011-12-31": "3086.00000", "2011-09-30": "3141.00000", "2011-06-30": "3102.00000", "2011-03-31": "3014.00000", "2010-12-31": "2911.00000", "2010-09-30": "2886.00000", "2010-06-30": "2704.00000", "2010-03-31": "2686.00000", "2009-12-31": "2670.00000", "2009-09-30": "2676.00000", "2009-06-30": "2471.00000", "2009-03-31": "2490.00000", "2008-12-31": "2723.00000", "2008-09-30": "2858.00000", "2008-06-30": "2941.00000", "2008-03-31": "2821.00000", "2007-12-31": "2760.00000", "2007-09-30": "2636.00000", "2007-06-30": "2628.00000", "2007-03-31": "2623.00000", "2006-12-31": "2590.00000", "2006-09-30": "2534.00000", "2006-06-30": "2498.00000", "2006-03-31": "2456.00000", "2005-12-31": "2425.00000", "2005-09-30": "2374.00000", "2005-06-30": "2374.00000", "2005-03-31": "2436.00000"}, "Total Current Liabilities": {"2020-12-31": "570.00000", "2020-09-30": "529.00000", "2020-06-30": "494.00000", "2020-03-31": "563.00000", "2019-12-31": "574.00000", "2019-09-30": "599.00000", "2019-06-30": "645.00000", "2019-03-31": "1133.00000", "2018-12-31": "1055.00000", "2018-09-30": "952.00000", "2018-06-30": "890.00000", "2018-03-31": "833.00000", "2017-12-31": "788.00000", "2017-09-30": "742.00000", "2017-06-30": "679.00000", "2017-03-31": "675.00000", "2016-12-31": "397.00000", "2016-09-30": "397.00000", "2016-06-30": "661.00000", "2016-03-31": "655.00000", "2015-12-31": "709.00000", "2015-09-30": "441.00000", "2015-06-30": "568.00000", "2015-03-31": "557.00000", "2014-12-31": "646.00000", "2014-09-30": "630.00000", "2014-06-30": "715.00000", "2014-03-31": "962.00000", "2013-12-31": "969.00000", "2013-09-30": "844.00000", "2013-06-30": "988.00000", "2013-03-31": "1045.00000", "2012-12-31": "797.00000", "2012-09-30": "919.00000", "2012-06-30": "630.00000", "2012-03-31": "684.00000", "2011-12-31": "604.00000", "2011-09-30": "656.00000", "2011-06-30": "542.00000", "2011-03-31": "520.00000", "2010-12-31": "493.00000", "2010-09-30": "539.00000", "2010-06-30": "485.00000", "2010-03-31": "464.00000", "2009-12-31": "451.00000", "2009-09-30": "477.00000", "2009-06-30": "367.00000", "2009-03-31": "400.00000", "2008-12-31": "500.00000", "2008-09-30": "601.00000", "2008-06-30": "699.00000", "2008-03-31": "631.00000", "2007-12-31": "591.00000", "2007-09-30": "547.00000", "2007-06-30": "511.00000", "2007-03-31": "510.00000", "2006-12-31": "513.00000", "2006-09-30": "505.00000", "2006-06-30": "497.00000", "2006-03-31": "510.00000", "2005-12-31": "462.00000", "2005-09-30": "433.00000", "2005-06-30": "480.00000", "2005-03-31": "490.00000"}, "Long Term Debt": {"2020-12-31": "1085.00000", "2020-09-30": "1094.00000", "2020-06-30": "1164.00000", "2020-03-31": "1190.00000", "2019-12-31": "1095.00000", "2019-09-30": "1024.00000", "2019-06-30": "1017.00000", "2019-03-31": "672.00000", "2018-12-31": "671.00000", "2018-09-30": "719.00000", "2018-06-30": "630.00000", "2018-03-31": "631.00000", "2017-12-31": "631.00000", "2017-09-30": "661.00000", "2017-06-30": "665.00000", "2017-03-31": "664.00000", "2016-12-31": "913.00000", "2016-09-30": "914.00000", "2016-06-30": "669.00000", "2016-03-31": "669.00000", "2015-12-31": "670.00000", "2015-09-30": "970.00000", "2015-06-30": "971.00000", "2015-03-31": "995.00000", "2014-12-31": "995.00000", "2014-09-30": "1004.00000", "2014-06-30": "1026.00000", "2014-03-31": "1023.00000", "2013-12-31": "1026.00000", "2013-09-30": "1020.00000", "2013-06-30": "1008.00000", "2013-03-31": "1002.00000", "2012-12-31": "1241.00000", "2012-09-30": "1172.00000", "2012-06-30": "559.00000", "2012-03-31": "560.00000", "2011-12-31": "551.00000", "2011-09-30": "556.00000", "2011-06-30": "578.00000", "2011-03-31": "588.00000", "2010-12-31": "594.00000", "2010-09-30": "600.00000", "2010-06-30": "601.00000", "2010-03-31": "602.00000", "2009-12-31": "622.00000", "2009-09-30": "623.00000", "2009-06-30": "551.00000", "2009-03-31": "567.00000", "2008-12-31": "592.00000", "2008-09-30": "586.00000", "2008-06-30": "483.00000", "2008-03-31": "487.00000", "2007-12-31": "505.00000", "2007-09-30": "503.00000", "2007-06-30": "437.00000", "2007-03-31": "442.00000", "2006-12-31": "437.00000", "2006-09-30": "459.00000", "2006-06-30": "458.00000", "2006-03-31": "451.00000", "2005-12-31": "472.00000", "2005-09-30": "463.00000", "2005-06-30": "375.00000", "2005-03-31": "388.00000"}, "Other Non-Current Liabilities": {"2020-12-31": "305.00000", "2020-09-30": "286.00000", "2020-06-30": "277.00000", "2020-03-31": "268.00000", "2019-12-31": "289.00000", "2019-09-30": "206.00000", "2019-06-30": "191.00000", "2019-03-31": "193.00000", "2018-12-31": "211.00000", "2018-09-30": "252.00000", "2018-06-30": "247.00000", "2018-03-31": "265.00000", "2017-12-31": "252.00000", "2017-09-30": "245.00000", "2017-06-30": "283.00000", "2017-03-31": "270.00000", "2016-12-31": "275.00000", "2016-09-30": "285.00000", "2016-06-30": "226.00000", "2016-03-31": "233.00000", "2015-12-31": "235.00000", "2015-09-30": "240.00000", "2015-06-30": "249.00000", "2015-03-31": "252.00000", "2014-12-31": "265.00000", "2014-09-30": "291.00000", "2014-06-30": "273.00000", "2014-03-31": "273.00000", "2013-12-31": "264.00000", "2013-09-30": "265.00000", "2013-06-30": "284.00000", "2013-03-31": "307.00000", "2012-12-31": "315.00000", "2012-09-30": "314.00000", "2012-06-30": "280.00000", "2012-03-31": "298.00000", "2011-12-31": "300.00000", "2011-09-30": "305.00000", "2011-06-30": "341.00000", "2011-03-31": "333.00000", "2010-12-31": "318.00000", "2010-09-30": "324.00000", "2010-06-30": "265.00000", "2010-03-31": "308.00000", "2009-12-31": "325.00000", "2009-09-30": "328.00000", "2009-06-30": "286.00000", "2009-03-31": "267.00000", "2008-12-31": "284.00000", "2008-09-30": "294.00000", "2008-06-30": "345.00000", "2008-03-31": "341.00000", "2007-12-31": "320.00000", "2007-09-30": "300.00000", "2007-06-30": "295.00000", "2007-03-31": "291.00000", "2006-12-31": "287.00000", "2006-09-30": "286.00000", "2006-06-30": "292.00000", "2006-03-31": "281.00000", "2005-12-31": "307.00000", "2005-09-30": "307.00000", "2005-06-30": "289.00000", "2005-03-31": "307.00000"}, "Total Long Term Liabilities": {"2020-12-31": "1448.00000", "2020-09-30": "1438.00000", "2020-06-30": "1482.00000", "2020-03-31": "1499.00000", "2019-12-31": "1425.00000", "2019-09-30": "1271.00000", "2019-06-30": "1248.00000", "2019-03-31": "907.00000", "2018-12-31": "924.00000", "2018-09-30": "1013.00000", "2018-06-30": "878.00000", "2018-03-31": "941.00000", "2017-12-31": "929.00000", "2017-09-30": "971.00000", "2017-06-30": "1022.00000", "2017-03-31": "1008.00000", "2016-12-31": "1255.00000", "2016-09-30": "1266.00000", "2016-06-30": "989.00000", "2016-03-31": "990.00000", "2015-12-31": "991.00000", "2015-09-30": "1296.00000", "2015-06-30": "1300.00000", "2015-03-31": "1338.00000", "2014-12-31": "1355.00000", "2014-09-30": "1390.00000", "2014-06-30": "1377.00000", "2014-03-31": "1376.00000", "2013-12-31": "1350.00000", "2013-09-30": "1306.00000", "2013-06-30": "1351.00000", "2013-03-31": "1365.00000", "2012-12-31": "1610.00000", "2012-09-30": "1541.00000", "2012-06-30": "849.00000", "2012-03-31": "867.00000", "2011-12-31": "860.00000", "2011-09-30": "869.00000", "2011-06-30": "925.00000", "2011-03-31": "927.00000", "2010-12-31": "918.00000", "2010-09-30": "930.00000", "2010-06-30": "878.00000", "2010-03-31": "921.00000", "2009-12-31": "958.00000", "2009-09-30": "962.00000", "2009-06-30": "945.00000", "2009-03-31": "948.00000", "2008-12-31": "996.00000", "2008-09-30": "1008.00000", "2008-06-30": "957.00000", "2008-03-31": "928.00000", "2007-12-31": "926.00000", "2007-09-30": "895.00000", "2007-06-30": "820.00000", "2007-03-31": "820.00000", "2006-12-31": "816.00000", "2006-09-30": "833.00000", "2006-06-30": "827.00000", "2006-03-31": "808.00000", "2005-12-31": "855.00000", "2005-09-30": "842.00000", "2005-06-30": "738.00000", "2005-03-31": "765.00000"}, "Total Liabilities": {"2020-12-31": "2018.00000", "2020-09-30": "1967.00000", "2020-06-30": "1976.00000", "2020-03-31": "2062.00000", "2019-12-31": "1999.00000", "2019-09-30": "1870.00000", "2019-06-30": "1893.00000", "2019-03-31": "2040.00000", "2018-12-31": "1979.00000", "2018-09-30": "1965.00000", "2018-06-30": "1768.00000", "2018-03-31": "1774.00000", "2017-12-31": "1717.00000", "2017-09-30": "1713.00000", "2017-06-30": "1701.00000", "2017-03-31": "1683.00000", "2016-12-31": "1652.00000", "2016-09-30": "1663.00000", "2016-06-30": "1650.00000", "2016-03-31": "1645.00000", "2015-12-31": "1700.00000", "2015-09-30": "1737.00000", "2015-06-30": "1868.00000", "2015-03-31": "1895.00000", "2014-12-31": "2001.00000", "2014-09-30": "2020.00000", "2014-06-30": "2092.00000", "2014-03-31": "2338.00000", "2013-12-31": "2319.00000", "2013-09-30": "2150.00000", "2013-06-30": "2339.00000", "2013-03-31": "2410.00000", "2012-12-31": "2407.00000", "2012-09-30": "2460.00000", "2012-06-30": "1479.00000", "2012-03-31": "1551.00000", "2011-12-31": "1464.00000", "2011-09-30": "1525.00000", "2011-06-30": "1467.00000", "2011-03-31": "1447.00000", "2010-12-31": "1411.00000", "2010-09-30": "1469.00000", "2010-06-30": "1363.00000", "2010-03-31": "1385.00000", "2009-12-31": "1409.00000", "2009-09-30": "1439.00000", "2009-06-30": "1312.00000", "2009-03-31": "1348.00000", "2008-12-31": "1496.00000", "2008-09-30": "1609.00000", "2008-06-30": "1656.00000", "2008-03-31": "1559.00000", "2007-12-31": "1517.00000", "2007-09-30": "1442.00000", "2007-06-30": "1331.00000", "2007-03-31": "1330.00000", "2006-12-31": "1329.00000", "2006-09-30": "1338.00000", "2006-06-30": "1324.00000", "2006-03-31": "1318.00000", "2005-12-31": "1317.00000", "2005-09-30": "1275.00000", "2005-06-30": "1218.00000", "2005-03-31": "1255.00000"}, "Common Stock Net": {"2020-12-31": "57.00000", "2020-09-30": "57.00000", "2020-06-30": "57.00000", "2020-03-31": "56.00000", "2019-12-31": "57.00000", "2019-09-30": "57.00000", "2019-06-30": "58.00000", "2019-03-31": "59.00000", "2018-12-31": "60.00000", "2018-09-30": "61.00000", "2018-06-30": "62.00000", "2018-03-31": "62.00000", "2017-12-31": "62.00000", "2017-09-30": "62.00000", "2017-06-30": "62.00000", "2017-03-31": "63.00000", "2016-12-31": "62.00000", "2016-09-30": "62.00000", "2016-06-30": "63.00000", "2016-03-31": "63.00000", "2015-12-31": "63.00000", "2015-09-30": "63.00000", "2015-06-30": "63.00000", "2015-03-31": "63.00000", "2014-12-31": "64.00000", "2014-09-30": "64.00000", "2014-06-30": "65.00000", "2014-03-31": "65.00000", "2013-12-31": "65.00000", "2013-09-30": "64.00000", "2013-06-30": "64.00000", "2013-03-31": "64.00000", "2012-12-31": "64.00000", "2012-09-30": "64.00000", "2012-06-30": "64.00000", "2012-03-31": "64.00000", "2011-12-31": "63.00000", "2011-09-30": "64.00000", "2011-06-30": "65.00000", "2011-03-31": "66.00000", "2010-12-31": "65.00000", "2010-09-30": "65.00000", "2010-06-30": "65.00000", "2010-03-31": "65.00000", "2009-12-31": "65.00000", "2009-09-30": "65.00000", "2009-06-30": "64.00000", "2009-03-31": "65.00000", "2008-12-31": "65.00000", "2008-09-30": "65.00000", "2008-06-30": "64.00000", "2008-03-31": "65.00000", "2007-12-31": "65.00000", "2007-09-30": "65.00000", "2007-06-30": "64.00000", "2007-03-31": "65.00000", "2006-12-31": "64.00000", "2006-09-30": "64.00000", "2006-06-30": "63.00000", "2006-03-31": "63.00000", "2005-12-31": "63.00000", "2005-09-30": "63.00000", "2005-06-30": "62.00000", "2005-03-31": "63.00000"}, "Retained Earnings (Accumulated Deficit)": {"2020-12-31": "1032.00000", "2020-09-30": "989.00000", "2020-06-30": "1277.00000", "2020-03-31": "1302.00000", "2019-12-31": "1329.00000", "2019-09-30": "1337.00000", "2019-06-30": "1351.00000", "2019-03-31": "1367.00000", "2018-12-31": "1410.00000", "2018-09-30": "1417.00000", "2018-06-30": "1417.00000", "2018-03-31": "1370.00000", "2017-12-31": "1555.00000", "2017-09-30": "1707.00000", "2017-06-30": "1655.00000", "2017-03-31": "1638.00000", "2016-12-31": "1576.00000", "2016-09-30": "1544.00000", "2016-06-30": "1523.00000", "2016-03-31": "1483.00000", "2015-12-31": "1448.00000", "2015-09-30": "1478.00000", "2015-06-30": "1464.00000", "2015-03-31": "1943.00000", "2014-12-31": "1930.00000", "2014-09-30": "1900.00000", "2014-06-30": "1883.00000", "2014-03-31": "1845.00000", "2013-12-31": "1822.00000", "2013-09-30": "1755.00000", "2013-06-30": "1720.00000", "2013-03-31": "1675.00000", "2012-12-31": "1660.00000", "2012-09-30": "1653.00000", "2012-06-30": "1630.00000", "2012-03-31": "1576.00000", "2011-12-31": "1348.00000", "2011-09-30": "1314.00000", "2011-06-30": "1276.00000", "2011-03-31": "1227.00000", "2010-12-31": "1188.00000", "2010-09-30": "1125.00000", "2010-06-30": "1102.00000", "2010-03-31": "1067.00000", "2009-12-31": "1035.00000", "2009-09-30": "1018.00000", "2009-06-30": "1042.00000", "2009-03-31": "1065.00000", "2008-12-31": "1135.00000", "2008-09-30": "1143.00000", "2008-06-30": "1146.00000", "2008-03-31": "1132.00000", "2007-12-31": "1143.00000", "2007-09-30": "1119.00000", "2007-06-30": "1230.00000", "2007-03-31": "1221.00000", "2006-12-31": "1202.00000", "2006-09-30": "1160.00000", "2006-06-30": "1144.00000", "2006-03-31": "1130.00000", "2005-12-31": "1128.00000", "2005-09-30": "1127.00000", "2005-06-30": "1198.00000", "2005-03-31": "1182.00000"}, "Comprehensive Income": {"2020-12-31": "-262.00000", "2020-09-30": "-351.00000", "2020-06-30": "-400.00000", "2020-03-31": "-429.00000", "2019-12-31": "-354.00000", "2019-09-30": "-391.00000", "2019-06-30": "-311.00000", "2019-03-31": "-315.00000", "2018-12-31": "-320.00000", "2018-09-30": "-317.00000", "2018-06-30": "-313.00000", "2018-03-31": "-209.00000", "2017-12-31": "-263.00000", "2017-09-30": "-259.00000", "2017-06-30": "-338.00000", "2017-03-31": "-389.00000", "2016-12-31": "-445.00000", "2016-09-30": "-325.00000", "2016-06-30": "-290.00000", "2016-03-31": "-279.00000", "2015-12-31": "-344.00000", "2015-09-30": "-299.00000", "2015-06-30": "-255.00000", "2015-03-31": "-273.00000", "2014-12-31": "-144.00000", "2014-09-30": "-64.00000", "2014-06-30": "90.00000", "2014-03-31": "77.00000", "2013-12-31": "83.00000", "2013-09-30": "103.00000", "2013-06-30": "70.00000", "2013-03-31": "75.00000", "2012-12-31": "107.00000", "2012-09-30": "92.00000", "2012-06-30": "71.00000", "2012-03-31": "108.00000", "2011-12-31": "92.00000", "2011-09-30": "106.00000", "2011-06-30": "126.00000", "2011-03-31": "108.00000", "2010-12-31": "96.00000", "2010-09-30": "88.00000", "2010-06-30": "56.00000", "2010-03-31": "55.00000", "2009-12-31": "56.00000", "2009-09-30": "60.00000", "2009-06-30": "69.00000", "2009-03-31": "30.00000", "2008-12-31": "52.00000", "2008-09-30": "75.00000", "2008-06-30": "126.00000", "2008-03-31": "121.00000", "2007-12-31": "90.00000", "2007-09-30": "68.00000", "2007-06-30": "45.00000", "2007-03-31": "26.00000", "2006-12-31": "19.00000", "2006-09-30": "10.00000", "2006-06-30": "-14.00000", "2006-03-31": "-32.00000", "2005-12-31": "-49.00000", "2005-09-30": "-39.00000", "2005-06-30": "-44.00000", "2005-03-31": "-30.00000"}, "Other Share Holders Equity": {"2020-12-31": "", "2020-09-30": "", "2020-06-30": "", "2020-03-31": "", "2019-12-31": "", "2019-09-30": "", "2019-06-30": "", "2019-03-31": "", "2018-12-31": "", "2018-09-30": "", "2018-06-30": "", "2018-03-31": "", "2017-12-31": "", "2017-09-30": "", "2017-06-30": "", "2017-03-31": "", "2016-12-31": "", "2016-09-30": "", "2016-06-30": "", "2016-03-31": "", "2015-12-31": "", "2015-09-30": "", "2015-06-30": "", "2015-03-31": "", "2014-12-31": "", "2014-09-30": "", "2014-06-30": "", "2014-03-31": "", "2013-12-31": "", "2013-09-30": "", "2013-06-30": "", "2013-03-31": "", "2012-12-31": "", "2012-09-30": "", "2012-06-30": "", "2012-03-31": "", "2011-12-31": "", "2011-09-30": "", "2011-06-30": "", "2011-03-31": "", "2010-12-31": "", "2010-09-30": "", "2010-06-30": "", "2010-03-31": "", "2009-12-31": "", "2009-09-30": "", "2009-06-30": "0.00000", "2009-03-31": "-20.00000", "2008-12-31": "-20.00000", "2008-09-30": "-21.00000", "2008-06-30": "-16.00000", "2008-03-31": "-19.00000", "2007-12-31": "-19.00000", "2007-09-30": "-19.00000", "2007-06-30": "-15.00000", "2007-03-31": "-19.00000", "2006-12-31": "-19.00000", "2006-09-30": "-20.00000", "2006-06-30": "-15.00000", "2006-03-31": "-18.00000", "2005-12-31": "-19.00000", "2005-09-30": "-19.00000", "2005-06-30": "-16.00000", "2005-03-31": "-18.00000"}, "Share Holder Equity": {"2020-12-31": "962.00000", "2020-09-30": "814.00000", "2020-06-30": "1043.00000", "2020-03-31": "1035.00000", "2019-12-31": "1152.00000", "2019-09-30": "1134.00000", "2019-06-30": "1226.00000", "2019-03-31": "1232.00000", "2018-12-31": "1276.00000", "2018-09-30": "1279.00000", "2018-06-30": "1289.00000", "2018-03-31": "1343.00000", "2017-12-31": "1472.00000", "2017-09-30": "1625.00000", "2017-06-30": "1477.00000", "2017-03-31": "1398.00000", "2016-12-31": "1277.00000", "2016-09-30": "1372.00000", "2016-06-30": "1383.00000", "2016-03-31": "1353.00000", "2015-12-31": "1255.00000", "2015-09-30": "1338.00000", "2015-06-30": "1368.00000", "2015-03-31": "1837.00000", "2014-12-31": "1976.00000", "2014-09-30": "2064.00000", "2014-06-30": "2206.00000", "2014-03-31": "2149.00000", "2013-12-31": "2136.00000", "2013-09-30": "2083.00000", "2013-06-30": "2001.00000", "2013-03-31": "1950.00000", "2012-12-31": "1969.00000", "2012-09-30": "1939.00000", "2012-06-30": "1890.00000", "2012-03-31": "1878.00000", "2011-12-31": "1622.00000", "2011-09-30": "1616.00000", "2011-06-30": "1635.00000", "2011-03-31": "1567.00000", "2010-12-31": "1500.00000", "2010-09-30": "1417.00000", "2010-06-30": "1341.00000", "2010-03-31": "1301.00000", "2009-12-31": "1261.00000", "2009-09-30": "1237.00000", "2009-06-30": "1159.00000", "2009-03-31": "1142.00000", "2008-12-31": "1227.00000", "2008-09-30": "1249.00000", "2008-06-30": "1285.00000", "2008-03-31": "1262.00000", "2007-12-31": "1243.00000", "2007-09-30": "1194.00000", "2007-06-30": "1297.00000", "2007-03-31": "1293.00000", "2006-12-31": "1261.00000", "2006-09-30": "1196.00000", "2006-06-30": "1174.00000", "2006-03-31": "1138.00000", "2005-12-31": "1108.00000", "2005-09-30": "1099.00000", "2005-06-30": "1156.00000", "2005-03-31": "1181.00000"}, "Total Liabilities And Share Holders Equity": {"2020-12-31": "2980.00000", "2020-09-30": "2781.00000", "2020-06-30": "3019.00000", "2020-03-31": "3097.00000", "2019-12-31": "3151.00000", "2019-09-30": "3004.00000", "2019-06-30": "3119.00000", "2019-03-31": "3272.00000", "2018-12-31": "3255.00000", "2018-09-30": "3244.00000", "2018-06-30": "3057.00000", "2018-03-31": "3117.00000", "2017-12-31": "3189.00000", "2017-09-30": "3338.00000", "2017-06-30": "3178.00000", "2017-03-31": "3081.00000", "2016-12-31": "2929.00000", "2016-09-30": "3035.00000", "2016-06-30": "3033.00000", "2016-03-31": "2998.00000", "2015-12-31": "2955.00000", "2015-09-30": "3075.00000", "2015-06-30": "3236.00000", "2015-03-31": "3732.00000", "2014-12-31": "3977.00000", "2014-09-30": "4084.00000", "2014-06-30": "4298.00000", "2014-03-31": "4487.00000", "2013-12-31": "4455.00000", "2013-09-30": "4233.00000", "2013-06-30": "4340.00000", "2013-03-31": "4360.00000", "2012-12-31": "4376.00000", "2012-09-30": "4399.00000", "2012-06-30": "3369.00000", "2012-03-31": "3429.00000", "2011-12-31": "3086.00000", "2011-09-30": "3141.00000", "2011-06-30": "3102.00000", "2011-03-31": "3014.00000", "2010-12-31": "2911.00000", "2010-09-30": "2886.00000", "2010-06-30": "2704.00000", "2010-03-31": "2686.00000", "2009-12-31": "2670.00000", "2009-09-30": "2676.00000", "2009-06-30": "2471.00000", "2009-03-31": "2490.00000", "2008-12-31": "2723.00000", "2008-09-30": "2858.00000", "2008-06-30": "2941.00000", "2008-03-31": "2821.00000", "2007-12-31": "2760.00000", "2007-09-30": "2636.00000", "2007-06-30": "2628.00000", "2007-03-31": "2623.00000", "2006-12-31": "2590.00000", "2006-09-30": "2534.00000", "2006-06-30": "2498.00000", "2006-03-31": "2456.00000", "2005-12-31": "2425.00000", "2005-09-30": "2374.00000", "2005-06-30": "2374.00000", "2005-03-31": "2436.00000"}}, "cash flow statement": {"Net Income/Loss": {"2020-09-30": "-221.00000", "2019-09-30": "186.00000", "2018-09-30": "-74.00000", "2017-09-30": "273.00000", "2016-09-30": "162.00000", "2015-09-30": "-326.00000", "2014-09-30": "218.00000", "2013-09-30": "160.00000", "2012-09-30": "406.00000", "2011-09-30": "258.00000", "2010-09-30": "169.00000", "2009-09-30": "-75.00000", "2008-09-30": "106.00000", "2007-09-30": "129.00000", "2006-09-30": "88.00000", "2005-09-30": "-48.00000"}, "Total Depreciation And Amortization - Cash Flow": {"2020-09-30": "158.00000", "2019-09-30": "148.00000", "2018-09-30": "241.00000", "2017-09-30": "155.00000", "2016-09-30": "161.00000", "2015-09-30": "535.00000", "2014-09-30": "201.00000", "2013-09-30": "190.00000", "2012-09-30": "154.00000", "2011-09-30": "142.00000", "2010-09-30": "143.00000", "2009-09-30": "169.00000", "2008-09-30": "163.00000", "2007-09-30": "149.00000", "2006-09-30": "131.00000", "2005-09-30": "142.00000"}, "Other Non-Cash Items": {"2020-09-30": "277.00000", "2019-09-30": "27.00000", "2018-09-30": "240.00000", "2017-09-30": "-25.00000", "2016-09-30": "6.00000", "2015-09-30": "154.00000", "2014-09-30": "11.00000", "2013-09-30": "14.00000", "2012-09-30": "-188.00000", "2011-09-30": "-13.00000", "2010-09-30": "21.00000", "2009-09-30": "-16.00000", "2008-09-30": "-21.00000", "2007-09-30": "3.00000", "2006-09-30": "39.00000", "2005-09-30": "187.00000"}, "Total Non-Cash Items": {"2020-09-30": "435.00000", "2019-09-30": "175.00000", "2018-09-30": "481.00000", "2017-09-30": "130.00000", "2016-09-30": "167.00000", "2015-09-30": "689.00000", "2014-09-30": "212.00000", "2013-09-30": "204.00000", "2012-09-30": "-34.00000", "2011-09-30": "129.00000", "2010-09-30": "164.00000", "2009-09-30": "153.00000", "2008-09-30": "142.00000", "2007-09-30": "152.00000", "2006-09-30": "170.00000", "2005-09-30": "329.00000"}, "Change In Accounts Receivable": {"2020-09-30": "126.00000", "2019-09-30": "73.00000", "2018-09-30": "-127.00000", "2017-09-30": "-64.00000", "2016-09-30": "25.00000", "2015-09-30": "154.00000", "2014-09-30": "-54.00000", "2013-09-30": "34.00000", "2012-09-30": "6.00000", "2011-09-30": "-111.00000", "2010-09-30": "-116.00000", "2009-09-30": "215.00000", "2008-09-30": "-63.00000", "2007-09-30": "-6.00000", "2006-09-30": "-58.00000", "2005-09-30": "-39.00000"}, "Change In Inventories": {"2020-09-30": "114.00000", "2019-09-30": "27.00000", "2018-09-30": "-105.00000", "2017-09-30": "-61.00000", "2016-09-30": "54.00000", "2015-09-30": "58.00000", "2014-09-30": "-56.00000", "2013-09-30": "64.00000", "2012-09-30": "-30.00000", "2011-09-30": "-79.00000", "2010-09-30": "-7.00000", "2009-09-30": "184.00000", "2008-09-30": "-68.00000", "2007-09-30": "-8.00000", "2006-09-30": "82.00000", "2005-09-30": "-9.00000"}, "Change In Accounts Payable": {"2020-09-30": "", "2019-09-30": "", "2018-09-30": "", "2017-09-30": "", "2016-09-30": "", "2015-09-30": "", "2014-09-30": "", "2013-09-30": "", "2012-09-30": "", "2011-09-30": "", "2010-09-30": "", "2009-09-30": "", "2008-09-30": "", "2007-09-30": "", "2006-09-30": "", "2005-09-30": ""}, "Change In Assets/Liabilities": {"2020-09-30": "-17.00000", "2019-09-30": "-17.00000", "2018-09-30": "-6.00000", "2017-09-30": "-19.00000", "2016-09-30": "15.00000", "2015-09-30": "18.00000", "2014-09-30": "9.00000", "2013-09-30": "4.00000", "2012-09-30": "-2.00000", "2011-09-30": "-26.00000", "2010-09-30": "-15.00000", "2009-09-30": "-20.00000", "2008-09-30": "10.00000", "2007-09-30": "18.00000", "2006-09-30": "-13.00000", "2005-09-30": "-52.00000"}, "Total Change In Assets/Liabilities": {"2020-09-30": "163.00000", "2019-09-30": "2.00000", "2018-09-30": "-109.00000", "2017-09-30": "-55.00000", "2016-09-30": "63.00000", "2015-09-30": "136.00000", "2014-09-30": "-115.00000", "2013-09-30": "55.00000", "2012-09-30": "61.00000", "2011-09-30": "-192.00000", "2010-09-30": "-84.00000", "2009-09-30": "321.00000", "2008-09-30": "-124.00000", "2007-09-30": "26.00000", "2006-09-30": "-6.00000", "2005-09-30": "-63.00000"}, "Cash Flow From Operating Activities": {"2020-09-30": "377.00000", "2019-09-30": "363.00000", "2018-09-30": "298.00000", "2017-09-30": "348.00000", "2016-09-30": "392.00000", "2015-09-30": "499.00000", "2014-09-30": "315.00000", "2013-09-30": "419.00000", "2012-09-30": "415.00000", "2011-09-30": "195.00000", "2010-09-30": "249.00000", "2009-09-30": "399.00000", "2008-09-30": "124.00000", "2007-09-30": "309.00000", "2006-09-30": "252.00000", "2005-09-30": "218.00000"}, "Net Change In Property, Plant, And Equipment": {"2020-09-30": "-200.00000", "2019-09-30": "-224.00000", "2018-09-30": "-190.00000", "2017-09-30": "-147.00000", "2016-09-30": "-96.00000", "2015-09-30": "-141.00000", "2014-09-30": "-171.00000", "2013-09-30": "-264.00000", "2012-09-30": "-279.00000", "2011-09-30": "-224.00000", "2010-09-30": "-102.00000", "2009-09-30": "-104.00000", "2008-09-30": "-181.00000", "2007-09-30": "-136.00000", "2006-09-30": "-179.00000", "2005-09-30": "-185.00000"}, "Net Change In Intangible Assets": {"2020-09-30": "", "2019-09-30": "", "2018-09-30": "", "2017-09-30": "", "2016-09-30": "", "2015-09-30": "", "2014-09-30": "", "2013-09-30": "", "2012-09-30": "", "2011-09-30": "", "2010-09-30": "", "2009-09-30": "", "2008-09-30": "", "2007-09-30": "", "2006-09-30": "", "2005-09-30": ""}, "Net Acquisitions/Divestitures": {"2020-09-30": "-92.00000", "2019-09-30": "132.00000", "2018-09-30": "-64.00000", "2017-09-30": "", "2016-09-30": "", "2015-09-30": "", "2014-09-30": "-73.00000", "2013-09-30": "", "2012-09-30": "-923.00000", "2011-09-30": "", "2010-09-30": "-5.00000", "2009-09-30": "", "2008-09-30": "7.00000", "2007-09-30": "", "2006-09-30": "-19.00000", "2005-09-30": ""}, "Net Change In Short-term Investments": {"2020-09-30": "", "2019-09-30": "", "2018-09-30": "", "2017-09-30": "", "2016-09-30": "", "2015-09-30": "", "2014-09-30": "", "2013-09-30": "", "2012-09-30": "", "2011-09-30": "", "2010-09-30": "", "2009-09-30": "", "2008-09-30": "", "2007-09-30": "0.00000", "2006-09-30": "36.00000", "2005-09-30": "70.00000"}, "Net Change In Long-Term Investments": {"2020-09-30": "", "2019-09-30": "", "2018-09-30": "11.00000", "2017-09-30": "", "2016-09-30": "", "2015-09-30": "", "2014-09-30": "235.00000", "2013-09-30": "39.00000", "2012-09-30": "23.00000", "2011-09-30": "-2.00000", "2010-09-30": "", "2009-09-30": "-3.00000", "2008-09-30": "", "2007-09-30": "", "2006-09-30": "", "2005-09-30": ""}, "Net Change In Investments - Total": {"2020-09-30": "", "2019-09-30": "", "2018-09-30": "11.00000", "2017-09-30": "", "2016-09-30": "", "2015-09-30": "", "2014-09-30": "235.00000", "2013-09-30": "39.00000", "2012-09-30": "23.00000", "2011-09-30": "-2.00000", "2010-09-30": "", "2009-09-30": "-3.00000", "2008-09-30": "", "2007-09-30": "", "2006-09-30": "36.00000", "2005-09-30": "70.00000"}, "Investing Activities - Other": {"2020-09-30": "4.00000", "2019-09-30": "-2.00000", "2018-09-30": "-3.00000", "2017-09-30": "-2.00000", "2016-09-30": "-8.00000", "2015-09-30": "-21.00000", "2014-09-30": "-7.00000", "2013-09-30": "-2.00000", "2012-09-30": "-1.00000", "2011-09-30": "-6.00000", "2010-09-30": "-5.00000", "2009-09-30": "2.00000", "2008-09-30": "-2.00000", "2007-09-30": "-7.00000", "2006-09-30": "-3.00000", "2005-09-30": "-4.00000"}, "Cash Flow From Investing Activities": {"2020-09-30": "-288.00000", "2019-09-30": "-94.00000", "2018-09-30": "-246.00000", "2017-09-30": "-149.00000", "2016-09-30": "-104.00000", "2015-09-30": "-162.00000", "2014-09-30": "-16.00000", "2013-09-30": "-227.00000", "2012-09-30": "-1180.00000", "2011-09-30": "-232.00000", "2010-09-30": "-112.00000", "2009-09-30": "-105.00000", "2008-09-30": "-176.00000", "2007-09-30": "-143.00000", "2006-09-30": "-165.00000", "2005-09-30": "-119.00000"}, "Net Long-Term Debt": {"2020-09-30": "34.00000", "2019-09-30": "277.00000", "2018-09-30": "-165.00000", "2017-09-30": "-4.00000", "2016-09-30": "-56.00000", "2015-09-30": "-60.00000", "2014-09-30": "-10.00000", "2013-09-30": "-352.00000", "2012-09-30": "735.00000", "2011-09-30": "5.00000", "2010-09-30": "", "2009-09-30": "-53.00000", "2008-09-30": "93.00000", "2007-09-30": "39.00000", "2006-09-30": "-11.00000", "2005-09-30": "-4.00000"}, "Net Current Debt": {"2020-09-30": "-19.00000", "2019-09-30": "-216.00000", "2018-09-30": "245.00000", "2017-09-30": "2.00000", "2016-09-30": "-12.00000", "2015-09-30": "-18.00000", "2014-09-30": "-215.00000", "2013-09-30": "229.00000", "2012-09-30": "-42.00000", "2011-09-30": "30.00000", "2010-09-30": "-8.00000", "2009-09-30": "-16.00000", "2008-09-30": "14.00000", "2007-09-30": "-8.00000", "2006-09-30": "", "2005-09-30": "15.00000"}, "Debt Issuance/Retirement Net - Total": {"2020-09-30": "15.00000", "2019-09-30": "61.00000", "2018-09-30": "80.00000", "2017-09-30": "-2.00000", "2016-09-30": "-68.00000", "2015-09-30": "-78.00000", "2014-09-30": "-225.00000", "2013-09-30": "-123.00000", "2012-09-30": "693.00000", "2011-09-30": "35.00000", "2010-09-30": "-8.00000", "2009-09-30": "-69.00000", "2008-09-30": "107.00000", "2007-09-30": "31.00000", "2006-09-30": "-11.00000", "2005-09-30": "11.00000"}, "Net Common Equity Issued/Repurchased": {"2020-09-30": "-41.00000", "2019-09-30": "-169.00000", "2018-09-30": "-120.00000", "2017-09-30": "-40.00000", "2016-09-30": "-35.00000", "2015-09-30": "-97.00000", "2014-09-30": "-4.00000", "2013-09-30": "3.00000", "2012-09-30": "-26.00000", "2011-09-30": "-48.00000", "2010-09-30": "4.00000", "2009-09-30": "-2.00000", "2008-09-30": "", "2007-09-30": "", "2006-09-30": "", "2005-09-30": ""}, "Net Total Equity Issued/Repurchased": {"2020-09-30": "-41.00000", "2019-09-30": "-194.00000", "2018-09-30": "-120.00000", "2017-09-30": "-40.00000", "2016-09-30": "-35.00000", "2015-09-30": "-95.00000", "2014-09-30": "-4.00000", "2013-09-30": "3.00000", "2012-09-30": "-26.00000", "2011-09-30": "-48.00000", "2010-09-30": "4.00000", "2009-09-30": "-2.00000", "2008-09-30": "-34.00000", "2007-09-30": "-193.00000", "2006-09-30": "-30.00000", "2005-09-30": "-47.00000"}, "Total Common And Preferred Stock Dividends Paid": {"2020-09-30": "-106.00000", "2019-09-30": "-103.00000", "2018-09-30": "-101.00000", "2017-09-30": "-91.00000", "2016-09-30": "-81.00000", "2015-09-30": "-83.00000", "2014-09-30": "-73.00000", "2013-09-30": "-68.00000", "2012-09-30": "-65.00000", "2011-09-30": "-59.00000", "2010-09-30": "-53.00000", "2009-09-30": "-57.00000", "2008-09-30": "-65.00000", "2007-09-30": "-60.00000", "2006-09-30": "-50.00000", "2005-09-30": "-51.00000"}, "Financial Activities - Other": {"2020-09-30": "", "2019-09-30": "", "2018-09-30": "", "2017-09-30": "", "2016-09-30": "", "2015-09-30": "", "2014-09-30": "", "2013-09-30": "-18.00000", "2012-09-30": "4.00000", "2011-09-30": "", "2010-09-30": "", "2009-09-30": "1.00000", "2008-09-30": "15.00000", "2007-09-30": "11.00000", "2006-09-30": "9.00000", "2005-09-30": "12.00000"}, "Cash Flow From Financial Activities": {"2020-09-30": "-132.00000", "2019-09-30": "-236.00000", "2018-09-30": "-141.00000", "2017-09-30": "-133.00000", "2016-09-30": "-184.00000", "2015-09-30": "-256.00000", "2014-09-30": "-302.00000", "2013-09-30": "-206.00000", "2012-09-30": "606.00000", "2011-09-30": "-72.00000", "2010-09-30": "-57.00000", "2009-09-30": "-127.00000", "2008-09-30": "23.00000", "2007-09-30": "-211.00000", "2006-09-30": "-82.00000", "2005-09-30": "-75.00000"}, "Net Cash Flow": {"2020-09-30": "-18.00000", "2019-09-30": "-6.00000", "2018-09-30": "-105.00000", "2017-09-30": "80.00000", "2016-09-30": "123.00000", "2015-09-30": "10.00000", "2014-09-30": "-28.00000", "2013-09-30": "-25.00000", "2012-09-30": "-166.00000", "2011-09-30": "-101.00000", "2010-09-30": "83.00000", "2009-09-30": "175.00000", "2008-09-30": "-25.00000", "2007-09-30": "-35.00000", "2006-09-30": "8.00000", "2005-09-30": "22.00000"}, "Stock-Based Compensation": {"2020-09-30": "9.00000", "2019-09-30": "11.00000", "2018-09-30": "22.00000", "2017-09-30": "16.00000", "2016-09-30": "17.00000", "2015-09-30": "10.00000", "2014-09-30": "14.00000", "2013-09-30": "16.00000", "2012-09-30": "18.00000", "2011-09-30": "19.00000", "2010-09-30": "27.00000", "2009-09-30": "27.00000", "2008-09-30": "30.00000", "2007-09-30": "23.00000", "2006-09-30": "26.00000", "2005-09-30": "27.00000"}, "Common Stock Dividends Paid": {"2020-09-30": "-106.00000", "2019-09-30": "-103.00000", "2018-09-30": "-101.00000", "2017-09-30": "-91.00000", "2016-09-30": "-81.00000", "2015-09-30": "-83.00000", "2014-09-30": "-73.00000", "2013-09-30": "-68.00000", "2012-09-30": "-65.00000", "2011-09-30": "-59.00000", "2010-09-30": "-53.00000", "2009-09-30": "-57.00000", "2008-09-30": "-65.00000", "2007-09-30": "-60.00000", "2006-09-30": "-50.00000", "2005-09-30": "-51.00000"}}, "cash flow statement, quarterly": {"Net Income/Loss": {"2020-12-31": "70.00000", "2020-09-30": -265, "2020-06-30": -5, "2020-03-31": 3, "2019-12-31": "46.00000", "2019-09-30": 40, "2019-06-30": 40, "2019-03-31": 29, "2018-12-31": "77.00000", "2018-09-30": 102, "2018-06-30": 99, "2018-03-31": -163, "2017-12-31": "-112.00000", "2017-09-30": 79, "2017-06-30": 55, "2017-03-31": 80, "2016-12-31": "59.00000", "2016-09-30": 53, "2016-06-30": 60, "2016-03-31": 52, "2015-12-31": "-3.00000", "2015-09-30": 41, "2015-06-30": -443, "2015-03-31": 27, "2014-12-31": "49.00000", "2014-09-30": 36, "2014-06-30": 57, "2014-03-31": 39, "2013-12-31": "86.00000", "2013-09-30": 51, "2013-06-30": 62, "2013-03-31": 23, "2012-12-31": "24.00000", "2012-09-30": 40, "2012-06-30": 70, "2012-03-31": 245, "2011-12-31": "51.00000", "2011-09-30": 55, "2011-06-30": 67, "2011-03-31": 56, "2010-12-31": "80.00000", "2010-09-30": 37, "2010-06-30": 51, "2010-03-31": 47, "2009-12-31": "34.00000", "2009-09-30": -8, "2009-06-30": -9, "2009-03-31": -60, "2008-12-31": "2.00000", "2008-09-30": 32, "2008-06-30": 27, "2008-03-31": 11, "2007-12-31": "36.00000", "2007-09-30": 24, "2007-06-30": 20, "2007-03-31": 31, "2006-12-31": "54.00000", "2006-09-30": 27, "2006-06-30": 25, "2006-03-31": 12, "2005-12-31": "24.00000", "2005-09-30": -60, "2005-06-30": 27, "2005-03-31": -15}, "Total Depreciation And Amortization - Cash Flow": {"2020-12-31": "39.00000", "2020-09-30": 41, "2020-06-30": 39, "2020-03-31": 39, "2019-12-31": "39.00000", "2019-09-30": 38, "2019-06-30": 37, "2019-03-31": 38, "2018-12-31": "35.00000", "2018-09-30": 32, "2018-06-30": 38, "2018-03-31": 132, "2017-12-31": "39.00000", "2017-09-30": 40, "2017-06-30": 39, "2017-03-31": 38, "2016-12-31": "38.00000", "2016-09-30": 39, "2016-06-30": 40, "2016-03-31": 41, "2015-12-31": "41.00000", "2015-09-30": 42, "2015-06-30": 401, "2015-03-31": 47, "2014-12-31": "45.00000", "2014-09-30": 51, "2014-06-30": 50, "2014-03-31": 49, "2013-12-31": "51.00000", "2013-09-30": 46, "2013-06-30": 45, "2013-03-31": 50, "2012-12-31": "49.00000", "2012-09-30": 45, "2012-06-30": 35, "2012-03-31": 38, "2011-12-31": "36.00000", "2011-09-30": 37, "2011-06-30": 35, "2011-03-31": 35, "2010-12-31": "35.00000", "2010-09-30": 36, "2010-06-30": 40, "2010-03-31": 34, "2009-12-31": "33.00000", "2009-09-30": 45, "2009-06-30": 45, "2009-03-31": 44, "2008-12-31": "35.00000", "2008-09-30": 40, "2008-06-30": 39, "2008-03-31": 42, "2007-12-31": "42.00000", "2007-09-30": 41, "2007-06-30": 38, "2007-03-31": 35, "2006-12-31": "35.00000", "2006-09-30": 39, "2006-06-30": 31, "2006-03-31": 31, "2005-12-31": "30.00000", "2005-09-30": -54, "2005-06-30": 36, "2005-03-31": 160}, "Other Non-Cash Items": {"2020-12-31": "13.00000", "2020-09-30": 290, "2020-06-30": 4, "2020-03-31": -12, "2019-12-31": "-5.00000", "2019-09-30": -6, "2019-06-30": 19, "2019-03-31": 26, "2018-12-31": "-12.00000", "2018-09-30": -60, "2018-06-30": -22, "2018-03-31": 141, "2017-12-31": "181.00000", "2017-09-30": -2, "2017-06-30": 0, "2017-03-31": -25, "2016-12-31": "2.00000", "2016-09-30": -16, "2016-06-30": -5, "2016-03-31": -7, "2015-12-31": "34.00000", "2015-09-30": 0, "2015-06-30": 135, "2015-03-31": 5, "2014-12-31": "14.00000", "2014-09-30": 39, "2014-06-30": -7, "2014-03-31": 0, "2013-12-31": "-21.00000", "2013-09-30": -13, "2013-06-30": -2, "2013-03-31": 24, "2012-12-31": "5.00000", "2012-09-30": -29, "2012-06-30": 6, "2012-03-31": -176, "2011-12-31": "11.00000", "2011-09-30": -10, "2011-06-30": 2, "2011-03-31": 15, "2010-12-31": "-20.00000", "2010-09-30": -11, "2010-06-30": 16, "2010-03-31": 11, "2009-12-31": "5.00000", "2009-09-30": -9, "2009-06-30": 18, "2009-03-31": -29, "2008-12-31": "4.00000", "2008-09-30": -16, "2008-06-30": 2, "2008-03-31": 9, "2007-12-31": "-16.00000", "2007-09-30": -16, "2007-06-30": 5, "2007-03-31": 6, "2006-12-31": "8.00000", "2006-09-30": 14, "2006-06-30": 11, "2006-03-31": 2, "2005-12-31": "12.00000", "2005-09-30": 155, "2005-06-30": 10, "2005-03-31": 22}, "Total Non-Cash Items": {"2020-12-31": "52.00000", "2020-09-30": 331, "2020-06-30": 43, "2020-03-31": 27, "2019-12-31": "34.00000", "2019-09-30": 32, "2019-06-30": 56, "2019-03-31": 64, "2018-12-31": "23.00000", "2018-09-30": -28, "2018-06-30": 16, "2018-03-31": 273, "2017-12-31": "220.00000", "2017-09-30": 38, "2017-06-30": 39, "2017-03-31": 13, "2016-12-31": "40.00000", "2016-09-30": 23, "2016-06-30": 35, "2016-03-31": 34, "2015-12-31": "75.00000", "2015-09-30": 42, "2015-06-30": 536, "2015-03-31": 52, "2014-12-31": "59.00000", "2014-09-30": 90, "2014-06-30": 43, "2014-03-31": 49, "2013-12-31": "30.00000", "2013-09-30": 33, "2013-06-30": 43, "2013-03-31": 74, "2012-12-31": "54.00000", "2012-09-30": 16, "2012-06-30": 41, "2012-03-31": -138, "2011-12-31": "47.00000", "2011-09-30": 27, "2011-06-30": 37, "2011-03-31": 50, "2010-12-31": "15.00000", "2010-09-30": 25, "2010-06-30": 56, "2010-03-31": 45, "2009-12-31": "38.00000", "2009-09-30": 36, "2009-06-30": 63, "2009-03-31": 15, "2008-12-31": "39.00000", "2008-09-30": 24, "2008-06-30": 41, "2008-03-31": 51, "2007-12-31": "26.00000", "2007-09-30": 25, "2007-06-30": 43, "2007-03-31": 41, "2006-12-31": "43.00000", "2006-09-30": 53, "2006-06-30": 42, "2006-03-31": 33, "2005-12-31": "42.00000", "2005-09-30": 101, "2005-06-30": 46, "2005-03-31": 182}, "Change In Accounts Receivable": {"2020-12-31": "", "2020-09-30": -46, "2020-06-30": 116, "2020-03-31": 2, "2019-12-31": "54.00000", "2019-09-30": 67, "2019-06-30": -33, "2019-03-31": -8, "2018-12-31": "47.00000", "2018-09-30": 24, "2018-06-30": -64, "2018-03-31": -68, "2017-12-31": "-19.00000", "2017-09-30": 0, "2017-06-30": 14, "2017-03-31": -106, "2016-12-31": "28.00000", "2016-09-30": -17, "2016-06-30": -29, "2016-03-31": 41, "2015-12-31": "30.00000", "2015-09-30": 74, "2015-06-30": 9, "2015-03-31": 48, "2014-12-31": "23.00000", "2014-09-30": 8, "2014-06-30": -10, "2014-03-31": -18, "2013-12-31": "-34.00000", "2013-09-30": 72, "2013-06-30": -30, "2013-03-31": -70, "2012-12-31": "62.00000", "2012-09-30": 81, "2012-06-30": 30, "2012-03-31": -93, "2011-12-31": "-12.00000", "2011-09-30": -15, "2011-06-30": -64, "2011-03-31": -38, "2010-12-31": "6.00000", "2010-09-30": 26, "2010-06-30": -53, "2010-03-31": -50, "2009-12-31": "-39.00000", "2009-09-30": -15, "2009-06-30": -8, "2009-03-31": 139, "2008-12-31": "99.00000", "2008-09-30": -7, "2008-06-30": -26, "2008-03-31": -10, "2007-12-31": "-20.00000", "2007-09-30": 3, "2007-06-30": -17, "2007-03-31": 5, "2006-12-31": "3.00000", "2006-09-30": 9, "2006-06-30": -25, "2006-03-31": -24, "2005-12-31": "-18.00000", "2005-09-30": 12, "2005-06-30": -27, "2005-03-31": -24}, "Change In Inventories": {"2020-12-31": "", "2020-09-30": 40, "2020-06-30": 82, "2020-03-31": -1, "2019-12-31": "-7.00000", "2019-09-30": 41, "2019-06-30": 37, "2019-03-31": 32, "2018-12-31": "-83.00000", "2018-09-30": -28, "2018-06-30": -16, "2018-03-31": -20, "2017-12-31": "-41.00000", "2017-09-30": 0, "2017-06-30": 4, "2017-03-31": -29, "2016-12-31": "-36.00000", "2016-09-30": -7, "2016-06-30": 12, "2016-03-31": 33, "2015-12-31": "16.00000", "2015-09-30": 25, "2015-06-30": -22, "2015-03-31": 48, "2014-12-31": "7.00000", "2014-09-30": 10, "2014-06-30": 10, "2014-03-31": -37, "2013-12-31": "-39.00000", "2013-09-30": 73, "2013-06-30": 34, "2013-03-31": 12, "2012-12-31": "-55.00000", "2012-09-30": 25, "2012-06-30": -3, "2012-03-31": -6, "2011-12-31": "-46.00000", "2011-09-30": -33, "2011-06-30": 0, "2011-03-31": -40, "2010-12-31": "-6.00000", "2010-09-30": 2, "2010-06-30": 13, "2010-03-31": 0, "2009-12-31": "-22.00000", "2009-09-30": 1, "2009-06-30": 20, "2009-03-31": 114, "2008-12-31": "49.00000", "2008-09-30": 5, "2008-06-30": -34, "2008-03-31": 11, "2007-12-31": "-50.00000", "2007-09-30": -1, "2007-06-30": -4, "2007-03-31": 1, "2006-12-31": "-4.00000", "2006-09-30": 27, "2006-06-30": 54, "2006-03-31": 20, "2005-12-31": "-19.00000", "2005-09-30": 41, "2005-06-30": 3, "2005-03-31": -53}, "Change In Accounts Payable": {"2020-12-31": "", "2020-09-30": 0, "2020-06-30": 0, "2020-03-31": 0, "2019-12-31": "", "2019-09-30": 0, "2019-06-30": 0, "2019-03-31": 0, "2018-12-31": "", "2018-09-30": 0, "2018-06-30": 0, "2018-03-31": 0, "2017-12-31": "", "2017-09-30": 0, "2017-06-30": 0, "2017-03-31": 0, "2016-12-31": "", "2016-09-30": 0, "2016-06-30": 0, "2016-03-31": 0, "2015-12-31": "", "2015-09-30": 0, "2015-06-30": 0, "2015-03-31": 0, "2014-12-31": "", "2014-09-30": 0, "2014-06-30": 0, "2014-03-31": 0, "2013-12-31": "", "2013-09-30": 0, "2013-06-30": 0, "2013-03-31": 0, "2012-12-31": "", "2012-09-30": 0, "2012-06-30": 0, "2012-03-31": 0, "2011-12-31": "", "2011-09-30": 0, "2011-06-30": 0, "2011-03-31": 0, "2010-12-31": "", "2010-09-30": 0, "2010-06-30": 0, "2010-03-31": 0, "2009-12-31": "", "2009-09-30": 0, "2009-06-30": 0, "2009-03-31": 0, "2008-12-31": "", "2008-09-30": 0, "2008-06-30": 0, "2008-03-31": 0, "2007-12-31": "", "2007-09-30": 0, "2007-06-30": 0, "2007-03-31": 0, "2006-12-31": "", "2006-09-30": 0, "2006-06-30": 0, "2006-03-31": 0, "2005-12-31": "", "2005-09-30": 0, "2005-06-30": 0, "2005-03-31": 0}, "Change In Assets/Liabilities": {"2020-12-31": "-101.00000", "2020-09-30": 21, "2020-06-30": 0, "2020-03-31": -16, "2019-12-31": "-22.00000", "2019-09-30": 9, "2019-06-30": 6, "2019-03-31": -19, "2018-12-31": "-13.00000", "2018-09-30": -2, "2018-06-30": 19, "2018-03-31": -13, "2017-12-31": "-10.00000", "2017-09-30": -12, "2017-06-30": 14, "2017-03-31": -19, "2016-12-31": "-2.00000", "2016-09-30": 12, "2016-06-30": 23, "2016-03-31": 3, "2015-12-31": "-23.00000", "2015-09-30": 27, "2015-06-30": -3, "2015-03-31": 1, "2014-12-31": "-7.00000", "2014-09-30": 3, "2014-06-30": 0, "2014-03-31": 11, "2013-12-31": "-5.00000", "2013-09-30": 6, "2013-06-30": 16, "2013-03-31": -6, "2012-12-31": "-12.00000", "2012-09-30": -18, "2012-06-30": 11, "2012-03-31": -10, "2011-12-31": "15.00000", "2011-09-30": -33, "2011-06-30": 21, "2011-03-31": -9, "2010-12-31": "-5.00000", "2010-09-30": -12, "2010-06-30": -1, "2010-03-31": 1, "2009-12-31": "-3.00000", "2009-09-30": -2, "2009-06-30": -13, "2009-03-31": 2, "2008-12-31": "-7.00000", "2008-09-30": 18, "2008-06-30": 2, "2008-03-31": 9, "2007-12-31": "-19.00000", "2007-09-30": 7, "2007-06-30": 8, "2007-03-31": 22, "2006-12-31": "-19.00000", "2006-09-30": 20, "2006-06-30": -17, "2006-03-31": -12, "2005-12-31": "-4.00000", "2005-09-30": -28, "2005-06-30": -17, "2005-03-31": -7}, "Total Change In Assets/Liabilities": {"2020-12-31": "-101.00000", "2020-09-30": 33, "2020-06-30": 111, "2020-03-31": -6, "2019-12-31": "25.00000", "2019-09-30": 125, "2019-06-30": 19, "2019-03-31": -3, "2018-12-31": "-139.00000", "2018-09-30": 81, "2018-06-30": -53, "2018-03-31": -74, "2017-12-31": "-63.00000", "2017-09-30": 40, "2017-06-30": 39, "2017-03-31": -142, "2016-12-31": "8.00000", "2016-09-30": 21, "2016-06-30": 12, "2016-03-31": 19, "2015-12-31": "11.00000", "2015-09-30": 138, "2015-06-30": -24, "2015-03-31": 74, "2014-12-31": "-52.00000", "2014-09-30": 5, "2014-06-30": 15, "2014-03-31": 1, "2013-12-31": "-136.00000", "2013-09-30": 195, "2013-06-30": 33, "2013-03-31": -44, "2012-12-31": "-129.00000", "2012-09-30": 193, "2012-06-30": -20, "2012-03-31": -34, "2011-12-31": "-78.00000", "2011-09-30": -4, "2011-06-30": -45, "2011-03-31": -88, "2010-12-31": "-55.00000", "2010-09-30": 88, "2010-06-30": -20, "2010-03-31": -48, "2009-12-31": "-104.00000", "2009-09-30": 54, "2009-06-30": -24, "2009-03-31": 240, "2008-12-31": "51.00000", "2008-09-30": 24, "2008-06-30": -14, "2008-03-31": -30, "2007-12-31": "-104.00000", "2007-09-30": 36, "2007-06-30": -14, "2007-03-31": 49, "2006-12-31": "-45.00000", "2006-09-30": 57, "2006-06-30": 26, "2006-03-31": -40, "2005-12-31": "-49.00000", "2005-09-30": 83, "2005-06-30": -52, "2005-03-31": -94}, "Cash Flow From Operating Activities": {"2020-12-31": "21.00000", "2020-09-30": 99, "2020-06-30": 149, "2020-03-31": 24, "2019-12-31": "105.00000", "2019-09-30": 197, "2019-06-30": 115, "2019-03-31": 90, "2018-12-31": "-39.00000", "2018-09-30": 155, "2018-06-30": 62, "2018-03-31": 36, "2017-12-31": "45.00000", "2017-09-30": 157, "2017-06-30": 133, "2017-03-31": -49, "2016-12-31": "107.00000", "2016-09-30": 97, "2016-06-30": 107, "2016-03-31": 105, "2015-12-31": "83.00000", "2015-09-30": 221, "2015-06-30": 73, "2015-03-31": 149, "2014-12-31": "56.00000", "2014-09-30": 130, "2014-06-30": 116, "2014-03-31": 87, "2013-12-31": "-18.00000", "2013-09-30": 277, "2013-06-30": 138, "2013-03-31": 55, "2012-12-31": "-51.00000", "2012-09-30": 231, "2012-06-30": 91, "2012-03-31": 73, "2011-12-31": "20.00000", "2011-09-30": 78, "2011-06-30": 59, "2011-03-31": 18, "2010-12-31": "40.00000", "2010-09-30": 150, "2010-06-30": 87, "2010-03-31": 44, "2009-12-31": "-32.00000", "2009-09-30": 82, "2009-06-30": 30, "2009-03-31": 195, "2008-12-31": "92.00000", "2008-09-30": 80, "2008-06-30": 54, "2008-03-31": 32, "2007-12-31": "-42.00000", "2007-09-30": 87, "2007-06-30": 49, "2007-03-31": 121, "2006-12-31": "52.00000", "2006-09-30": 137, "2006-06-30": 93, "2006-03-31": 5, "2005-12-31": "17.00000", "2005-09-30": 124, "2005-06-30": 21, "2005-03-31": 73}, "Net Change In Property, Plant, And Equipment": {"2020-12-31": "-29.00000", "2020-09-30": -38, "2020-06-30": -43, "2020-03-31": -51, "2019-12-31": "-68.00000", "2019-09-30": -69, "2019-06-30": -58, "2019-03-31": -43, "2018-12-31": "-54.00000", "2018-09-30": -36, "2018-06-30": -58, "2018-03-31": -44, "2017-12-31": "-52.00000", "2017-09-30": -61, "2017-06-30": -41, "2017-03-31": -23, "2016-12-31": "-22.00000", "2016-09-30": -32, "2016-06-30": -28, "2016-03-31": -19, "2015-12-31": "-17.00000", "2015-09-30": -38, "2015-06-30": -33, "2015-03-31": -29, "2014-12-31": "-41.00000", "2014-09-30": -56, "2014-06-30": -45, "2014-03-31": -28, "2013-12-31": "-42.00000", "2013-09-30": -69, "2013-06-30": -68, "2013-03-31": -65, "2012-12-31": "-62.00000", "2012-09-30": -103, "2012-06-30": -59, "2012-03-31": -56, "2011-12-31": "-61.00000", "2011-09-30": -95, "2011-06-30": -57, "2011-03-31": -41, "2010-12-31": "-31.00000", "2010-09-30": -51, "2010-06-30": -23, "2010-03-31": -18, "2009-12-31": "-10.00000", "2009-09-30": -29, "2009-06-30": -22, "2009-03-31": -24, "2008-12-31": "-29.00000", "2008-09-30": -74, "2008-06-30": -53, "2008-03-31": -39, "2007-12-31": "-15.00000", "2007-09-30": -57, "2007-06-30": -32, "2007-03-31": -23, "2006-12-31": "-24.00000", "2006-09-30": -43, "2006-06-30": -41, "2006-03-31": -46, "2005-12-31": "-49.00000", "2005-09-30": -72, "2005-06-30": -45, "2005-03-31": -68}, "Net Change In Intangible Assets": {"2020-12-31": "", "2020-09-30": 0, "2020-06-30": 0, "2020-03-31": 0, "2019-12-31": "", "2019-09-30": 0, "2019-06-30": 0, "2019-03-31": 0, "2018-12-31": "", "2018-09-30": 0, "2018-06-30": 0, "2018-03-31": 0, "2017-12-31": "", "2017-09-30": 0, "2017-06-30": 0, "2017-03-31": 0, "2016-12-31": "", "2016-09-30": 0, "2016-06-30": 0, "2016-03-31": 0, "2015-12-31": "", "2015-09-30": 0, "2015-06-30": 0, "2015-03-31": 0, "2014-12-31": "", "2014-09-30": 0, "2014-06-30": 0, "2014-03-31": 0, "2013-12-31": "", "2013-09-30": 0, "2013-06-30": 0, "2013-03-31": 0, "2012-12-31": "", "2012-09-30": 0, "2012-06-30": 0, "2012-03-31": 0, "2011-12-31": "", "2011-09-30": 0, "2011-06-30": 0, "2011-03-31": 0, "2010-12-31": "", "2010-09-30": 0, "2010-06-30": 0, "2010-03-31": 0, "2009-12-31": "", "2009-09-30": 0, "2009-06-30": 0, "2009-03-31": 0, "2008-12-31": "", "2008-09-30": 0, "2008-06-30": 0, "2008-03-31": 0, "2007-12-31": "", "2007-09-30": 0, "2007-06-30": 0, "2007-03-31": 0, "2006-12-31": "", "2006-09-30": 0, "2006-06-30": 0, "2006-03-31": 0, "2005-12-31": "", "2005-09-30": 0, "2005-06-30": 0, "2005-03-31": 0}, "Net Acquisitions/Divestitures": {"2020-12-31": "", "2020-09-30": 0, "2020-06-30": -84, "2020-03-31": 0, "2019-12-31": "-8.00000", "2019-09-30": 5, "2019-06-30": 127, "2019-03-31": 0, "2018-12-31": "", "2018-09-30": 0, "2018-06-30": 0, "2018-03-31": 0, "2017-12-31": "-64.00000", "2017-09-30": 0, "2017-06-30": 0, "2017-03-31": 0, "2016-12-31": "", "2016-09-30": 0, "2016-06-30": 0, "2016-03-31": 0, "2015-12-31": "", "2015-09-30": 0, "2015-06-30": 0, "2015-03-31": 0, "2014-12-31": "", "2014-09-30": 0, "2014-06-30": 0, "2014-03-31": 0, "2013-12-31": "-73.00000", "2013-09-30": 0, "2013-06-30": 0, "2013-03-31": 0, "2012-12-31": "", "2012-09-30": -1104, "2012-06-30": 6, "2012-03-31": 175, "2011-12-31": "", "2011-09-30": 0, "2011-06-30": 0, "2011-03-31": 0, "2010-12-31": "", "2010-09-30": -5, "2010-06-30": 0, "2010-03-31": 0, "2009-12-31": "", "2009-09-30": 0, "2009-06-30": 0, "2009-03-31": 0, "2008-12-31": "", "2008-09-30": 7, "2008-06-30": 0, "2008-03-31": 0, "2007-12-31": "", "2007-09-30": 0, "2007-06-30": 0, "2007-03-31": 0, "2006-12-31": "", "2006-09-30": 0, "2006-06-30": 0, "2006-03-31": 0, "2005-12-31": "-19.00000", "2005-09-30": 0, "2005-06-30": 0, "2005-03-31": 0}, "Net Change In Short-term Investments": {"2020-12-31": "", "2020-09-30": 0, "2020-06-30": 0, "2020-03-31": 0, "2019-12-31": "", "2019-09-30": 0, "2019-06-30": 0, "2019-03-31": 0, "2018-12-31": "", "2018-09-30": 0, "2018-06-30": 0, "2018-03-31": 0, "2017-12-31": "", "2017-09-30": 0, "2017-06-30": 0, "2017-03-31": 0, "2016-12-31": "", "2016-09-30": 0, "2016-06-30": 0, "2016-03-31": 0, "2015-12-31": "", "2015-09-30": 0, "2015-06-30": 0, "2015-03-31": 0, "2014-12-31": "", "2014-09-30": 0, "2014-06-30": 0, "2014-03-31": 0, "2013-12-31": "", "2013-09-30": 0, "2013-06-30": 4, "2013-03-31": -4, "2012-12-31": "", "2012-09-30": 0, "2012-06-30": 0, "2012-03-31": 0, "2011-12-31": "", "2011-09-30": 0, "2011-06-30": 0, "2011-03-31": 0, "2010-12-31": "", "2010-09-30": 0, "2010-06-30": 0, "2010-03-31": 0, "2009-12-31": "", "2009-09-30": 0, "2009-06-30": 0, "2009-03-31": 0, "2008-12-31": "", "2008-09-30": 0, "2008-06-30": 0, "2008-03-31": 0, "2007-12-31": "", "2007-09-30": 10, "2007-06-30": 10, "2007-03-31": 10, "2006-12-31": "-30.00000", "2006-09-30": -1, "2006-06-30": 0, "2006-03-31": 18, "2005-12-31": "19.00000", "2005-09-30": 5, "2005-06-30": 30, "2005-03-31": 35}, "Net Change In Long-Term Investments": {"2020-12-31": "", "2020-09-30": 0, "2020-06-30": 0, "2020-03-31": 0, "2019-12-31": "", "2019-09-30": 0, "2019-06-30": 0, "2019-03-31": 0, "2018-12-31": "", "2018-09-30": 0, "2018-06-30": 1, "2018-03-31": 0, "2017-12-31": "10.00000", "2017-09-30": 0, "2017-06-30": 0, "2017-03-31": 0, "2016-12-31": "", "2016-09-30": 0, "2016-06-30": 0, "2016-03-31": 0, "2015-12-31": "", "2015-09-30": 0, "2015-06-30": 0, "2015-03-31": 0, "2014-12-31": "", "2014-09-30": 235, "2014-06-30": 0, "2014-03-31": 0, "2013-12-31": "", "2013-09-30": 0, "2013-06-30": 9, "2013-03-31": 11, "2012-12-31": "19.00000", "2012-09-30": 1, "2012-06-30": 22, "2012-03-31": 0, "2011-12-31": "", "2011-09-30": 0, "2011-06-30": -2, "2011-03-31": 0, "2010-12-31": "", "2010-09-30": 0, "2010-06-30": 0, "2010-03-31": 0, "2009-12-31": "", "2009-09-30": 0, "2009-06-30": 0, "2009-03-31": 0, "2008-12-31": "-3.00000", "2008-09-30": -7, "2008-06-30": 7, "2008-03-31": 0, "2007-12-31": "", "2007-09-30": 0, "2007-06-30": 0, "2007-03-31": 0, "2006-12-31": "", "2006-09-30": 0, "2006-06-30": 0, "2006-03-31": 0, "2005-12-31": "", "2005-09-30": 0, "2005-06-30": 0, "2005-03-31": 0}, "Net Change In Investments - Total": {"2020-12-31": "", "2020-09-30": 0, "2020-06-30": 0, "2020-03-31": 0, "2019-12-31": "", "2019-09-30": 0, "2019-06-30": 0, "2019-03-31": 0, "2018-12-31": "", "2018-09-30": 0, "2018-06-30": 1, "2018-03-31": 0, "2017-12-31": "10.00000", "2017-09-30": 0, "2017-06-30": 0, "2017-03-31": 0, "2016-12-31": "", "2016-09-30": 0, "2016-06-30": 0, "2016-03-31": 0, "2015-12-31": "", "2015-09-30": 0, "2015-06-30": 0, "2015-03-31": 0, "2014-12-31": "", "2014-09-30": 235, "2014-06-30": 0, "2014-03-31": 0, "2013-12-31": "", "2013-09-30": 0, "2013-06-30": 13, "2013-03-31": 7, "2012-12-31": "19.00000", "2012-09-30": 1, "2012-06-30": 22, "2012-03-31": 0, "2011-12-31": "", "2011-09-30": 0, "2011-06-30": -2, "2011-03-31": 0, "2010-12-31": "", "2010-09-30": 0, "2010-06-30": 0, "2010-03-31": 0, "2009-12-31": "", "2009-09-30": 0, "2009-06-30": 0, "2009-03-31": 0, "2008-12-31": "-3.00000", "2008-09-30": -7, "2008-06-30": 7, "2008-03-31": 0, "2007-12-31": "", "2007-09-30": 10, "2007-06-30": 10, "2007-03-31": 10, "2006-12-31": "-30.00000", "2006-09-30": -1, "2006-06-30": 0, "2006-03-31": 18, "2005-12-31": "19.00000", "2005-09-30": 5, "2005-06-30": 30, "2005-03-31": 35}, "Investing Activities - Other": {"2020-12-31": "", "2020-09-30": 2, "2020-06-30": 1, "2020-03-31": 2, "2019-12-31": "-1.00000", "2019-09-30": 3, "2019-06-30": -4, "2019-03-31": -1, "2018-12-31": "", "2018-09-30": 1, "2018-06-30": 3, "2018-03-31": -12, "2017-12-31": "5.00000", "2017-09-30": 1, "2017-06-30": -1, "2017-03-31": -1, "2016-12-31": "-1.00000", "2016-09-30": -2, "2016-06-30": -1, "2016-03-31": -4, "2015-12-31": "-1.00000", "2015-09-30": -13, "2015-06-30": -1, "2015-03-31": -4, "2014-12-31": "-3.00000", "2014-09-30": -217, "2014-06-30": 215, "2014-03-31": -1, "2013-12-31": "-4.00000", "2013-09-30": 2, "2013-06-30": -4, "2013-03-31": 2, "2012-12-31": "-2.00000", "2012-09-30": -1, "2012-06-30": 6, "2012-03-31": -2, "2011-12-31": "-4.00000", "2011-09-30": 1, "2011-06-30": -6, "2011-03-31": -2, "2010-12-31": "1.00000", "2010-09-30": 1, "2010-06-30": 0, "2010-03-31": -1, "2009-12-31": "-5.00000", "2009-09-30": 3, "2009-06-30": 3, "2009-03-31": -1, "2008-12-31": "-3.00000", "2008-09-30": 1, "2008-06-30": 0, "2008-03-31": -1, "2007-12-31": "-2.00000", "2007-09-30": -4, "2007-06-30": -1, "2007-03-31": -2, "2006-12-31": "", "2006-09-30": -1, "2006-06-30": -1, "2006-03-31": -1, "2005-12-31": "", "2005-09-30": 0, "2005-06-30": -1, "2005-03-31": -3}, "Cash Flow From Investing Activities": {"2020-12-31": "-29.00000", "2020-09-30": -36, "2020-06-30": -126, "2020-03-31": -49, "2019-12-31": "-77.00000", "2019-09-30": -61, "2019-06-30": 65, "2019-03-31": -44, "2018-12-31": "-54.00000", "2018-09-30": -35, "2018-06-30": -54, "2018-03-31": -56, "2017-12-31": "-101.00000", "2017-09-30": -60, "2017-06-30": -42, "2017-03-31": -24, "2016-12-31": "-23.00000", "2016-09-30": -34, "2016-06-30": -29, "2016-03-31": -23, "2015-12-31": "-18.00000", "2015-09-30": -51, "2015-06-30": -34, "2015-03-31": -33, "2014-12-31": "-44.00000", "2014-09-30": -38, "2014-06-30": 170, "2014-03-31": -29, "2013-12-31": "-119.00000", "2013-09-30": -67, "2013-06-30": -59, "2013-03-31": -56, "2012-12-31": "-45.00000", "2012-09-30": -1207, "2012-06-30": -25, "2012-03-31": 117, "2011-12-31": "-65.00000", "2011-09-30": -94, "2011-06-30": -65, "2011-03-31": -43, "2010-12-31": "-30.00000", "2010-09-30": -55, "2010-06-30": -23, "2010-03-31": -19, "2009-12-31": "-15.00000", "2009-09-30": -26, "2009-06-30": -19, "2009-03-31": -25, "2008-12-31": "-35.00000", "2008-09-30": -73, "2008-06-30": -46, "2008-03-31": -40, "2007-12-31": "-17.00000", "2007-09-30": -51, "2007-06-30": -23, "2007-03-31": -15, "2006-12-31": "-54.00000", "2006-09-30": -45, "2006-06-30": -42, "2006-03-31": -29, "2005-12-31": "-49.00000", "2005-09-30": -67, "2005-06-30": -16, "2005-03-31": -36}, "Net Long-Term Debt": {"2020-12-31": "-16.00000", "2020-09-30": -76, "2020-06-30": -37, "2020-03-31": 98, "2019-12-31": "49.00000", "2019-09-30": -3, "2019-06-30": 326, "2019-03-31": 10, "2018-12-31": "-56.00000", "2018-09-30": -216, "2018-06-30": 300, "2018-03-31": -249, "2017-12-31": "", "2017-09-30": 0, "2017-06-30": -3, "2017-03-31": 3, "2016-12-31": "-4.00000", "2016-09-30": -41, "2016-06-30": 0, "2016-03-31": -12, "2015-12-31": "-3.00000", "2015-09-30": 1, "2015-06-30": -26, "2015-03-31": 0, "2014-12-31": "-35.00000", "2014-09-30": -23, "2014-06-30": -2, "2014-03-31": -3, "2013-12-31": "18.00000", "2013-09-30": -163, "2013-06-30": -18, "2013-03-31": -239, "2012-12-31": "68.00000", "2012-09-30": 744, "2012-06-30": -10, "2012-03-31": -6, "2011-12-31": "7.00000", "2011-09-30": 17, "2011-06-30": -12, "2011-03-31": 3, "2010-12-31": "-3.00000", "2010-09-30": -7, "2010-06-30": 9, "2010-03-31": -1, "2009-12-31": "-1.00000", "2009-09-30": 62, "2009-06-30": -39, "2009-03-31": -67, "2008-12-31": "-9.00000", "2008-09-30": 72, "2008-06-30": 1, "2008-03-31": 3, "2007-12-31": "17.00000", "2007-09-30": 67, "2007-06-30": -4, "2007-03-31": -25, "2006-12-31": "1.00000", "2006-09-30": -12, "2006-06-30": 1, "2006-03-31": 11, "2005-12-31": "-11.00000", "2005-09-30": 1, "2005-06-30": -5, "2005-03-31": 0}, "Net Current Debt": {"2020-12-31": "", "2020-09-30": 1, "2020-06-30": 13, "2020-03-31": -4, "2019-12-31": "-29.00000", "2019-09-30": -40, "2019-06-30": -473, "2019-03-31": 49, "2018-12-31": "248.00000", "2018-09-30": 243, "2018-06-30": -256, "2018-03-31": 258, "2017-12-31": "", "2017-09-30": 0, "2017-06-30": -6, "2017-03-31": 4, "2016-12-31": "4.00000", "2016-09-30": -12, "2016-06-30": 0, "2016-03-31": 11, "2015-12-31": "-11.00000", "2015-09-30": -130, "2015-06-30": 19, "2015-03-31": -25, "2014-12-31": "118.00000", "2014-09-30": -66, "2014-06-30": -255, "2014-03-31": -43, "2013-12-31": "149.00000", "2013-09-30": 9, "2013-06-30": -44, "2013-03-31": 250, "2012-12-31": "14.00000", "2012-09-30": -51, "2012-06-30": 26, "2012-03-31": 2, "2011-12-31": "-19.00000", "2011-09-30": 7, "2011-06-30": 13, "2011-03-31": 6, "2010-12-31": "4.00000", "2010-09-30": -6, "2010-06-30": -7, "2010-03-31": 4, "2009-12-31": "1.00000", "2009-09-30": 14, "2009-06-30": -5, "2009-03-31": -9, "2008-12-31": "-16.00000", "2008-09-30": -46, "2008-06-30": 15, "2008-03-31": 17, "2007-12-31": "28.00000", "2007-09-30": -6, "2007-06-30": -4, "2007-03-31": -1, "2006-12-31": "3.00000", "2006-09-30": 4, "2006-06-30": -22, "2006-03-31": 27, "2005-12-31": "-9.00000", "2005-09-30": 12, "2005-06-30": 3, "2005-03-31": 0}, "Debt Issuance/Retirement Net - Total": {"2020-12-31": "-16.00000", "2020-09-30": -75, "2020-06-30": -24, "2020-03-31": 94, "2019-12-31": "20.00000", "2019-09-30": -43, "2019-06-30": -147, "2019-03-31": 59, "2018-12-31": "192.00000", "2018-09-30": 27, "2018-06-30": 44, "2018-03-31": 9, "2017-12-31": "", "2017-09-30": 0, "2017-06-30": -9, "2017-03-31": 7, "2016-12-31": "", "2016-09-30": -53, "2016-06-30": 0, "2016-03-31": -1, "2015-12-31": "-14.00000", "2015-09-30": -129, "2015-06-30": -7, "2015-03-31": -25, "2014-12-31": "83.00000", "2014-09-30": -89, "2014-06-30": -257, "2014-03-31": -46, "2013-12-31": "167.00000", "2013-09-30": -154, "2013-06-30": -62, "2013-03-31": 11, "2012-12-31": "82.00000", "2012-09-30": 693, "2012-06-30": 16, "2012-03-31": -4, "2011-12-31": "-12.00000", "2011-09-30": 24, "2011-06-30": 1, "2011-03-31": 9, "2010-12-31": "1.00000", "2010-09-30": -13, "2010-06-30": 2, "2010-03-31": 3, "2009-12-31": "", "2009-09-30": 76, "2009-06-30": -44, "2009-03-31": -76, "2008-12-31": "-25.00000", "2008-09-30": 26, "2008-06-30": 16, "2008-03-31": 20, "2007-12-31": "45.00000", "2007-09-30": 61, "2007-06-30": -8, "2007-03-31": -26, "2006-12-31": "4.00000", "2006-09-30": -8, "2006-06-30": -21, "2006-03-31": 38, "2005-12-31": "-20.00000", "2005-09-30": 13, "2005-06-30": -2, "2005-03-31": 0}, "Net Common Equity Issued/Repurchased": {"2020-12-31": "", "2020-09-30": 0, "2020-06-30": 0, "2020-03-31": -8, "2019-12-31": "-33.00000", "2019-09-30": -27, "2019-06-30": -31, "2019-03-31": -49, "2018-12-31": "-62.00000", "2018-09-30": -79, "2018-06-30": -26, "2018-03-31": 1, "2017-12-31": "-16.00000", "2017-09-30": -18, "2017-06-30": -13, "2017-03-31": 4, "2016-12-31": "-13.00000", "2016-09-30": -14, "2016-06-30": -5, "2016-03-31": -3, "2015-12-31": "-13.00000", "2015-09-30": -18, "2015-06-30": -23, "2015-03-31": -11, "2014-12-31": "-45.00000", "2014-09-30": -11, "2014-06-30": 3, "2014-03-31": 3, "2013-12-31": "1.00000", "2013-09-30": 3, "2013-06-30": 1, "2013-03-31": 1, "2012-12-31": "-2.00000", "2012-09-30": 0, "2012-06-30": -5, "2012-03-31": 8, "2011-12-31": "-29.00000", "2011-09-30": -43, "2011-06-30": -8, "2011-03-31": 2, "2010-12-31": "1.00000", "2010-09-30": 7, "2010-06-30": -1, "2010-03-31": -1, "2009-12-31": "-1.00000", "2009-09-30": 0, "2009-06-30": -2, "2009-03-31": 0, "2008-12-31": "", "2008-09-30": 34, "2008-06-30": -11, "2008-03-31": -20, "2007-12-31": "-3.00000", "2007-09-30": 23, "2007-06-30": -27, "2007-03-31": -2, "2006-12-31": "6.00000", "2006-09-30": 1, "2006-06-30": -7, "2006-03-31": 5, "2005-12-31": "1.00000", "2005-09-30": 44, "2005-06-30": -34, "2005-03-31": -10}, "Net Total Equity Issued/Repurchased": {"2020-12-31": "", "2020-09-30": 0, "2020-06-30": 0, "2020-03-31": -8, "2019-12-31": "-33.00000", "2019-09-30": -27, "2019-06-30": -31, "2019-03-31": -49, "2018-12-31": "-87.00000", "2018-09-30": -79, "2018-06-30": -26, "2018-03-31": 1, "2017-12-31": "-16.00000", "2017-09-30": -18, "2017-06-30": -13, "2017-03-31": 4, "2016-12-31": "-13.00000", "2016-09-30": -16, "2016-06-30": -4, "2016-03-31": -2, "2015-12-31": "-13.00000", "2015-09-30": -16, "2015-06-30": -23, "2015-03-31": -11, "2014-12-31": "-45.00000", "2014-09-30": -11, "2014-06-30": 3, "2014-03-31": 3, "2013-12-31": "1.00000", "2013-09-30": 3, "2013-06-30": 1, "2013-03-31": 1, "2012-12-31": "-2.00000", "2012-09-30": 0, "2012-06-30": -5, "2012-03-31": 8, "2011-12-31": "-29.00000", "2011-09-30": -43, "2011-06-30": -8, "2011-03-31": 2, "2010-12-31": "1.00000", "2010-09-30": 7, "2010-06-30": -1, "2010-03-31": -1, "2009-12-31": "-1.00000", "2009-09-30": 0, "2009-06-30": -2, "2009-03-31": 0, "2008-12-31": "", "2008-09-30": 0, "2008-06-30": -11, "2008-03-31": -20, "2007-12-31": "-3.00000", "2007-09-30": -170, "2007-06-30": -27, "2007-03-31": -2, "2006-12-31": "6.00000", "2006-09-30": -29, "2006-06-30": -7, "2006-03-31": 5, "2005-12-31": "1.00000", "2005-09-30": -3, "2005-06-30": -34, "2005-03-31": -10}, "Total Common And Preferred Stock Dividends Paid": {"2020-12-31": "-20.00000", "2020-09-30": -20, "2020-06-30": -23, "2020-03-31": -32, "2019-12-31": "-31.00000", "2019-09-30": -20, "2019-06-30": -26, "2019-03-31": -26, "2018-12-31": "-31.00000", "2018-09-30": -20, "2018-06-30": -36, "2018-03-31": -25, "2017-12-31": "-20.00000", "2017-09-30": -21, "2017-06-30": -30, "2017-03-31": -21, "2016-12-31": "-19.00000", "2016-09-30": -18, "2016-06-30": -32, "2016-03-31": -17, "2015-12-31": "-14.00000", "2015-09-30": -25, "2015-06-30": -19, "2015-03-31": -25, "2014-12-31": "-14.00000", "2014-09-30": -14, "2014-06-30": -23, "2014-03-31": -23, "2013-12-31": "-13.00000", "2013-09-30": -12, "2013-06-30": -24, "2013-03-31": -19, "2012-12-31": "-13.00000", "2012-09-30": -13, "2012-06-30": -23, "2012-03-31": -17, "2011-12-31": "-12.00000", "2011-09-30": -15, "2011-06-30": -17, "2011-03-31": -15, "2010-12-31": "-12.00000", "2010-09-30": -12, "2010-06-30": -13, "2010-03-31": -16, "2009-12-31": "-12.00000", "2009-09-30": -13, "2009-06-30": -19, "2009-03-31": -12, "2008-12-31": "-13.00000", "2008-09-30": -11, "2008-06-30": -18, "2008-03-31": -17, "2007-12-31": "-19.00000", "2007-09-30": -13, "2007-06-30": -14, "2007-03-31": -18, "2006-12-31": "-15.00000", "2006-09-30": -11, "2006-06-30": -13, "2006-03-31": -15, "2005-12-31": "-11.00000", "2005-09-30": -11, "2005-06-30": -11, "2005-03-31": -29}, "Financial Activities - Other": {"2020-12-31": "-2.00000", "2020-09-30": 0, "2020-06-30": 0, "2020-03-31": 0, "2019-12-31": "", "2019-09-30": 0, "2019-06-30": 0, "2019-03-31": 0, "2018-12-31": "", "2018-09-30": 0, "2018-06-30": 0, "2018-03-31": 0, "2017-12-31": "", "2017-09-30": 0, "2017-06-30": 0, "2017-03-31": 0, "2016-12-31": "", "2016-09-30": 0, "2016-06-30": 0, "2016-03-31": 0, "2015-12-31": "", "2015-09-30": 0, "2015-06-30": 0, "2015-03-31": 0, "2014-12-31": "", "2014-09-30": 0, "2014-06-30": 0, "2014-03-31": 0, "2013-12-31": "", "2013-09-30": -31, "2013-06-30": 4, "2013-03-31": 9, "2012-12-31": "", "2012-09-30": 0, "2012-06-30": 0, "2012-03-31": -1, "2011-12-31": "5.00000", "2011-09-30": -3, "2011-06-30": 3, "2011-03-31": 0, "2010-12-31": "", "2010-09-30": 0, "2010-06-30": 0, "2010-03-31": -1, "2009-12-31": "1.00000", "2009-09-30": 1, "2009-06-30": 1, "2009-03-31": -1, "2008-12-31": "", "2008-09-30": 5, "2008-06-30": 2, "2008-03-31": 0, "2007-12-31": "8.00000", "2007-09-30": 7, "2007-06-30": 4, "2007-03-31": 0, "2006-12-31": "", "2006-09-30": 26, "2006-06-30": -1, "2006-03-31": -16, "2005-12-31": "", "2005-09-30": 6, "2005-06-30": 6, "2005-03-31": 0}, "Cash Flow From Financial Activities": {"2020-12-31": "-38.00000", "2020-09-30": -95, "2020-06-30": -47, "2020-03-31": 54, "2019-12-31": "-44.00000", "2019-09-30": -90, "2019-06-30": -204, "2019-03-31": -16, "2018-12-31": "74.00000", "2018-09-30": -72, "2018-06-30": -18, "2018-03-31": -15, "2017-12-31": "-36.00000", "2017-09-30": -39, "2017-06-30": -52, "2017-03-31": -10, "2016-12-31": "-32.00000", "2016-09-30": -87, "2016-06-30": -36, "2016-03-31": -20, "2015-12-31": "-41.00000", "2015-09-30": -170, "2015-06-30": -49, "2015-03-31": -61, "2014-12-31": "24.00000", "2014-09-30": -114, "2014-06-30": -277, "2014-03-31": -66, "2013-12-31": "155.00000", "2013-09-30": -194, "2013-06-30": -81, "2013-03-31": 2, "2012-12-31": "67.00000", "2012-09-30": 680, "2012-06-30": -12, "2012-03-31": -14, "2011-12-31": "-48.00000", "2011-09-30": -37, "2011-06-30": -21, "2011-03-31": -4, "2010-12-31": "-10.00000", "2010-09-30": -18, "2010-06-30": -12, "2010-03-31": -15, "2009-12-31": "-12.00000", "2009-09-30": 64, "2009-06-30": -64, "2009-03-31": -89, "2008-12-31": "-38.00000", "2008-09-30": 20, "2008-06-30": -11, "2008-03-31": -17, "2007-12-31": "31.00000", "2007-09-30": -115, "2007-06-30": -45, "2007-03-31": -46, "2006-12-31": "-5.00000", "2006-09-30": -22, "2006-06-30": -42, "2006-03-31": 12, "2005-12-31": "-30.00000", "2005-09-30": 5, "2005-06-30": -41, "2005-03-31": -39}, "Net Cash Flow": {"2020-12-31": "-4.00000", "2020-09-30": -11, "2020-06-30": -15, "2020-03-31": 4, "2019-12-31": "4.00000", "2019-09-30": 22, "2019-06-30": -29, "2019-03-31": 34, "2018-12-31": "-33.00000", "2018-09-30": 44, "2018-06-30": -48, "2018-03-31": -10, "2017-12-31": "-91.00000", "2017-09-30": 82, "2017-06-30": 65, "2017-03-31": -56, "2016-12-31": "-11.00000", "2016-09-30": -22, "2016-06-30": 44, "2016-03-31": 94, "2015-12-31": "7.00000", "2015-09-30": -7, "2015-06-30": -10, "2015-03-31": 6, "2014-12-31": "21.00000", "2014-09-30": -34, "2014-06-30": 12, "2014-03-31": -16, "2013-12-31": "10.00000", "2013-09-30": 19, "2013-06-30": -9, "2013-03-31": -6, "2012-12-31": "-29.00000", "2012-09-30": -287, "2012-06-30": 41, "2012-03-31": 178, "2011-12-31": "-98.00000", "2011-09-30": -58, "2011-06-30": -22, "2011-03-31": -22, "2010-12-31": "1.00000", "2010-09-30": 92, "2010-06-30": 47, "2010-03-31": 6, "2009-12-31": "-62.00000", "2009-09-30": 127, "2009-06-30": -43, "2009-03-31": 71, "2008-12-31": "20.00000", "2008-09-30": 22, "2008-06-30": -4, "2008-03-31": -18, "2007-12-31": "-25.00000", "2007-09-30": -75, "2007-06-30": -17, "2007-03-31": 63, "2006-12-31": "-6.00000", "2006-09-30": 75, "2006-06-30": 11, "2006-03-31": -17, "2005-12-31": "-61.00000", "2005-09-30": 60, "2005-06-30": -35, "2005-03-31": -3}, "Stock-Based Compensation": {"2020-12-31": "", "2020-09-30": 4, "2020-06-30": 2, "2020-03-31": 2, "2019-12-31": "1.00000", "2019-09-30": 0, "2019-06-30": 4, "2019-03-31": 2, "2018-12-31": "5.00000", "2018-09-30": 6, "2018-06-30": 4, "2018-03-31": 6, "2017-12-31": "6.00000", "2017-09-30": 6, "2017-06-30": 4, "2017-03-31": 1, "2016-12-31": "5.00000", "2016-09-30": 6, "2016-06-30": 5, "2016-03-31": 3, "2015-12-31": "3.00000", "2015-09-30": 1, "2015-06-30": 3, "2015-03-31": 2, "2014-12-31": "4.00000", "2014-09-30": 3, "2014-06-30": 3, "2014-03-31": 4, "2013-12-31": "4.00000", "2013-09-30": 3, "2013-06-30": 3, "2013-03-31": 7, "2012-12-31": "3.00000", "2012-09-30": 2, "2012-06-30": 4, "2012-03-31": 7, "2011-12-31": "5.00000", "2011-09-30": 3, "2011-06-30": 4, "2011-03-31": 7, "2010-12-31": "5.00000", "2010-09-30": 5, "2010-06-30": 6, "2010-03-31": 8, "2009-12-31": "8.00000", "2009-09-30": 7, "2009-06-30": 6, "2009-03-31": 8, "2008-12-31": "6.00000", "2008-09-30": 7, "2008-06-30": 7, "2008-03-31": 10, "2007-12-31": "6.00000", "2007-09-30": 5, "2007-06-30": 5, "2007-03-31": 7, "2006-12-31": "6.00000", "2006-09-30": 6, "2006-06-30": 5, "2006-03-31": 9, "2005-12-31": "6.00000", "2005-09-30": 6, "2005-06-30": 6, "2005-03-31": 15}, "Common Stock Dividends Paid": {"2020-12-31": "-20.00000", "2020-09-30": -20, "2020-06-30": -23, "2020-03-31": -32, "2019-12-31": "-31.00000", "2019-09-30": -20, "2019-06-30": -26, "2019-03-31": -26, "2018-12-31": "-31.00000", "2018-09-30": -20, "2018-06-30": -36, "2018-03-31": -25, "2017-12-31": "-20.00000", "2017-09-30": -21, "2017-06-30": -30, "2017-03-31": -21, "2016-12-31": "-19.00000", "2016-09-30": -18, "2016-06-30": -32, "2016-03-31": -17, "2015-12-31": "-14.00000", "2015-09-30": -25, "2015-06-30": -19, "2015-03-31": -25, "2014-12-31": "-14.00000", "2014-09-30": -14, "2014-06-30": -23, "2014-03-31": -23, "2013-12-31": "-13.00000", "2013-09-30": -12, "2013-06-30": -24, "2013-03-31": -19, "2012-12-31": "-13.00000", "2012-09-30": -13, "2012-06-30": -23, "2012-03-31": -17, "2011-12-31": "-12.00000", "2011-09-30": -15, "2011-06-30": -17, "2011-03-31": -15, "2010-12-31": "-12.00000", "2010-09-30": -12, "2010-06-30": -13, "2010-03-31": -16, "2009-12-31": "-12.00000", "2009-09-30": -13, "2009-06-30": -19, "2009-03-31": -12, "2008-12-31": "-13.00000", "2008-09-30": -11, "2008-06-30": -18, "2008-03-31": -17, "2007-12-31": "-19.00000", "2007-09-30": -13, "2007-06-30": -14, "2007-03-31": -18, "2006-12-31": "-15.00000", "2006-09-30": -11, "2006-06-30": -13, "2006-03-31": -15, "2005-12-31": "-11.00000", "2005-09-30": -11, "2005-06-30": -11, "2005-03-31": -29}}, "financial ratios": {"Current Ratio": {"2020-09-30": "1.84880", "2019-09-30": "2.02000", "2018-09-30": "1.45590", "2017-09-30": "1.75070", "2016-09-30": "2.63730", "2015-09-30": "2.37640", "2014-09-30": "2.16510", "2013-09-30": "1.77130", "2012-09-30": "1.57020", "2011-09-30": "2.37040", "2010-09-30": "2.66790", "2009-09-30": "2.51570", "2008-09-30": "2.34280", "2007-09-30": "2.33090", "2006-09-30": "2.48510", "2005-09-30": "2.87760"}, "Long-term Debt / Capital": {"2020-09-30": "0.57340", "2019-09-30": "0.47450", "2018-09-30": "0.35990", "2017-09-30": "0.28920", "2016-09-30": "0.39980", "2015-09-30": "0.42030", "2014-09-30": "0.32720", "2013-09-30": "0.32870", "2012-09-30": "0.37670", "2011-09-30": "0.25600", "2010-09-30": "0.29750", "2009-09-30": "0.33490", "2008-09-30": "0.31930", "2007-09-30": "0.29640", "2006-09-30": "0.27730", "2005-09-30": "0.29640"}, "Debt/Equity Ratio": {"2020-09-30": "1.36980", "2019-09-30": "0.93830", "2018-09-30": "0.78420", "2017-09-30": "0.56860", "2016-09-30": "0.67200", "2015-09-30": "0.74220", "2014-09-30": "0.51940", "2013-09-30": "0.62310", "2012-09-30": "0.73180", "2011-09-30": "0.43250", "2010-09-30": "0.46010", "2009-09-30": "0.53110", "2008-09-30": "0.57330", "2007-09-30": "0.48990", "2006-09-30": "0.46070", "2005-09-30": "0.49500"}, "Gross Margin": {"2020-09-30": "19.12780", "2019-09-30": "20.52740", "2018-09-30": "23.81250", "2017-09-30": "24.18110", "2016-09-30": "23.84900", "2015-09-30": "20.37620", "2014-09-30": "19.76970", "2013-09-30": "18.31600", "2012-09-30": "19.56850", "2011-09-30": "17.98840", "2010-09-30": "18.77760", "2009-09-30": "10.29410", "2008-09-30": "15.16770", "2007-09-30": "19.30430", "2006-09-30": "16.47660", "2005-09-30": "20.37650"}, "Operating Margin": {"2020-09-30": "0.80340", "2019-09-30": "9.16990", "2018-09-30": "4.44170", "2017-09-30": "12.44020", "2016-09-30": "10.24470", "2015-09-30": "-11.04150", "2014-09-30": "9.18560", "2013-09-30": "7.75460", "2012-09-30": "8.84230", "2011-09-30": "7.83370", "2010-09-30": "7.51100", "2009-09-30": "-2.56170", "2008-09-30": "5.13950", "2007-09-30": "7.14830", "2006-09-30": "4.95480", "2005-09-30": "6.30590"}, "EBIT Margin": {"2020-09-30": "0.80340", "2019-09-30": "9.16990", "2018-09-30": "4.44170", "2017-09-30": "12.44020", "2016-09-30": "10.24470", "2015-09-30": "-11.04150", "2014-09-30": "9.18560", "2013-09-30": "7.75460", "2012-09-30": "8.84230", "2011-09-30": "7.83370", "2010-09-30": "7.51100", "2009-09-30": "-2.56170", "2008-09-30": "5.13950", "2007-09-30": "7.14830", "2006-09-30": "4.95480", "2005-09-30": "6.30590"}, "EBITDA Margin": {"2020-09-30": "6.84770", "2019-09-30": "13.60500", "2018-09-30": "11.87540", "2017-09-30": "18.14500", "2016-09-30": "16.92240", "2015-09-30": "7.59320", "2014-09-30": "14.69700", "2013-09-30": "13.25230", "2012-09-30": "13.52170", "2011-09-30": "12.41140", "2010-09-30": "12.77610", "2009-09-30": "5.45540", "2008-09-30": "10.24760", "2007-09-30": "12.84400", "2006-09-30": "10.10620", "2005-09-30": "12.98820"}, "Pre-Tax Profit Margin": {"2020-09-30": "-1.26240", "2019-09-30": "7.64160", "2018-09-30": "3.60890", "2017-09-30": "11.00480", "2016-09-30": "7.92200", "2015-09-30": "-13.13130", "2014-09-30": "8.44530", "2013-09-30": "6.07640", "2012-09-30": "7.47490", "2011-09-30": "6.54420", "2010-09-30": "6.11190", "2009-09-30": "-4.69640", "2008-09-30": "3.50990", "2007-09-30": "6.42200", "2006-09-30": "3.81440", "2005-09-30": "-4.37650"}, "Net Profit Margin": {"2020-09-30": "-9.10480", "2019-09-30": "4.64490", "2018-09-30": "-3.51630", "2017-09-30": "9.12770", "2016-09-30": "6.05560", "2015-09-30": "-11.63360", "2014-09-30": "5.45650", "2013-09-30": "4.39810", "2012-09-30": "11.69860", "2011-09-30": "7.51130", "2010-09-30": "5.55960", "2009-09-30": "-3.65280", "2008-09-30": "2.69510", "2007-09-30": "4.89300", "2006-09-30": "3.38180", "2005-09-30": "-2.40000"}, "Asset Turnover": {"2020-09-30": "0.93990", "2019-09-30": "1.11090", "2018-09-30": "0.99940", "2017-09-30": "0.81400", "2016-09-30": "0.79440", "2015-09-30": "0.93370", "2014-09-30": "0.89300", "2013-09-30": "0.81640", "2012-09-30": "0.74810", "2011-09-30": "0.98760", "2010-09-30": "0.94110", "2009-09-30": "0.78770", "2008-09-30": "1.11650", "2007-09-30": "0.99240", "2006-09-30": "1.00360", "2005-09-30": "0.89510"}, "Inventory Turnover Ratio": {"2020-09-30": "5.88860", "2019-09-30": "5.69100", "2018-09-30": "4.83370", "2017-09-30": "4.75750", "2016-09-30": "5.36840", "2015-09-30": "5.75820", "2014-09-30": "5.87550", "2013-09-30": "6.20440", "2012-09-30": "4.96620", "2011-09-30": "6.47330", "2010-09-30": "7.18570", "2009-09-30": "5.28210", "2008-09-30": "5.17590", "2007-09-30": "4.77600", "2006-09-30": "5.05710", "2005-09-30": "3.43200"}, "Receiveable Turnover": {"2020-09-30": "6.25360", "2019-09-30": "6.29620", "2018-09-30": "5.08950", "2017-09-30": "5.15560", "2016-09-30": "5.28730", "2015-09-30": "6.01890", "2014-09-30": "5.30090", "2013-09-30": "5.45970", "2012-09-30": "4.79040", "2011-09-30": "4.70710", "2010-09-30": "5.02960", "2009-09-30": "4.66370", "2008-09-30": "4.93960", "2007-09-30": "4.64650", "2006-09-30": "4.76220", "2005-09-30": "4.94190"}, "Days Sales In Receivables": {"2020-09-30": "58.36650", "2019-09-30": "57.97120", "2018-09-30": "71.71650", "2017-09-30": "70.79680", "2016-09-30": "69.03360", "2015-09-30": "60.64260", "2014-09-30": "68.85660", "2013-09-30": "66.85330", "2012-09-30": "76.19420", "2011-09-30": "77.54190", "2010-09-30": "72.57000", "2009-09-30": "78.26380", "2008-09-30": "73.89220", "2007-09-30": "78.55310", "2006-09-30": "76.64570", "2005-09-30": "73.85880"}, "ROE - Return On Equity": {"2020-09-30": "-27.14990", "2019-09-30": "16.40210", "2018-09-30": "-5.78580", "2017-09-30": "16.80000", "2016-09-30": "11.73470", "2015-09-30": "-24.51420", "2014-09-30": "10.46510", "2013-09-30": "7.72920", "2012-09-30": "10.41770", "2011-09-30": "12.68560", "2010-09-30": "10.09170", "2009-09-30": "-5.90140", "2008-09-30": "8.48680", "2007-09-30": "10.63650", "2006-09-30": "7.47030", "2005-09-30": "-4.46100"}, "Return On Tangible Equity": {"2020-09-30": "-38.30160", "2019-09-30": "19.62030", "2018-09-30": "-6.80150", "2017-09-30": "20.46480", "2016-09-30": "14.90740", "2015-09-30": "-31.81380", "2014-09-30": "18.28960", "2013-09-30": "12.64730", "2012-09-30": "17.89190", "2011-09-30": "13.03240", "2010-09-30": "10.37740", "2009-09-30": "-6.09350", "2008-09-30": "8.74590", "2007-09-30": "10.98620", "2006-09-30": "7.58620", "2005-09-30": "-4.49440"}, "ROA - Return On Assets": {"2020-09-30": "-7.94680", "2019-09-30": "6.19170", "2018-09-30": "-2.28110", "2017-09-30": "8.17860", "2016-09-30": "5.30480", "2015-09-30": "-10.66670", "2014-09-30": "5.28890", "2013-09-30": "3.80340", "2012-09-30": "4.59200", "2011-09-30": "6.52660", "2010-09-30": "4.95500", "2009-09-30": "-2.72800", "2008-09-30": "3.70890", "2007-09-30": "4.81790", "2006-09-30": "3.47280", "2005-09-30": "-2.02190"}, "ROI - Return On Investment": {"2020-09-30": "-11.58280", "2019-09-30": "8.61910", "2018-09-30": "-3.70370", "2017-09-30": "11.94230", "2016-09-30": "7.04290", "2015-09-30": "-14.21140", "2014-09-30": "7.04040", "2013-09-30": "5.18850", "2012-09-30": "6.49310", "2011-09-30": "9.43830", "2010-09-30": "7.08970", "2009-09-30": "-3.92470", "2008-09-30": "5.77660", "2007-09-30": "7.48380", "2006-09-30": "5.31720", "2005-09-30": "-3.07300"}, "Book Value Per Share": {"2020-09-30": "14.41550", "2019-09-30": "19.86650", "2018-09-30": "21.18720", "2017-09-30": "26.25870", "2016-09-30": "22.05410", "2015-09-30": "21.42230", "2014-09-30": "32.05870", "2013-09-30": "32.56160", "2012-09-30": "30.60920", "2011-09-30": "25.30500", "2010-09-30": "21.67660", "2009-09-30": "18.94070", "2008-09-30": "19.13360", "2007-09-30": "18.29040", "2006-09-30": "18.85450", "2005-09-30": "17.53690"}, "Operating Cash Flow Per Share": {"2020-09-30": 0.4873, "2019-09-30": 1.3437, "2018-09-30": -0.7204, "2017-09-30": -0.6819, "2016-09-30": -1.6386, "2015-09-30": 3.032, "2014-09-30": -1.6574, "2013-09-30": 0.0319, "2012-09-30": 3.4825, "2011-09-30": -0.8908, "2010-09-30": -2.481, "2009-09-30": 4.3852, "2008-09-30": -2.5758, "2007-09-30": 0.8382, "2006-09-30": 0.0726, "2005-09-30": 3.6333}, "Free Cash Flow Per Share": {"2020-09-30": 0.7633, "2019-09-30": 0.6135, "2018-09-30": -1.4553, "2017-09-30": -1.5002, "2016-09-30": -0.9408, "2015-09-30": 3.4347, "2014-09-30": -0.1911, "2013-09-30": 0.2847, "2012-09-30": 2.5618, "2011-09-30": -2.7296, "2010-09-30": -2.4113, "2009-09-30": 5.6023, "2008-09-30": -3.4489, "2007-09-30": 1.4706, "2006-09-30": 0.5235, "2005-09-30": 0.55}}, "financial ratios, quarterly": {"Current Ratio": {"2020-09-30": "1.84880", "2020-06-30": "1.98990", "2020-03-31": "2.07990", "2019-12-31": "2.08360", "2019-09-30": "2.02000", "2019-06-30": "2.06980", "2019-03-31": "1.34420", "2018-12-31": "1.30900", "2018-09-30": "1.45590", "2018-06-30": "1.50790", "2018-03-31": "1.66510", "2017-12-31": "1.62560", "2017-09-30": "1.75070", "2017-06-30": "1.71430", "2017-03-31": "1.63560", "2016-12-31": "2.52140", "2016-09-30": "2.63730", "2016-06-30": "1.63240", "2016-03-31": "1.56950", "2015-12-31": "1.40900", "2015-09-30": "2.37640", "2015-06-30": "2.07390", "2015-03-31": "2.10230", "2014-12-31": "2.03560", "2014-09-30": "2.16510", "2014-06-30": "2.09930", "2014-03-31": "1.75470", "2013-12-31": "1.66670", "2013-09-30": "1.77130", "2013-06-30": "1.62350", "2013-03-31": "1.57610", "2012-12-31": "1.77540", "2012-09-30": "1.57020", "2012-06-30": "2.56670", "2012-03-31": "2.40940", "2011-12-31": "2.46030", "2011-09-30": "2.37040", "2011-06-30": "2.91510", "2011-03-31": "2.94230", "2010-12-31": "2.94120", "2010-09-30": "2.66790", "2010-06-30": "2.74430", "2010-03-31": "2.73280", "2009-12-31": "2.70510", "2009-09-30": "2.51570", "2009-06-30": "2.78200", "2009-03-31": "2.62000", "2008-12-31": "2.55600", "2008-09-30": "2.34280", "2008-06-30": "2.11730", "2008-03-31": "2.21390", "2007-12-31": "2.31300", "2007-09-30": "2.33090", "2007-06-30": "2.62230", "2007-03-31": "2.64310", "2006-12-31": "2.54780", "2006-09-30": "2.48510", "2006-06-30": "2.50700", "2006-03-31": "2.43530", "2005-12-31": "2.67530", "2005-09-30": "2.87760", "2005-06-30": "2.56250", "2005-03-31": "2.58980"}, "Long-term Debt / Capital": {"2020-09-30": "0.57340", "2020-06-30": "0.52740", "2020-03-31": "0.53480", "2019-12-31": "0.48730", "2019-09-30": "0.47450", "2019-06-30": "0.45340", "2019-03-31": "0.35290", "2018-12-31": "0.34460", "2018-09-30": "0.35990", "2018-06-30": "0.32830", "2018-03-31": "0.31970", "2017-12-31": "0.30000", "2017-09-30": "0.28920", "2017-06-30": "0.31050", "2017-03-31": "0.32200", "2016-12-31": "0.41690", "2016-09-30": "0.39980", "2016-06-30": "0.32600", "2016-03-31": "0.33090", "2015-12-31": "0.34810", "2015-09-30": "0.42030", "2015-06-30": "0.41510", "2015-03-31": "0.35130", "2014-12-31": "0.33490", "2014-09-30": "0.32720", "2014-06-30": "0.31750", "2014-03-31": "0.32250", "2013-12-31": "0.32450", "2013-09-30": "0.32870", "2013-06-30": "0.33500", "2013-03-31": "0.33940", "2012-12-31": "0.38660", "2012-09-30": "0.37670", "2012-06-30": "0.22830", "2012-03-31": "0.22970", "2011-12-31": "0.25360", "2011-09-30": "0.25600", "2011-06-30": "0.26120", "2011-03-31": "0.27290", "2010-12-31": "0.28370", "2010-09-30": "0.29750", "2010-06-30": "0.30950", "2010-03-31": "0.31630", "2009-12-31": "0.33030", "2009-09-30": "0.33490", "2009-06-30": "0.32220", "2009-03-31": "0.33180", "2008-12-31": "0.32550", "2008-09-30": "0.31930", "2008-06-30": "0.27320", "2008-03-31": "0.27840", "2007-12-31": "0.28890", "2007-09-30": "0.29640", "2007-06-30": "0.25200", "2007-03-31": "0.25480", "2006-12-31": "0.25740", "2006-09-30": "0.27730", "2006-06-30": "0.28060", "2006-03-31": "0.28380", "2005-12-31": "0.29870", "2005-09-30": "0.29640", "2005-06-30": "0.24490", "2005-03-31": "0.24730"}, "Debt/Equity Ratio": {"2020-09-30": "1.36980", "2020-06-30": "1.13520", "2020-03-31": "1.15650", "2019-12-31": "0.96010", "2019-09-30": "0.93830", "2019-06-30": "0.90210", "2019-03-31": "1.01700", "2018-12-31": "0.93340", "2018-09-30": "0.78420", "2018-06-30": "0.75870", "2018-03-31": "0.69620", "2017-12-31": "0.62770", "2017-09-30": "0.56860", "2017-06-30": "0.62490", "2017-03-31": "0.66520", "2016-12-31": "0.72120", "2016-09-30": "0.67200", "2016-06-30": "0.70640", "2016-03-31": "0.72210", "2015-12-31": "0.77930", "2015-09-30": "0.74220", "2015-06-30": "0.82160", "2015-03-31": "0.61460", "2014-12-31": "0.58450", "2014-09-30": "0.51940", "2014-06-30": "0.52720", "2014-03-31": "0.66030", "2013-12-31": "0.68630", "2013-09-30": "0.62310", "2013-06-30": "0.72560", "2013-03-31": "0.77590", "2012-12-31": "0.76230", "2012-09-30": "0.73180", "2012-06-30": "0.36980", "2012-03-31": "0.36580", "2011-12-31": "0.42290", "2011-09-30": "0.43250", "2011-06-30": "0.40670", "2011-03-31": "0.42250", "2010-12-31": "0.43530", "2010-09-30": "0.46010", "2010-06-30": "0.49520", "2010-03-31": "0.50810", "2009-12-31": "0.52180", "2009-09-30": "0.53110", "2009-06-30": "0.49610", "2009-03-31": "0.54380", "2008-12-31": "0.57620", "2008-09-30": "0.57330", "2008-06-30": "0.53930", "2008-03-31": "0.53330", "2007-12-31": "0.51170", "2007-09-30": "0.48990", "2007-06-30": "0.40090", "2007-03-31": "0.40910", "2006-12-31": "0.43930", "2006-09-30": "0.46070", "2006-06-30": "0.46080", "2006-03-31": "0.49300", "2005-12-31": "0.49100", "2005-09-30": "0.49500", "2005-06-30": "0.46190", "2005-03-31": "0.45470"}, "Gross Margin": {"2020-09-30": "20.78910", "2020-06-30": "13.32050", "2020-03-31": "21.54930", "2019-12-31": "19.39480", "2019-09-30": "20.67720", "2019-06-30": "20.11830", "2019-03-31": "21.09010", "2018-12-31": "20.21930", "2018-09-30": "24.82350", "2018-06-30": "23.06790", "2018-03-31": "22.98290", "2017-12-31": "24.44440", "2017-09-30": "23.23650", "2017-06-30": "22.83690", "2017-03-31": "24.92630", "2016-12-31": "26.02290", "2016-09-30": "26.81750", "2016-06-30": "25.76490", "2016-03-31": "26.40850", "2015-12-31": "16.41790", "2015-09-30": "20.71540", "2015-06-30": "21.61380", "2015-03-31": "20.02880", "2014-12-31": "19.33500", "2014-09-30": "19.97810", "2014-06-30": "19.57450", "2014-03-31": "19.59910", "2013-12-31": "19.93320", "2013-09-30": "18.65920", "2013-06-30": "19.53390", "2013-03-31": "17.02380", "2012-12-31": "17.92680", "2012-09-30": "18.23600", "2012-06-30": "20.68560", "2012-03-31": "20.49760", "2011-12-31": "18.76640", "2011-09-30": "16.92680", "2011-06-30": "18.18180", "2011-03-31": "18.13260", "2010-12-31": "18.87610", "2010-09-30": "13.98600", "2010-06-30": "20.45150", "2010-03-31": "19.66290", "2009-12-31": "20.02950", "2009-09-30": "13.05260", "2009-06-30": "13.30720", "2009-03-31": "-1.06380", "2008-12-31": "14.11040", "2008-09-30": "13.11480", "2008-06-30": "16.30950", "2008-03-31": "15.01270", "2007-12-31": "16.45570", "2007-09-30": "16.59260", "2007-06-30": "16.33280", "2007-03-31": "21.66410", "2006-12-31": "22.74810", "2006-09-30": "17.04370", "2006-06-30": "17.26730", "2006-03-31": "13.55660", "2005-12-31": "18.05790", "2005-09-30": "12.18640", "2005-06-30": "21.65140", "2005-03-31": "24.66790"}, "Operating Margin": {"2020-09-30": "-10.62220", "2020-06-30": "0.77220", "2020-03-31": "3.38030", "2019-12-31": "8.66580", "2019-09-30": "9.06890", "2019-06-30": "9.58580", "2019-03-31": "8.64930", "2018-12-31": "9.37880", "2018-09-30": "12.70590", "2018-06-30": "12.41220", "2018-03-31": "-19.68220", "2017-12-31": "12.63890", "2017-09-30": "11.06500", "2017-06-30": "11.91490", "2017-03-31": "13.27430", "2016-12-31": "13.74800", "2016-09-30": "12.11630", "2016-06-30": "13.36550", "2016-03-31": "13.55630", "2015-12-31": "1.99010", "2015-09-30": "8.79280", "2015-06-30": "-71.18160", "2015-03-31": "7.78100", "2014-12-31": "7.88180", "2014-09-30": "9.54990", "2014-06-30": "9.89360", "2014-03-31": "7.57240", "2013-12-31": "9.68820", "2013-09-30": "8.49160", "2013-06-30": "9.65590", "2013-03-31": "5.95240", "2012-12-31": "6.70730", "2012-09-30": "6.31700", "2012-06-30": "10.63830", "2012-03-31": "10.30810", "2011-12-31": "8.00520", "2011-09-30": "7.32290", "2011-06-30": "8.97130", "2011-03-31": "7.30720", "2010-12-31": "7.63690", "2010-09-30": "2.79720", "2010-06-30": "10.22580", "2010-03-31": "8.42700", "2009-12-31": "7.51100", "2009-09-30": "0.84210", "2009-06-30": "0.39140", "2009-03-31": "-16.59580", "2008-12-31": "2.76070", "2008-09-30": "4.33260", "2008-06-30": "5.95240", "2008-03-31": "4.19850", "2007-12-31": "6.18850", "2007-09-30": "3.85190", "2007-06-30": "5.08470", "2007-03-31": "7.53530", "2006-12-31": "12.21370", "2006-09-30": "5.58070", "2006-06-30": "6.30630", "2006-03-31": "1.91390", "2005-12-31": "5.96250", "2005-09-30": "-2.50900", "2005-06-30": "7.52290", "2005-03-31": "11.19550"}, "EBIT Margin": {"2020-09-30": "-10.62220", "2020-06-30": "0.77220", "2020-03-31": "3.38030", "2019-12-31": "8.66580", "2019-09-30": "9.06890", "2019-06-30": "9.58580", "2019-03-31": "8.64930", "2018-12-31": "9.37880", "2018-09-30": "12.70590", "2018-06-30": "12.41220", "2018-03-31": "-19.68220", "2017-12-31": "12.63890", "2017-09-30": "11.06500", "2017-06-30": "11.91490", "2017-03-31": "13.27430", "2016-12-31": "13.74800", "2016-09-30": "12.11630", "2016-06-30": "13.36550", "2016-03-31": "13.55630", "2015-12-31": "1.99010", "2015-09-30": "8.79280", "2015-06-30": "-71.18160", "2015-03-31": "7.78100", "2014-12-31": "7.88180", "2014-09-30": "9.54990", "2014-06-30": "9.89360", "2014-03-31": "7.57240", "2013-12-31": "9.68820", "2013-09-30": "8.49160", "2013-06-30": "9.65590", "2013-03-31": "5.95240", "2012-12-31": "6.70730", "2012-09-30": "6.31700", "2012-06-30": "10.63830", "2012-03-31": "10.30810", "2011-12-31": "8.00520", "2011-09-30": "7.32290", "2011-06-30": "8.97130", "2011-03-31": "7.30720", "2010-12-31": "7.63690", "2010-09-30": "2.79720", "2010-06-30": "10.22580", "2010-03-31": "8.42700", "2009-12-31": "7.51100", "2009-09-30": "0.84210", "2009-06-30": "0.39140", "2009-03-31": "-16.59580", "2008-12-31": "2.76070", "2008-09-30": "4.33260", "2008-06-30": "5.95240", "2008-03-31": "4.19850", "2007-12-31": "6.18850", "2007-09-30": "3.85190", "2007-06-30": "5.08470", "2007-03-31": "7.53530", "2006-12-31": "12.21370", "2006-09-30": "5.58070", "2006-06-30": "6.30630", "2006-03-31": "1.91390", "2005-12-31": "5.96250", "2005-09-30": "-2.50900", "2005-06-30": "7.52290", "2005-03-31": "11.19550"}, "EBITDA Margin": {"2020-09-30": "", "2020-06-30": "", "2020-03-31": "", "2019-12-31": "", "2019-09-30": "", "2019-06-30": "", "2019-03-31": "", "2018-12-31": "", "2018-09-30": "", "2018-06-30": "", "2018-03-31": "", "2017-12-31": "", "2017-09-30": "", "2017-06-30": "", "2017-03-31": "", "2016-12-31": "", "2016-09-30": "", "2016-06-30": "", "2016-03-31": "", "2015-12-31": "", "2015-09-30": "", "2015-06-30": "", "2015-03-31": "", "2014-12-31": "", "2014-09-30": "", "2014-06-30": "", "2014-03-31": "", "2013-12-31": "", "2013-09-30": "", "2013-06-30": "", "2013-03-31": "", "2012-12-31": "", "2012-09-30": "", "2012-06-30": "", "2012-03-31": "", "2011-12-31": "", "2011-09-30": "", "2011-06-30": "", "2011-03-31": "", "2010-12-31": "", "2010-09-30": "", "2010-06-30": "", "2010-03-31": "", "2009-12-31": "", "2009-09-30": "", "2009-06-30": "", "2009-03-31": "", "2008-12-31": "", "2008-09-30": "", "2008-06-30": "", "2008-03-31": "", "2007-12-31": "", "2007-09-30": "", "2007-06-30": "", "2007-03-31": "", "2006-12-31": "", "2006-09-30": "", "2006-06-30": "", "2006-03-31": "", "2005-12-31": "", "2005-09-30": "", "2005-06-30": "", "2005-03-31": ""}, "Pre-Tax Profit Margin": {"2020-09-30": "-12.74660", "2020-06-30": "-2.12360", "2020-03-31": "1.69010", "2019-12-31": "6.87760", "2019-09-30": "8.10160", "2019-06-30": "8.16570", "2019-03-31": "5.80570", "2018-12-31": "8.52620", "2018-09-30": "11.88240", "2018-06-30": "11.12410", "2018-03-31": "-20.90470", "2017-12-31": "12.77780", "2017-09-30": "10.78840", "2017-06-30": "9.64540", "2017-03-31": "11.50440", "2016-12-31": "12.27500", "2016-09-30": "10.17770", "2016-06-30": "11.91630", "2016-03-31": "10.91550", "2015-12-31": "-1.32670", "2015-09-30": "6.25930", "2015-06-30": "-73.34290", "2015-03-31": "5.61960", "2014-12-31": "6.28080", "2014-09-30": "7.79360", "2014-06-30": "8.51060", "2014-03-31": "5.34520", "2013-12-31": "12.13810", "2013-09-30": "6.48040", "2013-06-30": "8.21310", "2013-03-31": "4.40480", "2012-12-31": "5.00000", "2012-09-30": "4.41000", "2012-06-30": "9.21990", "2012-03-31": "9.00470", "2011-12-31": "7.21780", "2011-09-30": "5.64230", "2011-06-30": "7.41630", "2011-03-31": "6.49530", "2010-12-31": "6.62820", "2010-09-30": "1.57340", "2010-06-30": "9.29610", "2010-03-31": "6.32020", "2009-12-31": "6.18560", "2009-09-30": "-1.47370", "2009-06-30": "-0.39140", "2009-03-31": "-19.36170", "2008-12-31": "0.15340", "2008-09-30": "1.87350", "2008-06-30": "4.64290", "2008-03-31": "2.92620", "2007-12-31": "4.78200", "2007-09-30": "3.11110", "2007-06-30": "4.77660", "2007-03-31": "6.43640", "2006-12-31": "11.45040", "2006-09-30": "3.61990", "2006-06-30": "5.10510", "2006-03-31": "1.91390", "2005-12-31": "4.59970", "2005-09-30": "-24.91040", "2005-06-30": "6.60550", "2005-03-31": "-6.64140"}, "Net Profit Margin": {"2020-09-30": "-41.27470", "2020-06-30": "-1.15830", "2020-03-31": "-0.14080", "2019-12-31": "5.63960", "2019-09-30": "3.74850", "2019-06-30": "3.78700", "2019-03-31": "2.72510", "2018-12-31": "8.40440", "2018-09-30": "10.94120", "2018-06-30": "10.30450", "2018-03-31": "-21.14910", "2017-12-31": "-16.94440", "2017-09-30": "9.95850", "2017-06-30": "6.66670", "2017-03-31": "10.91450", "2016-12-31": "9.00160", "2016-09-30": "7.91600", "2016-06-30": "9.01770", "2016-03-31": "8.45070", "2015-12-31": "-1.16090", "2015-09-30": "5.96130", "2015-06-30": "-64.12100", "2015-03-31": "3.74640", "2014-12-31": "5.54190", "2014-09-30": "3.40290", "2014-06-30": "5.53190", "2014-03-31": "4.00890", "2013-12-31": "8.90870", "2013-09-30": "5.25140", "2013-06-30": "6.43730", "2013-03-31": "3.21430", "2012-12-31": "2.43900", "2012-09-30": "3.93330", "2012-06-30": "7.80140", "2012-03-31": "28.43600", "2011-12-31": "6.03670", "2011-09-30": "5.64230", "2011-06-30": "7.17700", "2011-03-31": "6.90120", "2010-12-31": "10.80690", "2010-09-30": "5.59440", "2010-06-30": "6.24170", "2010-03-31": "6.03930", "2009-12-31": "4.27100", "2009-09-30": "-2.31580", "2009-06-30": "-2.34830", "2009-03-31": "-12.34040", "2008-12-31": "0.61350", "2008-09-30": "1.40520", "2008-06-30": "3.21430", "2008-03-31": "1.39950", "2007-12-31": "5.06330", "2007-09-30": "3.55560", "2007-06-30": "3.08170", "2007-03-31": "4.70960", "2006-12-31": "8.24430", "2006-09-30": "4.07240", "2006-06-30": "3.60360", "2006-03-31": "1.91390", "2005-12-31": "3.91820", "2005-09-30": "-10.75270", "2005-06-30": "4.58720", "2005-03-31": "-9.48770"}, "Asset Turnover": {"2020-09-30": "0.23700", "2020-06-30": "0.17160", "2020-03-31": "0.22930", "2019-12-31": "0.23070", "2019-09-30": "0.27530", "2019-06-30": "0.27090", "2019-03-31": "0.25790", "2018-12-31": "0.25220", "2018-09-30": "0.26200", "2018-06-30": "0.27940", "2018-03-31": "0.26240", "2017-12-31": "0.22580", "2017-09-30": "0.21660", "2017-06-30": "0.22180", "2017-03-31": "0.22010", "2016-12-31": "0.20860", "2016-09-30": "0.20400", "2016-06-30": "0.20470", "2016-03-31": "0.18950", "2015-12-31": "0.20410", "2015-09-30": "0.21820", "2015-06-30": "0.21450", "2015-03-31": "0.18600", "2014-12-31": "0.20420", "2014-09-30": "0.22310", "2014-06-30": "0.21870", "2014-03-31": "0.20010", "2013-12-31": "0.20160", "2013-09-30": "0.21140", "2013-06-30": "0.20760", "2013-03-31": "0.19270", "2012-12-31": "0.18740", "2012-09-30": "0.19070", "2012-06-30": "0.25110", "2012-03-31": "0.24610", "2011-12-31": "0.24690", "2011-09-30": "0.26520", "2011-06-30": "0.26950", "2011-03-31": "0.24520", "2010-12-31": "0.23840", "2010-09-30": "0.19820", "2010-06-30": "0.27850", "2010-03-31": "0.26510", "2009-12-31": "0.25430", "2009-09-30": "0.17750", "2009-06-30": "0.20680", "2009-03-31": "0.18880", "2008-12-31": "0.23940", "2008-09-30": "0.29880", "2008-06-30": "0.28560", "2008-03-31": "0.27860", "2007-12-31": "0.25760", "2007-09-30": "0.25610", "2007-06-30": "0.24700", "2007-03-31": "0.24290", "2006-12-31": "0.25290", "2006-09-30": "0.26160", "2006-06-30": "0.26660", "2006-03-31": "0.25530", "2005-12-31": "0.24210", "2005-09-30": "0.23500", "2005-06-30": "0.22960", "2005-03-31": "0.21630"}, "Inventory Turnover Ratio": {"2020-09-30": "1.45400", "2020-06-30": "1.14250", "2020-03-31": "1.18760", "2019-12-31": "1.22340", "2019-09-30": "1.40770", "2019-06-30": "1.30310", "2019-03-31": "1.20220", "2018-12-31": "1.11210", "2018-09-30": "1.25050", "2018-06-30": "1.36310", "2018-03-31": "1.26510", "2017-12-31": "1.13810", "2017-09-30": "1.28180", "2017-06-30": "1.36680", "2017-03-31": "1.28860", "2016-12-31": "1.25560", "2016-09-30": "1.32460", "2016-06-30": "1.39700", "2016-03-31": "1.21510", "2015-12-31": "1.36590", "2015-09-30": "1.34010", "2015-06-30": "1.25930", "2015-03-31": "1.36030", "2014-12-31": "1.37890", "2014-09-30": "1.46390", "2014-06-30": "1.42110", "2014-03-31": "1.33460", "2013-12-31": "1.40160", "2013-09-30": "1.60000", "2013-06-30": "1.38890", "2013-03-31": "1.24240", "2012-12-31": "1.14650", "2012-09-30": "1.28710", "2012-06-30": "1.63260", "2012-03-31": "1.58630", "2011-12-31": "1.49880", "2011-09-30": "1.76080", "2011-06-30": "1.57600", "2011-03-31": "1.41690", "2010-12-31": "1.48160", "2010-09-30": "1.60260", "2010-06-30": "1.67790", "2010-03-31": "1.52940", "2009-12-31": "1.44410", "2009-09-30": "1.15360", "2009-06-30": "1.28030", "2009-03-31": "1.33800", "2008-12-31": "1.15230", "2008-09-30": "1.41870", "2008-06-30": "1.25990", "2008-03-31": "1.30210", "2007-12-31": "1.18800", "2007-09-30": "1.27380", "2007-06-30": "1.25690", "2007-03-31": "1.16590", "2006-12-31": "1.18500", "2006-09-30": "1.30950", "2006-06-30": "1.22990", "2006-03-31": "1.09490", "2005-12-31": "0.93580", "2005-09-30": "0.99390", "2005-06-30": "0.79660", "2005-03-31": "0.72840"}, "Receiveable Turnover": {"2020-09-30": "1.57660", "2020-06-30": "1.43090", "2020-03-31": "1.53680", "2019-12-31": "1.49900", "2019-09-30": "1.56040", "2019-06-30": "1.38300", "2019-03-31": "1.52070", "2018-12-31": "", "2018-09-30": "1.33440", "2018-06-30": "1.28610", "2018-03-31": "1.28410", "2017-12-31": "1.30670", "2017-09-30": "1.37190", "2017-06-30": "1.36360", "2017-03-31": "1.30380", "2016-12-31": "1.50860", "2016-09-30": "1.35750", "2016-06-30": "1.43090", "2016-03-31": "1.39560", "2015-12-31": "1.37990", "2015-09-30": "1.40670", "2015-06-30": "1.23270", "2015-03-31": "1.22400", "2014-12-31": "1.26280", "2014-09-30": "1.32410", "2014-06-30": "1.29830", "2014-03-31": "1.26120", "2013-12-31": "1.29020", "2013-09-30": "1.41390", "2013-06-30": "1.29450", "2013-03-31": "1.25370", "2012-12-31": "1.32470", "2012-09-30": "1.22130", "2012-06-30": "1.19150", "2012-03-31": "1.11200", "2011-12-31": "1.14930", "2011-09-30": "1.26400", "2011-06-30": "1.19940", "2011-03-31": "1.19000", "2010-12-31": "1.21540", "2010-09-30": "1.05930", "2010-06-30": "1.28280", "2010-03-31": "1.29930", "2009-12-31": "1.33930", "2009-09-30": "1.05090", "2009-06-30": "1.22540", "2009-03-31": "1.19900", "2008-12-31": "1.17480", "2008-09-30": "1.32200", "2008-06-30": "1.24080", "2008-03-31": "1.22050", "2007-12-31": "1.18300", "2007-09-30": "1.19890", "2007-06-30": "1.15890", "2007-03-31": "1.17740", "2006-12-31": "1.21750", "2006-09-30": "1.24160", "2006-06-30": "1.23110", "2006-03-31": "1.22700", "2005-12-31": "1.22290", "2005-09-30": "1.29770", "2005-06-30": "1.23860", "2005-03-31": "1.24880"}, "Days Sales In Receivables": {"2020-09-30": "57.08650", "2020-06-30": "62.89580", "2020-03-31": "58.56340", "2019-12-31": "60.04130", "2019-09-30": "57.67840", "2019-06-30": "65.07690", "2019-03-31": "59.18250", "2018-12-31": "", "2018-09-30": "67.44710", "2018-06-30": "69.97660", "2018-03-31": "70.08560", "2017-12-31": "68.87500", "2017-09-30": "65.60170", "2017-06-30": "66.00000", "2017-03-31": "69.02660", "2016-12-31": "59.65630", "2016-09-30": "66.30050", "2016-06-30": "62.89860", "2016-03-31": "64.48940", "2015-12-31": "65.22390", "2015-09-30": "63.97910", "2015-06-30": "73.01150", "2015-03-31": "73.53030", "2014-12-31": "71.26850", "2014-09-30": "67.96930", "2014-06-30": "69.31920", "2014-03-31": "71.35860", "2013-12-31": "69.75500", "2013-09-30": "63.65360", "2013-06-30": "69.52280", "2013-03-31": "71.78570", "2012-12-31": "67.93900", "2012-09-30": "73.69490", "2012-06-30": "75.53190", "2012-03-31": "80.93600", "2011-12-31": "78.30710", "2011-09-30": "71.20050", "2011-06-30": "75.03590", "2011-03-31": "75.62920", "2010-12-31": "74.04900", "2010-09-30": "84.96500", "2010-06-30": "70.15940", "2010-03-31": "69.26970", "2009-12-31": "67.20180", "2009-09-30": "85.64210", "2009-06-30": "73.44420", "2009-03-31": "75.06380", "2008-12-31": "76.61040", "2008-09-30": "68.07960", "2008-06-30": "72.53570", "2008-03-31": "73.74050", "2007-12-31": "76.07590", "2007-09-30": "75.06670", "2007-06-30": "77.65790", "2007-03-31": "76.43640", "2006-12-31": "73.92370", "2006-09-30": "72.48870", "2006-06-30": "73.10810", "2006-03-31": "73.34930", "2005-12-31": "73.59450", "2005-09-30": "69.35480", "2005-06-30": "72.66060", "2005-03-31": "72.06830"}, "ROE - Return On Equity": {"2020-09-30": "-32.55530", "2020-06-30": "-0.47940", "2020-03-31": "0.28990", "2019-12-31": "3.99310", "2019-09-30": "3.52730", "2019-06-30": "3.26260", "2019-03-31": "2.35390", "2018-12-31": "6.03450", "2018-09-30": "7.97500", "2018-06-30": "7.68040", "2018-03-31": "-12.13700", "2017-12-31": "-7.60870", "2017-09-30": "4.86150", "2017-06-30": "3.72380", "2017-03-31": "5.72250", "2016-12-31": "4.62020", "2016-09-30": "3.79010", "2016-06-30": "4.33840", "2016-03-31": "3.84330", "2015-12-31": "-0.23900", "2015-09-30": "2.98950", "2015-06-30": "-32.45610", "2015-03-31": "1.46980", "2014-12-31": "2.47980", "2014-09-30": "1.55040", "2014-06-30": "2.62920", "2014-03-31": "1.81480", "2013-12-31": "4.05780", "2013-09-30": "2.44840", "2013-06-30": "3.04850", "2013-03-31": "1.23080", "2012-12-31": "1.26970", "2012-09-30": "2.06290", "2012-06-30": "3.49210", "2012-03-31": "2.98190", "2011-12-31": "2.46610", "2011-09-30": "2.90840", "2011-06-30": "3.30280", "2011-03-31": "2.55260", "2010-12-31": "4.26670", "2010-09-30": "0.77630", "2010-06-30": "3.80310", "2010-03-31": "3.61260", "2009-12-31": "2.69630", "2009-09-30": "-0.48500", "2009-06-30": "-0.77650", "2009-03-31": "-5.25390", "2008-12-31": "0.16300", "2008-09-30": "2.56210", "2008-06-30": "2.09460", "2008-03-31": "0.87160", "2007-12-31": "2.89620", "2007-09-30": "1.75880", "2007-06-30": "1.63300", "2007-03-31": "2.42000", "2006-12-31": "4.33040", "2006-09-30": "2.46180", "2006-06-30": "2.16450", "2006-03-31": "1.07330", "2005-12-31": "2.02580", "2005-09-30": "-5.48330", "2005-06-30": "2.29680", "2005-03-31": "-4.32150"}, "Return On Tangible Equity": {"2020-09-30": "-45.92720", "2020-06-30": "-0.61650", "2020-03-31": "0.34640", "2019-12-31": "4.77670", "2019-09-30": "4.21940", "2019-06-30": "3.86850", "2019-03-31": "2.76720", "2018-12-31": "7.05130", "2018-09-30": "9.37500", "2018-06-30": "8.99180", "2018-03-31": "-14.26070", "2017-12-31": "-9.96440", "2017-09-30": "5.92200", "2017-06-30": "4.63350", "2017-03-31": "7.18780", "2016-12-31": "5.90590", "2016-09-30": "4.81480", "2016-06-30": "5.50960", "2016-03-31": "4.95710", "2015-12-31": "-0.31480", "2015-09-30": "3.87970", "2015-06-30": "-42.20530", "2015-03-31": "2.67590", "2014-12-31": "4.38680", "2014-09-30": "2.70960", "2014-06-30": "4.47190", "2014-03-31": "3.15530", "2013-12-31": "7.17230", "2013-09-30": "4.00630", "2013-06-30": "5.11750", "2013-03-31": "2.10340", "2012-12-31": "2.16080", "2012-09-30": "3.54300", "2012-06-30": "3.56760", "2012-03-31": "3.04680", "2011-12-31": "2.52680", "2011-09-30": "2.98790", "2011-06-30": "3.39620", "2011-03-31": "2.62470", "2010-12-31": "4.38960", "2010-09-30": "0.79830", "2010-06-30": "3.91100", "2010-03-31": "3.72130", "2009-12-31": "2.78000", "2009-09-30": "-0.50080", "2009-06-30": "-0.80290", "2009-03-31": "-5.42500", "2008-12-31": "0.16820", "2008-09-30": "2.64030", "2008-06-30": "2.16870", "2008-03-31": "0.90090", "2007-12-31": "2.98760", "2007-09-30": "1.81660", "2007-06-30": "1.66800", "2007-03-31": "2.46820", "2006-12-31": "4.40820", "2006-09-30": "2.50000", "2006-06-30": "2.20460", "2006-03-31": "1.09390", "2005-12-31": "2.05990", "2005-09-30": "-5.52430", "2005-06-30": "2.30910", "2005-03-31": "-4.35160"}, "ROA - Return On Assets": {"2020-09-30": "-9.52890", "2020-06-30": "-0.16560", "2020-03-31": "0.09690", "2019-12-31": "1.45990", "2019-09-30": "1.33160", "2019-06-30": "1.28250", "2019-03-31": "0.88630", "2018-12-31": "2.36560", "2018-09-30": "3.14430", "2018-06-30": "3.23850", "2018-03-31": "-5.22940", "2017-12-31": "-3.51210", "2017-09-30": "2.36670", "2017-06-30": "1.73060", "2017-03-31": "2.59660", "2016-12-31": "2.01430", "2016-09-30": "1.71330", "2016-06-30": "1.97820", "2016-03-31": "1.73450", "2015-12-31": "-0.10150", "2015-09-30": "1.30080", "2015-06-30": "-13.72060", "2015-03-31": "0.72350", "2014-12-31": "1.23210", "2014-09-30": "0.78350", "2014-06-30": "1.34950", "2014-03-31": "0.86920", "2013-12-31": "1.95290", "2013-09-30": "1.20480", "2013-06-30": "1.40550", "2013-03-31": "0.55050", "2012-12-31": "0.57130", "2012-09-30": "0.90930", "2012-06-30": "1.95900", "2012-03-31": "1.63310", "2011-12-31": "1.29620", "2011-09-30": "1.49630", "2011-06-30": "1.74080", "2011-03-31": "1.32710", "2010-12-31": "2.19860", "2010-09-30": "0.38120", "2010-06-30": "1.88610", "2010-03-31": "1.74980", "2009-12-31": "1.27340", "2009-09-30": "-0.22420", "2009-06-30": "-0.36420", "2009-03-31": "-2.40960", "2008-12-31": "0.07340", "2008-09-30": "1.11970", "2008-06-30": "0.91810", "2008-03-31": "0.38990", "2007-12-31": "1.30430", "2007-09-30": "0.79670", "2007-06-30": "0.79910", "2007-03-31": "1.18190", "2006-12-31": "2.08490", "2006-09-30": "1.14440", "2006-06-30": "1.00080", "2006-03-31": "0.48860", "2005-12-31": "0.90720", "2005-09-30": "-2.48530", "2005-06-30": "1.09520", "2005-03-31": "-2.05250"}, "ROI - Return On Investment": {"2020-09-30": "-13.88890", "2020-06-30": "-0.22660", "2020-03-31": "0.13480", "2019-12-31": "2.04720", "2019-09-30": "1.85360", "2019-06-30": "1.78330", "2019-03-31": "1.52310", "2018-12-31": "3.95480", "2018-09-30": "5.10510", "2018-06-30": "5.15890", "2018-03-31": "-8.25730", "2017-12-31": "-5.32570", "2017-09-30": "3.45580", "2017-06-30": "2.56770", "2017-03-31": "3.87970", "2016-12-31": "2.69410", "2016-09-30": "2.27470", "2016-06-30": "2.92400", "2016-03-31": "2.57170", "2015-12-31": "-0.15580", "2015-09-30": "1.73310", "2015-06-30": "-18.98250", "2015-03-31": "0.95340", "2014-12-31": "1.64930", "2014-09-30": "1.04300", "2014-06-30": "1.79460", "2014-03-31": "1.22950", "2013-12-31": "2.75140", "2013-09-30": "1.64360", "2013-06-30": "2.02730", "2013-03-31": "0.81300", "2012-12-31": "0.77880", "2012-09-30": "1.28580", "2012-06-30": "2.69500", "2012-03-31": "2.29700", "2011-12-31": "1.84080", "2011-09-30": "2.16390", "2011-06-30": "2.44010", "2011-03-31": "1.85610", "2010-12-31": "3.05640", "2010-09-30": "0.54540", "2010-06-30": "2.62620", "2010-03-31": "2.46980", "2009-12-31": "1.80560", "2009-09-30": "-0.32260", "2009-06-30": "-0.52630", "2009-03-31": "-3.51080", "2008-12-31": "0.11000", "2008-09-30": "1.74390", "2008-06-30": "1.52710", "2008-03-31": "0.62890", "2007-12-31": "2.05950", "2007-09-30": "1.23750", "2007-06-30": "1.21110", "2007-03-31": "1.78670", "2006-12-31": "3.18020", "2006-09-30": "1.75230", "2006-06-30": "1.53190", "2006-03-31": "0.75520", "2005-12-31": "1.39240", "2005-09-30": "-3.77720", "2005-06-30": "1.69820", "2005-03-31": "-3.18670"}, "Book Value Per Share": {"2020-09-30": "14.41550", "2020-06-30": "18.47310", "2020-03-31": "18.33670", "2019-12-31": "20.33350", "2019-09-30": "19.86650", "2019-06-30": "21.22630", "2019-03-31": "21.07780", "2018-12-31": "21.44190", "2018-09-30": "21.18720", "2018-06-30": "20.93940", "2018-03-31": "21.72480", "2017-12-31": "23.82010", "2017-09-30": "26.25870", "2017-06-30": "23.73490", "2017-03-31": "22.37860", "2016-12-31": "20.53680", "2016-09-30": "22.05410", "2016-06-30": "22.20300", "2016-03-31": "21.70060", "2015-12-31": "20.12830", "2015-09-30": "21.42230", "2015-06-30": "21.74360", "2015-03-31": "28.95190", "2014-12-31": "31.04530", "2014-09-30": "32.05870", "2014-06-30": "34.15920", "2014-03-31": "33.33280", "2013-12-31": "33.18830", "2013-09-30": "32.56160", "2013-06-30": "31.33660", "2013-03-31": "30.57340", "2012-12-31": "31.01420", "2012-09-30": "30.60920", "2012-06-30": "29.86490", "2012-03-31": "29.62150", "2011-12-31": "25.74280", "2011-09-30": "25.30500", "2011-06-30": "24.99770", "2011-03-31": "23.90100", "2010-12-31": "22.93270", "2010-09-30": "21.67660", "2010-06-30": "20.53690", "2010-03-31": "19.90760", "2009-12-31": "19.30910", "2009-09-30": "18.94070", "2009-06-30": "18.10490", "2009-03-31": "17.49630", "2008-12-31": "18.79910", "2008-09-30": "19.13360", "2008-06-30": "20.00870", "2008-03-31": "19.57080", "2007-12-31": "19.07290", "2007-09-30": "18.29040", "2007-06-30": "20.33270", "2007-03-31": "20.08980", "2006-12-31": "19.63930", "2006-09-30": "18.85450", "2006-06-30": "18.50190", "2006-03-31": "17.91220", "2005-12-31": "17.54300", "2005-09-30": "17.53690", "2005-06-30": "18.62710", "2005-03-31": "18.72430"}, "Operating Cash Flow Per Share": {"2020-09-30": 1.7404, "2020-06-30": 2.6412, "2020-03-31": 0.4371, "2019-12-31": "1.84210", "2019-09-30": 3.331, "2019-06-30": 1.9825, "2019-03-31": 1.5089, "2018-12-31": "-0.64890", "2018-09-30": 2.5345, "2018-06-30": 0.9846, "2018-03-31": 0.5837, "2017-12-31": "0.72700", "2017-09-30": 2.5039, "2017-06-30": 2.1227, "2017-03-31": -0.7802, "2016-12-31": "1.70380", "2016-09-30": 1.5421, "2016-06-30": 1.6964, "2016-03-31": 1.6656, "2015-12-31": "1.32800", "2015-09-30": 3.4789, "2015-06-30": 1.1937, "2015-03-31": 2.3312, "2014-12-31": "0.86690", "2014-09-30": 2.0013, "2014-06-30": 1.7775, "2014-03-31": 1.3377, "2013-12-31": "-0.27780", "2013-09-30": 4.2945, "2013-06-30": 2.1395, "2013-03-31": 0.8577, "2012-12-31": "-0.79560", "2012-09-30": 3.6026, "2012-06-30": 1.4085, "2012-03-31": 1.1416, "2011-12-31": "0.31150", "2011-09-30": 1.1982, "2011-06-30": 0.898, "2011-03-31": 0.272, "2010-12-31": "0.61350", "2010-09-30": 2.3376, "2010-06-30": 1.3474, "2010-03-31": 0.6875, "2009-12-31": "-0.50000", "2009-09-30": 1.3218, "2009-06-30": 0.4761, "2009-03-31": 3.0953, "2008-12-31": "1.46030", "2008-09-30": 1.2808, "2008-06-30": 0.8438, "2008-03-31": 0.5, "2007-12-31": "-0.65630", "2007-09-30": 1.2794, "2007-06-30": 0.7575, "2007-03-31": 1.7536, "2006-12-31": "0.75360", "2006-09-30": 2.0392, "2006-06-30": 1.3479, "2006-03-31": 0.0688, "2005-12-31": "0.25000", "2005-09-30": 2.271, "2005-06-30": 0.1456, "2005-03-31": 1.2167}, "Free Cash Flow Per Share": {"2020-09-30": 1.0741, "2020-06-30": 1.8764, "2020-03-31": -0.4724, "2019-12-31": "0.64910", "2019-09-30": 2.1755, "2019-06-30": 0.9641, "2019-03-31": 0.7717, "2018-12-31": "-1.54740", "2018-09-30": 1.927, "2018-06-30": 0.0661, "2018-03-31": -0.1296, "2017-12-31": "-0.11310", "2017-09-30": 1.5311, "2017-06-30": 1.4676, "2017-03-31": -1.1465, "2016-12-31": "1.35350", "2016-09-30": 1.0334, "2016-06-30": 1.2521, "2016-03-31": 1.3644, "2015-12-31": "1.05600", "2015-09-30": 2.8821, "2015-06-30": 0.6585, "2015-03-31": 1.8739, "2014-12-31": "0.23220", "2014-09-30": 1.1384, "2014-06-30": 1.089, "2014-03-31": 0.9105, "2013-12-31": "-0.92590", "2013-09-30": 3.2248, "2013-06-30": 1.0882, "2013-03-31": -0.147, "2012-12-31": "-1.76290", "2012-09-30": 1.994, "2012-06-30": 0.4994, "2012-03-31": 0.2636, "2011-12-31": "-0.63860", "2011-09-30": -0.2605, "2011-06-30": 0.0308, "2011-03-31": -0.3517, "2010-12-31": "0.13800", "2010-09-30": 1.542, "2010-06-30": 0.9942, "2010-03-31": 0.4063, "2009-12-31": "-0.65630", "2009-09-30": 0.8562, "2009-06-30": 0.127, "2009-03-31": 2.7143, "2008-12-31": "1.00000", "2008-09-30": 0.0796, "2008-06-30": 0.0156, "2008-03-31": -0.1094, "2007-12-31": "-0.89060", "2007-09-30": 0.4412, "2007-06-30": 0.2768, "2007-03-31": 1.4203, "2006-12-31": "0.40580", "2006-09-30": 1.3778, "2006-06-30": 0.7537, "2006-03-31": -0.5874, "2005-12-31": "-0.47060", "2005-09-30": 0.8254, "2005-06-30": -0.3587, "2005-03-31": 0.0833}}, "revenue": {"Cabot Annual Revenue (Millions of US $)": {"2020": "$2,614", "2019": "$3,337", "2018": "$3,242", "2017": "$2,717", "2016": "$2,411", "2015": "$2,871", "2014": "$3,647", "2013": "$3,456", "2012": "$3,291", "2011": "$3,102", "2010": "$2,716", "2009": "$2,108", "2008": "$3,191", "2007": "$2,616", "2006": "$2,543", "2005": "$2,125"}, "Cabot Quarterly Revenue (Millions of US $)": {"2020-12-31": "$746", "2020-09-30": "$659", "2020-06-30": "$518", "2020-03-31": "$710", "2019-12-31": "$727", "2019-09-30": "$827", "2019-06-30": "$845", "2019-03-31": "$844", "2018-12-31": "$821", "2018-09-30": "$850", "2018-06-30": "$854", "2018-03-31": "$818", "2017-12-31": "$720", "2017-09-30": "$723", "2017-06-30": "$705", "2017-03-31": "$678", "2016-12-31": "$611", "2016-09-30": "$619", "2016-06-30": "$621", "2016-03-31": "$568", "2015-12-31": "$603", "2015-09-30": "$671", "2015-06-30": "$694", "2015-03-31": "$694", "2014-12-31": "$812", "2014-09-30": "$911", "2014-06-30": "$940", "2014-03-31": "$898", "2013-12-31": "$898", "2013-09-30": "$895", "2013-06-30": "$901", "2013-03-31": "$840", "2012-12-31": "$820", "2012-09-30": "$839", "2012-06-30": "$846", "2012-03-31": "$844", "2011-12-31": "$762", "2011-09-30": "$833", "2011-06-30": "$836", "2011-03-31": "$739", "2010-12-31": "$694", "2010-09-30": "$572", "2010-06-30": "$753", "2010-03-31": "$712", "2009-12-31": "$679", "2009-09-30": "$475", "2009-06-30": "$511", "2009-03-31": "$470", "2008-12-31": "$652", "2008-09-30": "$854", "2008-06-30": "$840", "2008-03-31": "$786", "2007-12-31": "$711", "2007-09-30": "$675", "2007-06-30": "$649", "2007-03-31": "$637", "2006-12-31": "$655", "2006-09-30": "$663", "2006-06-30": "$666", "2006-03-31": "$627", "2005-12-31": "$587", "2005-09-30": "$558", "2005-06-30": "$545", "2005-03-31": "$527"}}, "gross-profit": {"Cabot Annual Gross Profit (Millions of US $)": {"2020": "$500", "2019": "$685", "2018": "$772", "2017": "$657", "2016": "$575", "2015": "$585", "2014": "$721", "2013": "$633", "2012": "$644", "2011": "$558", "2010": "$510", "2009": "$217", "2008": "$484", "2007": "$505", "2006": "$419", "2005": "$433"}, "Cabot Quarterly Gross Profit (Millions of US $)": {"2020-12-31": "$193", "2020-09-30": "$137", "2020-06-30": "$69", "2020-03-31": "$153", "2019-12-31": "$141", "2019-09-30": "$171", "2019-06-30": "$170", "2019-03-31": "$178", "2018-12-31": "$166", "2018-09-30": "$211", "2018-06-30": "$197", "2018-03-31": "$188", "2017-12-31": "$176", "2017-09-30": "$168", "2017-06-30": "$161", "2017-03-31": "$169", "2016-12-31": "$159", "2016-09-30": "$166", "2016-06-30": "$160", "2016-03-31": "$150", "2015-12-31": "$99", "2015-09-30": "$139", "2015-06-30": "$150", "2015-03-31": "$139", "2014-12-31": "$157", "2014-09-30": "$182", "2014-06-30": "$184", "2014-03-31": "$176", "2013-12-31": "$179", "2013-09-30": "$167", "2013-06-30": "$176", "2013-03-31": "$143", "2012-12-31": "$147", "2012-09-30": "$153", "2012-06-30": "$175", "2012-03-31": "$173", "2011-12-31": "$143", "2011-09-30": "$141", "2011-06-30": "$152", "2011-03-31": "$134", "2010-12-31": "$131", "2010-09-30": "$80", "2010-06-30": "$154", "2010-03-31": "$140", "2009-12-31": "$136", "2009-09-30": "$62", "2009-06-30": "$68", "2009-03-31": "$-5", "2008-12-31": "$92", "2008-09-30": "$112", "2008-06-30": "$137", "2008-03-31": "$118", "2007-12-31": "$117", "2007-09-30": "$112", "2007-06-30": "$106", "2007-03-31": "$138", "2006-12-31": "$149", "2006-09-30": "$113", "2006-06-30": "$115", "2006-03-31": "$85", "2005-12-31": "$106", "2005-09-30": "$68", "2005-06-30": "$118", "2005-03-31": "$130"}}, "operating-income": {"Cabot Annual Operating Income (Millions of US $)": {"2020": "$21", "2019": "$306", "2018": "$144", "2017": "$338", "2016": "$247", "2015": "$-317", "2014": "$335", "2013": "$268", "2012": "$291", "2011": "$243", "2010": "$204", "2009": "$-54", "2008": "$164", "2007": "$187", "2006": "$126", "2005": "$134"}, "Cabot Quarterly Operating Income (Millions of US $)": {"2020-12-31": "$118", "2020-09-30": "$-70", "2020-06-30": "$4", "2020-03-31": "$24", "2019-12-31": "$63", "2019-09-30": "$75", "2019-06-30": "$81", "2019-03-31": "$73", "2018-12-31": "$77", "2018-09-30": "$108", "2018-06-30": "$106", "2018-03-31": "$-161", "2017-12-31": "$91", "2017-09-30": "$80", "2017-06-30": "$84", "2017-03-31": "$90", "2016-12-31": "$84", "2016-09-30": "$75", "2016-06-30": "$83", "2016-03-31": "$77", "2015-12-31": "$12", "2015-09-30": "$59", "2015-06-30": "$-494", "2015-03-31": "$54", "2014-12-31": "$64", "2014-09-30": "$87", "2014-06-30": "$93", "2014-03-31": "$68", "2013-12-31": "$87", "2013-09-30": "$76", "2013-06-30": "$87", "2013-03-31": "$50", "2012-12-31": "$55", "2012-09-30": "$53", "2012-06-30": "$90", "2012-03-31": "$87", "2011-12-31": "$61", "2011-09-30": "$61", "2011-06-30": "$75", "2011-03-31": "$54", "2010-12-31": "$53", "2010-09-30": "$16", "2010-06-30": "$77", "2010-03-31": "$60", "2009-12-31": "$51", "2009-09-30": "$4", "2009-06-30": "$2", "2009-03-31": "$-78", "2008-12-31": "$18", "2008-09-30": "$37", "2008-06-30": "$50", "2008-03-31": "$33", "2007-12-31": "$44", "2007-09-30": "$26", "2007-06-30": "$33", "2007-03-31": "$48", "2006-12-31": "$80", "2006-09-30": "$37", "2006-06-30": "$42", "2006-03-31": "$12", "2005-12-31": "$35", "2005-09-30": "$-14", "2005-06-30": "$41", "2005-03-31": "$59"}}, "ebitda": {"Cabot Annual EBITDA (Millions of US $)": {"2020": "$179", "2019": "$454", "2018": "$385", "2017": "$493", "2016": "$408", "2015": "$218", "2014": "$536", "2013": "$458", "2012": "$445", "2011": "$385", "2010": "$347", "2009": "$115", "2008": "$327", "2007": "$336", "2006": "$257", "2005": "$276"}, "Cabot Quarterly EBITDA (Millions of US $)": {"2020-09-30": "$-29", "2020-06-30": "$43", "2020-03-31": "$63", "2019-12-31": "$102", "2019-09-30": "$113", "2019-06-30": "$118", "2019-03-31": "$111", "2018-12-31": "$112", "2018-09-30": "$140", "2018-06-30": "$144", "2018-03-31": "$-29", "2017-12-31": "$130", "2017-09-30": "$120", "2017-06-30": "$123", "2017-03-31": "$128", "2016-12-31": "$122", "2016-09-30": "$114", "2016-06-30": "$123", "2016-03-31": "$118", "2015-12-31": "$53", "2015-09-30": "$101", "2015-06-30": "$-93", "2015-03-31": "$101", "2014-12-31": "$109", "2014-09-30": "$138", "2014-06-30": "$143", "2014-03-31": "$117", "2013-12-31": "$138", "2013-09-30": "$122", "2013-06-30": "$132", "2013-03-31": "$100", "2012-12-31": "$104", "2012-09-30": "$98", "2012-06-30": "$125", "2012-03-31": "$125", "2011-12-31": "$97", "2011-09-30": "$98", "2011-06-30": "$110", "2011-03-31": "$89", "2010-12-31": "$88", "2010-09-30": "$52", "2010-06-30": "$117", "2010-03-31": "$94", "2009-12-31": "$84", "2009-09-30": "$49", "2009-06-30": "$47", "2009-03-31": "$-34", "2008-12-31": "$53", "2008-09-30": "$77", "2008-06-30": "$89", "2008-03-31": "$75", "2007-12-31": "$86", "2007-09-30": "$67", "2007-06-30": "$71", "2007-03-31": "$83", "2006-12-31": "$115", "2006-09-30": "$76", "2006-06-30": "$73", "2006-03-31": "$43", "2005-12-31": "$65", "2005-09-30": "$-68", "2005-06-30": "$77", "2005-03-31": "$184"}}, "net-income": {"Cabot Annual Net Income (Millions of US $)": {"2020": "$-238", "2019": "$155", "2018": "$-114", "2017": "$248", "2016": "$146", "2015": "$-334", "2014": "$199", "2013": "$152", "2012": "$385", "2011": "$233", "2010": "$151", "2009": "$-77", "2008": "$86", "2007": "$128", "2006": "$86", "2005": "$-51"}, "Cabot Quarterly Net Income (Millions of US $)": {"2020-12-31": "$60", "2020-09-30": "$-272", "2020-06-30": "$-6", "2020-03-31": "$-1", "2019-12-31": "$41", "2019-09-30": "$31", "2019-06-30": "$32", "2019-03-31": "$23", "2018-12-31": "$69", "2018-09-30": "$93", "2018-06-30": "$88", "2018-03-31": "$-173", "2017-12-31": "$-122", "2017-09-30": "$72", "2017-06-30": "$47", "2017-03-31": "$74", "2016-12-31": "$55", "2016-09-30": "$49", "2016-06-30": "$56", "2016-03-31": "$48", "2015-12-31": "$-7", "2015-09-30": "$40", "2015-06-30": "$-445", "2015-03-31": "$26", "2014-12-31": "$45", "2014-09-30": "$31", "2014-06-30": "$52", "2014-03-31": "$36", "2013-12-31": "$80", "2013-09-30": "$47", "2013-06-30": "$58", "2013-03-31": "$27", "2012-12-31": "$20", "2012-09-30": "$33", "2012-06-30": "$66", "2012-03-31": "$240", "2011-12-31": "$46", "2011-09-30": "$47", "2011-06-30": "$60", "2011-03-31": "$51", "2010-12-31": "$75", "2010-09-30": "$32", "2010-06-30": "$47", "2010-03-31": "$43", "2009-12-31": "$29", "2009-09-30": "$-11", "2009-06-30": "$-12", "2009-03-31": "$-58", "2008-12-31": "$4", "2008-09-30": "$12", "2008-06-30": "$27", "2008-03-31": "$11", "2007-12-31": "$36", "2007-09-30": "$24", "2007-06-30": "$20", "2007-03-31": "$30", "2006-12-31": "$54", "2006-09-30": "$27", "2006-06-30": "$24", "2006-03-31": "$12", "2005-12-31": "$23", "2005-09-30": "$-60", "2005-06-30": "$25", "2005-03-31": "$-50"}}, "eps-earnings-per-share-diluted": {"Cabot Annual EPS": {"2020": "$-4.21", "2019": "$2.63", "2018": "$-1.85", "2017": "$3.91", "2016": "$2.32", "2015": "$-5.27", "2014": "$3.03", "2013": "$2.36", "2012": "$5.99", "2011": "$3.57", "2010": "$2.35", "2009": "$-1.25", "2008": "$1.32", "2007": "$1.90", "2006": "$1.28", "2005": "$-0.84"}, "Cabot Quarterly EPS": {"2020-12-31": "$1.06", "2020-09-30": "$-4.78", "2020-06-30": "$-0.12", "2020-03-31": "$-0.01", "2019-12-31": "$0.70", "2019-09-30": "$0.55", "2019-06-30": "$0.55", "2019-03-31": "$0.39", "2018-12-31": "$1.14", "2018-09-30": "$1.53", "2018-06-30": "$1.40", "2018-03-31": "$-2.80", "2017-12-31": "$-1.98", "2017-09-30": "$1.13", "2017-06-30": "$0.73", "2017-03-31": "$1.19", "2016-12-31": "$0.86", "2016-09-30": "$0.79", "2016-06-30": "$0.88", "2016-03-31": "$0.76", "2015-12-31": "$-0.11", "2015-09-30": "$0.67", "2015-06-30": "$-7.04", "2015-03-31": "$0.41", "2014-12-31": "$0.69", "2014-09-30": "$0.48", "2014-06-30": "$0.78", "2014-03-31": "$0.54", "2013-12-31": "$1.23", "2013-09-30": "$0.73", "2013-06-30": "$0.90", "2013-03-31": "$0.42", "2012-12-31": "$0.31", "2012-09-30": "$0.56", "2012-06-30": "$1.02", "2012-03-31": "$3.70", "2011-12-31": "$0.71", "2011-09-30": "$0.76", "2011-06-30": "$0.92", "2011-03-31": "$0.76", "2010-12-31": "$1.13", "2010-09-30": "$0.54", "2010-06-30": "$0.72", "2010-03-31": "$0.65", "2009-12-31": "$0.44", "2009-09-30": "$-0.19", "2009-06-30": "$-0.19", "2009-03-31": "$-0.93", "2008-12-31": "$0.06", "2008-09-30": "$0.16", "2008-06-30": "$0.43", "2008-03-31": "$0.17", "2007-12-31": "$0.56", "2007-09-30": "$0.36", "2007-06-30": "$0.30", "2007-03-31": "$0.45", "2006-12-31": "$0.79", "2006-09-30": "$0.39", "2006-06-30": "$0.37", "2006-03-31": "$0.17", "2005-12-31": "$0.35", "2005-09-30": "$-0.90", "2005-06-30": "$0.39", "2005-03-31": "$-0.84"}}, "shares-outstanding": {"Cabot Annual Shares Outstanding (Millions of Shares)": {"2020": "57", "2019": "59", "2018": "62", "2017": "63", "2016": "63", "2015": "63", "2014": "65", "2013": "65", "2012": "64", "2011": "65", "2010": "64", "2009": "63", "2008": "63", "2007": "68", "2006": "68", "2005": "60"}, "Cabot Quarterly Shares Outstanding (Millions of Shares)": {"2020-12-31": "57", "2020-09-30": "57", "2020-06-30": "57", "2020-03-31": "57", "2019-12-31": "57", "2019-09-30": "59", "2019-06-30": "58", "2019-03-31": "59", "2018-12-31": "60", "2018-09-30": "62", "2018-06-30": "62", "2018-03-31": "62", "2017-12-31": "62", "2017-09-30": "63", "2017-06-30": "63", "2017-03-31": "63", "2016-12-31": "63", "2016-09-30": "63", "2016-06-30": "63", "2016-03-31": "63", "2015-12-31": "63", "2015-09-30": "63", "2015-06-30": "63", "2015-03-31": "64", "2014-12-31": "65", "2014-09-30": "65", "2014-06-30": "65", "2014-03-31": "65", "2013-12-31": "65", "2013-09-30": "65", "2013-06-30": "65", "2013-03-31": "64", "2012-12-31": "64", "2012-09-30": "64", "2012-06-30": "64", "2012-03-31": "64", "2011-12-31": "64", "2011-09-30": "65", "2011-06-30": "66", "2011-03-31": "66", "2010-12-31": "65", "2010-09-30": "64", "2010-06-30": "65", "2010-03-31": "64", "2009-12-31": "64", "2009-09-30": "63", "2009-06-30": "63", "2009-03-31": "63", "2008-12-31": "63", "2008-09-30": "63", "2008-06-30": "64", "2008-03-31": "64", "2007-12-31": "64", "2007-09-30": "68", "2007-06-30": "68", "2007-03-31": "69", "2006-12-31": "69", "2006-09-30": "68", "2006-06-30": "69", "2006-03-31": "69", "2005-12-31": "68", "2005-09-30": "60", "2005-06-30": "69", "2005-03-31": "60"}}, "total-assets": {"Cabot Annual Total Assets (Millions of US $)": {"2020": "$2,781", "2019": "$3,004", "2018": "$3,244", "2017": "$3,338", "2016": "$3,035", "2015": "$3,075", "2014": "$4,084", "2013": "$4,233", "2012": "$4,399", "2011": "$3,141", "2010": "$2,886", "2009": "$2,676", "2008": "$2,858", "2007": "$2,636", "2006": "$2,534", "2005": "$2,374"}, "Cabot Quarterly Total Assets (Millions of US $)": {"2020-09-30": "$2,781", "2020-06-30": "$3,019", "2020-03-31": "$3,097", "2019-12-31": "$3,151", "2019-09-30": "$3,004", "2019-06-30": "$3,119", "2019-03-31": "$3,272", "2018-12-31": "$3,255", "2018-09-30": "$3,244", "2018-06-30": "$3,057", "2018-03-31": "$3,117", "2017-12-31": "$3,189", "2017-09-30": "$3,338", "2017-06-30": "$3,178", "2017-03-31": "$3,081", "2016-12-31": "$2,929", "2016-09-30": "$3,035", "2016-06-30": "$3,033", "2016-03-31": "$2,998", "2015-12-31": "$2,955", "2015-09-30": "$3,075", "2015-06-30": "$3,236", "2015-03-31": "$3,732", "2014-12-31": "$3,977", "2014-09-30": "$4,084", "2014-06-30": "$4,298", "2014-03-31": "$4,487", "2013-12-31": "$4,455", "2013-09-30": "$4,233", "2013-06-30": "$4,340", "2013-03-31": "$4,360", "2012-12-31": "$4,376", "2012-09-30": "$4,399", "2012-06-30": "$3,369", "2012-03-31": "$3,429", "2011-12-31": "$3,086", "2011-09-30": "$3,141", "2011-06-30": "$3,102", "2011-03-31": "$3,014", "2010-12-31": "$2,911", "2010-09-30": "$2,886", "2010-06-30": "$2,704", "2010-03-31": "$2,686", "2009-12-31": "$2,670", "2009-09-30": "$2,676", "2009-06-30": "$2,471", "2009-03-31": "$2,490", "2008-12-31": "$2,723", "2008-09-30": "$2,858", "2008-06-30": "$2,941", "2008-03-31": "$2,821", "2007-12-31": "$2,760", "2007-09-30": "$2,636", "2007-06-30": "$2,628", "2007-03-31": "$2,623", "2006-12-31": "$2,590", "2006-09-30": "$2,534", "2006-06-30": "$2,498", "2006-03-31": "$2,456", "2005-12-31": "$2,425", "2005-09-30": "$2,374", "2005-06-30": "$2,374", "2005-03-31": "$2,436"}}, "cash-on-hand": {"Cabot Annual Cash on Hand (Millions of US $)": {"2020": "$151", "2019": "$169", "2018": "$175", "2017": "$280", "2016": "$200", "2015": "$77", "2014": "$67", "2013": "$95", "2012": "$120", "2011": "$286", "2010": "$387", "2009": "$304", "2008": "$130", "2007": "$156", "2006": "$190", "2005": "$211"}, "Cabot Quarterly Cash on Hand (Millions of US $)": {"2020-09-30": "$151", "2020-06-30": "$162", "2020-03-31": "$142", "2019-12-31": "$173", "2019-09-30": "$169", "2019-06-30": "$147", "2019-03-31": "$176", "2018-12-31": "$142", "2018-09-30": "$175", "2018-06-30": "$131", "2018-03-31": "$179", "2017-12-31": "$189", "2017-09-30": "$280", "2017-06-30": "$198", "2017-03-31": "$133", "2016-12-31": "$189", "2016-09-30": "$200", "2016-06-30": "$222", "2016-03-31": "$178", "2015-12-31": "$84", "2015-09-30": "$77", "2015-06-30": "$84", "2015-03-31": "$94", "2014-12-31": "$88", "2014-09-30": "$67", "2014-06-30": "$101", "2014-03-31": "$89", "2013-12-31": "$105", "2013-09-30": "$95", "2013-06-30": "$76", "2013-03-31": "$85", "2012-12-31": "$91", "2012-09-30": "$120", "2012-06-30": "$407", "2012-03-31": "$366", "2011-12-31": "$188", "2011-09-30": "$286", "2011-06-30": "$344", "2011-03-31": "$366", "2010-12-31": "$388", "2010-09-30": "$387", "2010-06-30": "$296", "2010-03-31": "$249", "2009-12-31": "$243", "2009-09-30": "$304", "2009-06-30": "$178", "2009-03-31": "$220", "2008-12-31": "$150", "2008-09-30": "$130", "2008-06-30": "$108", "2008-03-31": "$112", "2007-12-31": "$130", "2007-09-30": "$156", "2007-06-30": "$240", "2007-03-31": "$267", "2006-12-31": "$214", "2006-09-30": "$190", "2006-06-30": "$115", "2006-03-31": "$103", "2005-12-31": "$135", "2005-09-30": "$211", "2005-06-30": "$156", "2005-03-31": "$211"}}, "long-term-debt": {"Cabot Annual Long Term Debt (Millions of US $)": {"2020": "$1,094", "2019": "$1,024", "2018": "$719", "2017": "$661", "2016": "$914", "2015": "$970", "2014": "$1,004", "2013": "$1,020", "2012": "$1,172", "2011": "$556", "2010": "$600", "2009": "$623", "2008": "$586", "2007": "$503", "2006": "$459", "2005": "$463"}, "Cabot Quarterly Long Term Debt (Millions of US $)": {"2020-09-30": "$1,094", "2020-06-30": "$1,164", "2020-03-31": "$1,190", "2019-12-31": "$1,095", "2019-09-30": "$1,024", "2019-06-30": "$1,017", "2019-03-31": "$672", "2018-12-31": "$671", "2018-09-30": "$719", "2018-06-30": "$630", "2018-03-31": "$631", "2017-12-31": "$631", "2017-09-30": "$661", "2017-06-30": "$665", "2017-03-31": "$664", "2016-12-31": "$913", "2016-09-30": "$914", "2016-06-30": "$669", "2016-03-31": "$669", "2015-12-31": "$670", "2015-09-30": "$970", "2015-06-30": "$971", "2015-03-31": "$995", "2014-12-31": "$995", "2014-09-30": "$1,004", "2014-06-30": "$1,026", "2014-03-31": "$1,023", "2013-12-31": "$1,026", "2013-09-30": "$1,020", "2013-06-30": "$1,008", "2013-03-31": "$1,002", "2012-12-31": "$1,241", "2012-09-30": "$1,172", "2012-06-30": "$559", "2012-03-31": "$560", "2011-12-31": "$551", "2011-09-30": "$556", "2011-06-30": "$578", "2011-03-31": "$588", "2010-12-31": "$594", "2010-09-30": "$600", "2010-06-30": "$601", "2010-03-31": "$602", "2009-12-31": "$622", "2009-09-30": "$623", "2009-06-30": "$551", "2009-03-31": "$567", "2008-12-31": "$592", "2008-09-30": "$586", "2008-06-30": "$483", "2008-03-31": "$487", "2007-12-31": "$505", "2007-09-30": "$503", "2007-06-30": "$437", "2007-03-31": "$442", "2006-12-31": "$437", "2006-09-30": "$459", "2006-06-30": "$458", "2006-03-31": "$451", "2005-12-31": "$472", "2005-09-30": "$463", "2005-06-30": "$375", "2005-03-31": "$388"}}, "total-liabilities": {"Cabot Annual Total Liabilities (Millions of US $)": {"2020": "$1,967", "2019": "$1,870", "2018": "$1,965", "2017": "$1,713", "2016": "$1,663", "2015": "$1,737", "2014": "$2,020", "2013": "$2,150", "2012": "$2,460", "2011": "$1,525", "2010": "$1,469", "2009": "$1,439", "2008": "$1,609", "2007": "$1,442", "2006": "$1,338", "2005": "$1,275"}, "Cabot Quarterly Total Liabilities (Millions of US $)": {"2020-09-30": "$1,967", "2020-06-30": "$1,976", "2020-03-31": "$2,062", "2019-12-31": "$1,999", "2019-09-30": "$1,870", "2019-06-30": "$1,893", "2019-03-31": "$2,040", "2018-12-31": "$1,979", "2018-09-30": "$1,965", "2018-06-30": "$1,768", "2018-03-31": "$1,774", "2017-12-31": "$1,717", "2017-09-30": "$1,713", "2017-06-30": "$1,701", "2017-03-31": "$1,683", "2016-12-31": "$1,652", "2016-09-30": "$1,663", "2016-06-30": "$1,650", "2016-03-31": "$1,645", "2015-12-31": "$1,700", "2015-09-30": "$1,737", "2015-06-30": "$1,868", "2015-03-31": "$1,895", "2014-12-31": "$2,001", "2014-09-30": "$2,020", "2014-06-30": "$2,092", "2014-03-31": "$2,338", "2013-12-31": "$2,319", "2013-09-30": "$2,150", "2013-06-30": "$2,339", "2013-03-31": "$2,410", "2012-12-31": "$2,407", "2012-09-30": "$2,460", "2012-06-30": "$1,479", "2012-03-31": "$1,551", "2011-12-31": "$1,464", "2011-09-30": "$1,525", "2011-06-30": "$1,467", "2011-03-31": "$1,447", "2010-12-31": "$1,411", "2010-09-30": "$1,469", "2010-06-30": "$1,363", "2010-03-31": "$1,385", "2009-12-31": "$1,409", "2009-09-30": "$1,439", "2009-06-30": "$1,312", "2009-03-31": "$1,348", "2008-12-31": "$1,496", "2008-09-30": "$1,609", "2008-06-30": "$1,656", "2008-03-31": "$1,559", "2007-12-31": "$1,517", "2007-09-30": "$1,442", "2007-06-30": "$1,331", "2007-03-31": "$1,330", "2006-12-31": "$1,329", "2006-09-30": "$1,338", "2006-06-30": "$1,324", "2006-03-31": "$1,318", "2005-12-31": "$1,317", "2005-09-30": "$1,275", "2005-06-30": "$1,218", "2005-03-31": "$1,255"}}, "total-share-holder-equity": {"Cabot Annual Share Holder Equity (Millions of US $)": {"2020": "$814", "2019": "$1,134", "2018": "$1,279", "2017": "$1,625", "2016": "$1,372", "2015": "$1,338", "2014": "$2,064", "2013": "$2,083", "2012": "$1,939", "2011": "$1,616", "2010": "$1,417", "2009": "$1,237", "2008": "$1,249", "2007": "$1,194", "2006": "$1,196", "2005": "$1,099"}, "Cabot Quarterly Share Holder Equity (Millions of US $)": {"2020-09-30": "$814", "2020-06-30": "$1,043", "2020-03-31": "$1,035", "2019-12-31": "$1,152", "2019-09-30": "$1,134", "2019-06-30": "$1,226", "2019-03-31": "$1,232", "2018-12-31": "$1,276", "2018-09-30": "$1,279", "2018-06-30": "$1,289", "2018-03-31": "$1,343", "2017-12-31": "$1,472", "2017-09-30": "$1,625", "2017-06-30": "$1,477", "2017-03-31": "$1,398", "2016-12-31": "$1,277", "2016-09-30": "$1,372", "2016-06-30": "$1,383", "2016-03-31": "$1,353", "2015-12-31": "$1,255", "2015-09-30": "$1,338", "2015-06-30": "$1,368", "2015-03-31": "$1,837", "2014-12-31": "$1,976", "2014-09-30": "$2,064", "2014-06-30": "$2,206", "2014-03-31": "$2,149", "2013-12-31": "$2,136", "2013-09-30": "$2,083", "2013-06-30": "$2,001", "2013-03-31": "$1,950", "2012-12-31": "$1,969", "2012-09-30": "$1,939", "2012-06-30": "$1,890", "2012-03-31": "$1,878", "2011-12-31": "$1,622", "2011-09-30": "$1,616", "2011-06-30": "$1,635", "2011-03-31": "$1,567", "2010-12-31": "$1,500", "2010-09-30": "$1,417", "2010-06-30": "$1,341", "2010-03-31": "$1,301", "2009-12-31": "$1,261", "2009-09-30": "$1,237", "2009-06-30": "$1,159", "2009-03-31": "$1,142", "2008-12-31": "$1,227", "2008-09-30": "$1,249", "2008-06-30": "$1,285", "2008-03-31": "$1,262", "2007-12-31": "$1,243", "2007-09-30": "$1,194", "2007-06-30": "$1,297", "2007-03-31": "$1,293", "2006-12-31": "$1,261", "2006-09-30": "$1,196", "2006-06-30": "$1,174", "2006-03-31": "$1,138", "2005-12-31": "$1,108", "2005-09-30": "$1,099", "2005-06-30": "$1,156", "2005-03-31": "$1,181"}}, "profit-margins": {"current": "-8.32%"}, "gross margin": {"2020-12-31": "20.96%", "2020-09-30": "19.13%", "2020-06-30": "19.19%", "2020-03-31": "20.42%", "2019-12-31": "20.35%", "2019-09-30": "20.53%", "2019-06-30": "21.58%", "2019-03-31": "22.32%", "2018-12-31": "22.79%", "2018-09-30": "23.81%", "2018-06-30": "23.40%", "2018-03-31": "23.36%", "2017-12-31": "23.85%", "2017-09-30": "24.18%", "2017-06-30": "25.07%", "2017-03-31": "25.86%", "2016-12-31": "26.25%", "2016-09-30": "23.85%", "2016-06-30": "22.25%", "2016-03-31": "21.21%", "2015-12-31": "19.80%", "2015-09-30": "20.38%", "2015-06-30": "20.19%", "2015-03-31": "19.72%", "2014-12-31": "19.63%", "2014-09-30": "19.77%", "2014-06-30": "19.44%", "2014-03-31": "19.43%", "2013-12-31": "18.82%", "2013-09-30": "18.32%", "2013-06-30": "18.21%", "2013-03-31": "18.48%", "2012-12-31": "19.35%", "2012-09-30": "19.57%", "2012-06-30": "19.24%", "2012-03-31": "18.60%", "2011-12-31": "17.98%", "2011-09-30": "17.99%", "2011-06-30": "17.49%", "2011-03-31": "18.09%", "2010-12-31": "18.49%", "2010-09-30": "18.78%", "2010-06-30": "18.79%", "2010-03-31": "17.08%", "2009-12-31": "12.22%", "2009-09-30": "10.29%", "2009-06-30": "10.74%", "2009-03-31": "11.93%", "2008-12-31": "14.66%", "2008-09-30": "15.17%", "2008-06-30": "16.07%", "2008-03-31": "16.06%", "2007-12-31": "17.70%", "2007-09-30": "19.30%", "2007-06-30": "19.43%", "2007-03-31": "19.65%", "2006-12-31": "17.69%", "2006-09-30": "16.48%", "2006-06-30": "15.34%", "2006-03-31": "16.27%", "2005-12-31": "19.03%"}, "operating margin": {"2020-12-31": "2.89%", "2020-09-30": "0.80%", "2020-06-30": "5.97%", "2020-03-31": "7.82%", "2019-12-31": "9.00%", "2019-09-30": "9.17%", "2019-06-30": "10.09%", "2019-03-31": "10.80%", "2018-12-31": "3.89%", "2018-09-30": "4.44%", "2018-06-30": "3.72%", "2018-03-31": "3.17%", "2017-12-31": "12.21%", "2017-09-30": "12.44%", "2017-06-30": "12.74%", "2017-03-31": "13.13%", "2016-12-31": "13.19%", "2016-09-30": "10.24%", "2016-06-30": "9.38%", "2016-03-31": "-13.64%", "2015-12-31": "-13.86%", "2015-09-30": "-11.04%", "2015-06-30": "-9.29%", "2015-03-31": "8.88%", "2014-12-31": "8.76%", "2014-09-30": "9.19%", "2014-06-30": "8.92%", "2014-03-31": "8.85%", "2013-12-31": "8.49%", "2013-09-30": "7.75%", "2013-06-30": "7.21%", "2013-03-31": "7.41%", "2012-12-31": "8.51%", "2012-09-30": "8.84%", "2012-06-30": "9.10%", "2012-03-31": "8.67%", "2011-12-31": "7.92%", "2011-09-30": "7.83%", "2011-06-30": "6.97%", "2011-03-31": "7.25%", "2010-12-31": "7.54%", "2010-09-30": "7.51%", "2010-06-30": "7.33%", "2010-03-31": "4.92%", "2009-12-31": "-0.98%", "2009-09-30": "-2.56%", "2009-06-30": "-0.84%", "2009-03-31": "0.96%", "2008-12-31": "4.41%", "2008-09-30": "5.14%", "2008-06-30": "5.08%", "2008-03-31": "4.82%", "2007-12-31": "5.65%", "2007-09-30": "7.15%", "2007-06-30": "7.60%", "2007-03-31": "7.90%", "2006-12-31": "6.55%", "2006-09-30": "4.95%", "2006-06-30": "3.08%", "2006-03-31": "3.19%", "2005-12-31": "5.46%"}, "ebitda margin": {"2020-09-30": "6.85%", "2020-06-30": "11.54%", "2020-03-31": "12.74%", "2019-12-31": "13.69%", "2019-09-30": "13.61%", "2019-06-30": "14.32%", "2019-03-31": "15.05%", "2018-12-31": "10.98%", "2018-09-30": "11.88%", "2018-06-30": "11.72%", "2018-03-31": "11.60%", "2017-12-31": "17.73%", "2017-09-30": "18.15%", "2017-06-30": "18.64%", "2017-03-31": "19.26%", "2016-12-31": "19.72%", "2016-09-30": "16.92%", "2016-06-30": "16.04%", "2016-03-31": "7.06%", "2015-12-31": "6.09%", "2015-09-30": "7.59%", "2015-06-30": "8.20%", "2015-03-31": "14.63%", "2014-12-31": "14.24%", "2014-09-30": "14.70%", "2014-06-30": "14.32%", "2014-03-31": "14.17%", "2013-12-31": "13.92%", "2013-09-30": "13.25%", "2013-06-30": "12.76%", "2013-03-31": "12.77%", "2012-12-31": "13.50%", "2012-09-30": "13.52%", "2012-06-30": "13.55%", "2012-03-31": "13.13%", "2011-12-31": "12.43%", "2011-09-30": "12.41%", "2011-06-30": "11.93%", "2011-03-31": "12.55%", "2010-12-31": "12.85%", "2010-09-30": "12.78%", "2010-06-30": "13.13%", "2010-03-31": "11.53%", "2009-12-31": "6.84%", "2009-09-30": "5.46%", "2009-06-30": "5.75%", "2009-03-31": "6.57%", "2008-12-31": "9.39%", "2008-09-30": "10.25%", "2008-06-30": "10.52%", "2008-03-31": "10.60%", "2007-12-31": "11.49%", "2007-09-30": "12.84%", "2007-06-30": "13.25%", "2007-03-31": "13.24%", "2006-12-31": "11.76%", "2006-09-30": "10.11%", "2006-06-30": "4.63%", "2006-03-31": "5.05%", "2005-12-31": "11.64%"}, "pre tax profit margin": {"2020-12-31": "0.61%", "2020-09-30": "-1.26%", "2020-06-30": "4.24%", "2020-03-31": "6.37%", "2019-12-31": "7.25%", "2019-09-30": "7.64%", "2019-06-30": "8.60%", "2019-03-31": "9.35%", "2018-12-31": "2.84%", "2018-09-30": "3.61%", "2018-06-30": "3.02%", "2018-03-31": "2.26%", "2017-12-31": "11.18%", "2017-09-30": "11.00%", "2017-06-30": "10.87%", "2017-03-31": "11.47%", "2016-12-31": "11.33%", "2016-09-30": "7.92%", "2016-06-30": "6.90%", "2016-03-31": "-16.29%", "2015-12-31": "-16.38%", "2015-09-30": "-13.13%", "2015-06-30": "-11.19%", "2015-03-31": "7.18%", "2014-12-31": "7.02%", "2014-09-30": "8.45%", "2014-06-30": "8.12%", "2014-03-31": "8.05%", "2013-12-31": "7.87%", "2013-09-30": "6.08%", "2013-06-30": "5.56%", "2013-03-31": "5.77%", "2012-12-31": "6.93%", "2012-09-30": "7.47%", "2012-06-30": "7.79%", "2012-03-31": "7.33%", "2011-12-31": "6.69%", "2011-09-30": "6.54%", "2011-06-30": "5.81%", "2011-03-31": "6.27%", "2010-12-31": "6.22%", "2010-09-30": "6.11%", "2010-06-30": "5.73%", "2010-03-31": "3.28%", "2009-12-31": "-2.72%", "2009-09-30": "-4.70%", "2009-06-30": "-3.06%", "2009-03-31": "-1.24%", "2008-12-31": "2.52%", "2008-09-30": "3.51%", "2008-06-30": "3.88%", "2008-03-31": "3.86%", "2007-12-31": "4.75%", "2007-09-30": "6.42%", "2007-06-30": "6.57%", "2007-03-31": "6.64%", "2006-12-31": "5.55%", "2006-09-30": "3.81%", "2006-06-30": "-2.71%", "2006-03-31": "-2.76%", "2005-12-31": "-5.01%"}, "net profit margin": {"2020-12-31": "-8.32%", "2020-09-30": "-9.10%", "2020-06-30": "2.34%", "2020-03-31": "3.31%", "2019-12-31": "3.92%", "2019-09-30": "4.64%", "2019-06-30": "6.46%", "2019-03-31": "8.10%", "2018-12-31": "2.30%", "2018-09-30": "-3.52%", "2018-06-30": "-4.33%", "2018-03-31": "-5.93%", "2017-12-31": "2.51%", "2017-09-30": "9.13%", "2017-06-30": "8.61%", "2017-03-31": "9.25%", "2016-12-31": "8.60%", "2016-09-30": "6.06%", "2016-06-30": "5.56%", "2016-03-31": "-14.35%", "2015-12-31": "-14.50%", "2015-09-30": "-11.63%", "2015-06-30": "-11.03%", "2015-03-31": "4.59%", "2014-12-31": "4.61%", "2014-09-30": "5.46%", "2014-06-30": "5.92%", "2014-03-31": "6.15%", "2013-12-31": "6.00%", "2013-09-30": "4.40%", "2013-06-30": "4.06%", "2013-03-31": "4.36%", "2012-12-31": "10.72%", "2012-09-30": "11.70%", "2012-06-30": "12.15%", "2012-03-31": "12.00%", "2011-12-31": "6.44%", "2011-09-30": "7.51%", "2011-06-30": "7.67%", "2011-03-31": "7.43%", "2010-12-31": "7.21%", "2010-09-30": "5.56%", "2010-06-30": "4.12%", "2010-03-31": "2.06%", "2009-12-31": "-2.44%", "2009-09-30": "-3.65%", "2009-06-30": "-2.17%", "2009-03-31": "-0.53%", "2008-12-31": "1.72%", "2008-09-30": "2.70%", "2008-06-30": "3.25%", "2008-03-31": "3.23%", "2007-12-31": "4.12%", "2007-09-30": "4.89%", "2007-06-30": "5.03%", "2007-03-31": "5.15%", "2006-12-31": "4.48%", "2006-09-30": "3.38%", "2006-06-30": "-0.04%", "2006-03-31": "0.00%", "2005-12-31": "-2.80%"}, "pe ratio": {"current": "18.50", "2021-02-05": "0.00", "2020-12-31": "0.00", "2020-09-30": "0.00", "2020-06-30": "32.52", "2020-03-31": "14.21", "2019-12-31": "20.93", "2019-09-30": "16.50", "2019-06-30": "12.61", "2019-03-31": "8.82", "2018-12-31": "32.10", "2018-09-30": "0.00", "2018-06-30": "0.00", "2018-03-31": "0.00", "2017-12-31": "57.82", "2017-09-30": "13.40", "2017-06-30": "13.61", "2017-03-31": "14.49", "2016-12-31": "13.70", "2016-09-30": "19.86", "2016-06-30": "18.37", "2016-03-31": "0.00", "2015-12-31": "0.00", "2015-09-30": "0.00", "2015-06-30": "0.00", "2015-03-31": "16.48", "2014-12-31": "15.15", "2014-09-30": "14.34", "2014-06-30": "14.98", "2014-03-31": "14.66", "2013-12-31": "13.18", "2013-09-30": "15.12", "2013-06-30": "14.19", "2013-03-31": "12.24", "2012-12-31": "5.88", "2012-09-30": "5.02", "2012-06-30": "5.40", "2012-03-31": "5.69", "2011-12-31": "8.21", "2011-09-30": "5.56", "2011-06-30": "9.48", "2011-03-31": "11.75", "2010-12-31": "9.83", "2010-09-30": "10.93", "2010-06-30": "11.50", "2010-03-31": "32.56", "2009-12-31": "0.00", "2009-09-30": "0.00", "2009-06-30": "0.00", "2009-03-31": "0.00", "2008-12-31": "13.71", "2008-09-30": "17.61", "2008-06-30": "11.71", "2008-03-31": "14.77", "2007-12-31": "13.78", "2007-09-30": "12.91", "2007-06-30": "16.90", "2007-03-31": "16.21", "2006-12-31": "17.90"}, "price sales": {"2021-02-05": "1.02", "2020-12-31": "0.96", "2020-09-30": "0.78", "2020-06-30": "0.75", "2020-03-31": "0.47", "2019-12-31": "0.83", "2019-09-30": "0.77", "2019-06-30": "0.81", "2019-03-31": "0.71", "2018-12-31": "0.74", "2018-09-30": "1.12", "2018-06-30": "1.15", "2018-03-31": "1.08", "2017-12-31": "1.25", "2017-09-30": "1.18", "2017-06-30": "1.17", "2017-03-31": "1.35", "2016-12-31": "1.18", "2016-09-30": "1.22", "2016-06-30": "1.04", "2016-03-31": "1.06", "2015-12-31": "0.85", "2015-09-30": "0.61", "2015-06-30": "0.67", "2015-03-31": "0.75", "2014-12-31": "0.69", "2014-09-30": "0.78", "2014-06-30": "0.88", "2014-03-31": "0.90", "2013-12-31": "0.79", "2013-09-30": "0.67", "2013-06-30": "0.59", "2013-03-31": "0.55", "2012-12-31": "0.63", "2012-09-30": "0.59", "2012-06-30": "0.66", "2012-03-31": "0.69", "2011-12-31": "0.54", "2011-09-30": "0.42", "2011-06-30": "0.74", "2011-03-31": "0.87", "2010-12-31": "0.71", "2010-09-30": "0.61", "2010-06-30": "0.46", "2010-03-31": "0.64", "2009-12-31": "0.60", "2009-09-30": "0.53", "2009-06-30": "0.24", "2009-03-31": "0.18", "2008-12-31": "0.23", "2008-09-30": "0.47", "2008-06-30": "0.38", "2008-03-31": "0.48", "2007-12-31": "0.61", "2007-09-30": "0.67", "2007-06-30": "0.90", "2007-03-31": "0.89", "2006-12-31": "0.82"}, "price book": {"current": "2.79", "2021-02-05": "3.28", "2020-09-30": "2.48", "2020-06-30": "1.97", "2020-03-31": "1.39", "2019-12-31": "2.25", "2019-09-30": "2.18", "2019-06-30": "2.13", "2019-03-31": "1.86", "2018-12-31": "1.87", "2018-09-30": "2.77", "2018-06-30": "2.74", "2018-03-31": "2.37", "2017-12-31": "2.38", "2017-09-30": "1.94", "2017-06-30": "2.05", "2017-03-31": "2.42", "2016-12-31": "2.21", "2016-09-30": "2.13", "2016-06-30": "1.83", "2016-03-31": "1.97", "2015-12-31": "1.78", "2015-09-30": "1.29", "2015-06-30": "1.49", "2015-03-31": "1.34", "2014-12-31": "1.21", "2014-09-30": "1.36", "2014-06-30": "1.45", "2014-03-31": "1.50", "2013-12-31": "1.31", "2013-09-30": "1.11", "2013-06-30": "1.00", "2013-03-31": "0.93", "2012-12-31": "1.06", "2012-09-30": "0.99", "2012-06-30": "1.12", "2012-03-31": "1.18", "2011-12-31": "1.01", "2011-09-30": "0.79", "2011-06-30": "1.28", "2011-03-31": "1.55", "2010-12-31": "1.31", "2010-09-30": "1.19", "2010-06-30": "0.92", "2010-03-31": "1.19", "2009-12-31": "1.06", "2009-09-30": "0.94", "2009-06-30": "0.53", "2009-03-31": "0.45", "2008-12-31": "0.61", "2008-09-30": "1.22", "2008-06-30": "0.89", "2008-03-31": "1.04", "2007-12-31": "1.26", "2007-09-30": "1.40", "2007-06-30": "1.68", "2007-03-31": "1.69", "2006-12-31": "1.58", "2006-09-30": "1.40", "2006-06-30": "1.31", "2006-03-31": "1.33"}, "price fcf": {"2021-02-05": "", "2020-09-30": "$3.13", "2020-06-30": "$4.23", "2020-03-31": "$3.32", "2019-12-31": "$4.56", "2019-09-30": "$2.36", "2019-06-30": "$2.12", "2019-03-31": "$1.22", "2018-12-31": "$0.32", "2018-09-30": "$1.75", "2018-06-30": "$1.35", "2018-03-31": "$2.76", "2017-12-31": "$1.74", "2017-09-30": "$3.21", "2017-06-30": "$2.71", "2017-03-31": "$2.49", "2016-12-31": "$5.00", "2016-09-30": "$4.71", "2016-06-30": "$6.55", "2016-03-31": "$5.96", "2015-12-31": "$6.47", "2015-09-30": "$5.65", "2015-06-30": "$3.90", "2015-03-31": "$4.33", "2014-12-31": "$3.37", "2014-09-30": "$2.21", "2014-06-30": "$4.30", "2014-03-31": "$4.30", "2013-12-31": "$3.24", "2013-09-30": "$2.40", "2013-06-30": "$1.17", "2013-03-31": "$0.58", "2012-12-31": "$0.99", "2012-09-30": "$2.12", "2012-06-30": "$-0.14", "2012-03-31": "$-0.60", "2011-12-31": "$-1.22", "2011-09-30": "$-0.44", "2011-06-30": "$1.36", "2011-03-31": "$2.32", "2010-12-31": "$3.08", "2010-09-30": "$2.29", "2010-06-30": "$1.60", "2010-03-31": "$0.73", "2009-12-31": "$3.04", "2009-09-30": "$4.70", "2009-06-30": "$3.92", "2009-03-31": "$3.81", "2008-12-31": "$0.99", "2008-09-30": "$-0.90", "2008-06-30": "$-0.54", "2008-03-31": "$-0.28", "2007-12-31": "$1.25", "2007-09-30": "$2.54", "2007-06-30": "$3.48", "2007-03-31": "$3.96", "2006-12-31": "$1.48"}, "net worth": {"value": "$2.68B"}, "current ratio": {"2020-12-31": "1.97", "2020-09-30": "1.85", "2020-06-30": "1.99", "2020-03-31": "2.08", "2019-12-31": "2.08", "2019-09-30": "2.02", "2019-06-30": "2.07", "2019-03-31": "1.34", "2018-12-31": "1.31", "2018-09-30": "1.46", "2018-06-30": "1.51", "2018-03-31": "1.67", "2017-12-31": "1.63", "2017-09-30": "1.75", "2017-06-30": "1.71", "2017-03-31": "1.64", "2016-12-31": "2.52", "2016-09-30": "2.64", "2016-06-30": "1.63", "2016-03-31": "1.57", "2015-12-31": "1.41", "2015-09-30": "2.38", "2015-06-30": "2.07", "2015-03-31": "2.10", "2014-12-31": "2.04", "2014-09-30": "2.17", "2014-06-30": "2.10", "2014-03-31": "1.76", "2013-12-31": "1.67", "2013-09-30": "1.77", "2013-06-30": "1.62", "2013-03-31": "1.58", "2012-12-31": "1.78", "2012-09-30": "1.57", "2012-06-30": "2.57", "2012-03-31": "2.41", "2011-12-31": "2.46", "2011-09-30": "2.37", "2011-06-30": "2.92", "2011-03-31": "2.94", "2010-12-31": "2.94", "2010-09-30": "2.67", "2010-06-30": "2.74", "2010-03-31": "2.73", "2009-12-31": "2.71", "2009-09-30": "2.52", "2009-06-30": "2.78", "2009-03-31": "2.62", "2008-12-31": "2.56", "2008-09-30": "2.34", "2008-06-30": "2.12", "2008-03-31": "2.21", "2007-12-31": "2.31", "2007-09-30": "2.33", "2007-06-30": "2.62", "2007-03-31": "2.64", "2006-12-31": "2.55", "2006-09-30": "2.49", "2006-06-30": "2.51", "2006-03-31": "2.44", "2005-12-31": "2.68", "2005-09-30": "2.88", "2005-06-30": "2.56", "2005-03-31": "2.59"}, "quick ratio": {"2020-12-31": "1.27", "2020-09-30": "1.17", "2020-06-30": "1.19", "2020-03-31": "1.25", "2019-12-31": "1.25", "2019-09-30": "1.24", "2019-06-30": "1.27", "2019-03-31": "0.86", "2018-12-31": "0.75", "2018-09-30": "0.92", "2018-06-30": "0.97", "2018-03-31": "1.07", "2017-12-31": "1.02", "2017-09-30": "1.17", "2017-06-30": "1.13", "2017-03-31": "1.05", "2016-12-31": "1.62", "2016-09-30": "1.78", "2016-06-30": "1.13", "2016-03-31": "1.04", "2015-12-31": "0.89", "2015-09-30": "1.48", "2015-06-30": "1.31", "2015-03-31": "1.37", "2014-12-31": "1.30", "2014-09-30": "1.38", "2014-06-30": "1.36", "2014-03-31": "1.19", "2013-12-31": "1.14", "2013-09-30": "1.23", "2013-06-30": "1.10", "2013-03-31": "1.04", "2012-12-31": "1.04", "2012-09-30": "0.99", "2012-06-30": "1.91", "2012-03-31": "1.79", "2011-12-31": "1.78", "2011-09-30": "1.77", "2011-06-30": "2.11", "2011-03-31": "2.12", "2010-12-31": "2.17", "2010-09-30": "2.10", "2010-06-30": "2.01", "2010-03-31": "1.93", "2009-12-31": "1.87", "2009-09-30": "1.77", "2009-06-30": "1.84", "2009-03-31": "1.73", "2008-12-31": "1.58", "2008-09-30": "1.47", "2008-06-30": "1.32", "2008-03-31": "1.40", "2007-12-31": "1.47", "2007-09-30": "1.52", "2007-06-30": "1.78", "2007-03-31": "1.80", "2006-12-31": "1.72", "2006-09-30": "1.65", "2006-06-30": "1.61", "2006-03-31": "1.47", "2005-12-31": "1.56", "2005-09-30": "1.74", "2005-06-30": "1.45", "2005-03-31": "1.48"}, "debt equity ratio": {"current": "1.13", "2020-12-31": "2.10", "2020-09-30": "2.42", "2020-06-30": "1.90", "2020-03-31": "1.99", "2019-12-31": "1.74", "2019-09-30": "1.65", "2019-06-30": "1.54", "2019-03-31": "1.66", "2018-12-31": "1.55", "2018-09-30": "1.54", "2018-06-30": "1.37", "2018-03-31": "1.32", "2017-12-31": "1.17", "2017-09-30": "1.05", "2017-06-30": "1.15", "2017-03-31": "1.20", "2016-12-31": "1.29", "2016-09-30": "1.21", "2016-06-30": "1.19", "2016-03-31": "1.22", "2015-12-31": "1.36", "2015-09-30": "1.30", "2015-06-30": "1.37", "2015-03-31": "1.03", "2014-12-31": "1.01", "2014-09-30": "0.98", "2014-06-30": "0.95", "2014-03-31": "1.09", "2013-12-31": "1.09", "2013-09-30": "1.03", "2013-06-30": "1.17", "2013-03-31": "1.24", "2012-12-31": "1.22", "2012-09-30": "1.27", "2012-06-30": "0.78", "2012-03-31": "0.83", "2011-12-31": "0.90", "2011-09-30": "0.94", "2011-06-30": "0.90", "2011-03-31": "0.92", "2010-12-31": "0.94", "2010-09-30": "1.04", "2010-06-30": "1.02", "2010-03-31": "1.07", "2009-12-31": "1.12", "2009-09-30": "1.16", "2009-06-30": "1.13", "2009-03-31": "1.18", "2008-12-31": "1.22", "2008-09-30": "1.29", "2008-06-30": "1.29", "2008-03-31": "1.24", "2007-12-31": "1.22", "2007-09-30": "1.21", "2007-06-30": "1.03", "2007-03-31": "1.03", "2006-12-31": "1.05", "2006-09-30": "1.12", "2006-06-30": "1.13", "2006-03-31": "1.16", "2005-12-31": "1.19", "2005-09-30": "1.16", "2005-06-30": "1.05", "2005-03-31": "1.06"}, "return on equity": {"2020-12-31": "-22.73%", "2020-09-30": "-23.54%", "2020-06-30": "5.96%", "2020-03-31": "9.06%", "2019-12-31": "10.71%", "2019-09-30": "12.74%", "2019-06-30": "17.31%", "2019-03-31": "21.51%", "2018-12-31": "5.94%", "2018-09-30": "-8.47%", "2018-06-30": "-9.43%", "2018-03-31": "-11.90%", "2017-12-31": "4.76%", "2017-09-30": "17.17%", "2017-06-30": "16.29%", "2017-03-31": "17.24%", "2016-12-31": "15.45%", "2016-09-30": "10.89%", "2016-06-30": "10.28%", "2016-03-31": "-27.40%", "2015-12-31": "-26.63%", "2015-09-30": "-20.49%", "2015-06-30": "-18.94%", "2015-03-31": "7.62%", "2014-12-31": "7.81%", "2014-09-30": "9.30%", "2014-06-30": "10.03%", "2014-03-31": "10.56%", "2013-12-31": "10.38%", "2013-09-30": "7.60%", "2013-06-30": "7.02%", "2013-03-31": "7.54%", "2012-12-31": "18.71%", "2012-09-30": "21.01%", "2012-06-30": "22.78%", "2012-03-31": "23.29%", "2011-12-31": "12.67%", "2011-09-30": "14.75%", "2011-06-30": "14.25%", "2011-03-31": "14.08%", "2010-12-31": "14.18%", "2010-09-30": "11.35%", "2010-06-30": "8.40%", "2010-03-31": "3.95%", "2009-12-31": "-4.33%", "2009-09-30": "-6.46%", "2009-06-30": "-4.52%", "2009-03-31": "-1.22%", "2008-12-31": "4.30%", "2008-09-30": "6.83%", "2008-06-30": "7.87%", "2008-03-31": "7.29%", "2007-12-31": "8.75%", "2007-09-30": "10.15%", "2007-06-30": "10.38%", "2007-03-31": "10.97%", "2006-12-31": "9.81%", "2006-09-30": "7.45%", "2006-06-30": "-0.09%", "2006-03-31": "0.00%", "2005-12-31": "-5.46%"}, "return on assets": {"2020-12-31": "-7.38%", "2020-09-30": "-7.90%", "2020-06-30": "2.12%", "2020-03-31": "3.33%", "2019-12-31": "4.05%", "2019-09-30": "4.90%", "2019-06-30": "6.73%", "2019-03-31": "8.51%", "2018-12-31": "2.43%", "2018-09-30": "-3.62%", "2018-06-30": "-4.25%", "2018-03-31": "-5.49%", "2017-12-31": "2.22%", "2017-09-30": "7.92%", "2017-06-30": "7.36%", "2017-03-31": "7.75%", "2016-12-31": "6.94%", "2016-09-30": "4.86%", "2016-06-30": "4.54%", "2016-03-31": "-11.87%", "2015-12-31": "-11.88%", "2015-09-30": "-9.53%", "2015-06-30": "-9.13%", "2015-03-31": "3.83%", "2014-12-31": "3.89%", "2014-09-30": "4.59%", "2014-06-30": "4.92%", "2014-03-31": "5.05%", "2013-12-31": "4.88%", "2013-09-30": "3.51%", "2013-06-30": "3.16%", "2013-03-31": "3.54%", "2012-12-31": "9.22%", "2012-09-30": "10.78%", "2012-06-30": "12.25%", "2012-03-31": "12.32%", "2011-12-31": "6.61%", "2011-09-30": "7.66%", "2011-06-30": "7.32%", "2011-03-31": "7.12%", "2010-12-31": "7.04%", "2010-09-30": "5.52%", "2010-06-30": "4.02%", "2010-03-31": "1.87%", "2009-12-31": "-2.02%", "2009-09-30": "-2.97%", "2009-06-30": "-2.05%", "2009-03-31": "-0.54%", "2008-12-31": "1.90%", "2008-09-30": "3.02%", "2008-06-30": "3.51%", "2008-03-31": "3.36%", "2007-12-31": "4.13%", "2007-09-30": "4.89%", "2007-06-30": "5.05%", "2007-03-31": "5.27%", "2006-12-31": "4.64%", "2006-09-30": "3.47%", "2006-06-30": "-0.04%", "2006-03-31": "0.00%", "2005-12-31": "-2.58%"}, "return on investments": {"2020-12-31": "3.62%", "2020-09-30": "0.98%", "2020-06-30": "7.51%", "2020-03-31": "10.95%", "2019-12-31": "13.66%", "2019-09-30": "14.83%", "2019-06-30": "16.76%", "2019-03-31": "18.74%", "2018-12-31": "6.63%", "2018-09-30": "7.21%", "2018-06-30": "5.60%", "2018-03-31": "4.42%", "2017-12-31": "16.06%", "2017-09-30": "15.58%", "2017-06-30": "15.35%", "2017-03-31": "15.46%", "2016-12-31": "14.92%", "2016-09-30": "11.93%", "2016-06-30": "11.12%", "2016-03-31": "-16.10%", "2015-12-31": "-15.70%", "2015-09-30": "-12.13%", "2015-06-30": "-10.31%", "2015-03-31": "9.85%", "2014-12-31": "10.03%", "2014-09-30": "10.61%", "2014-06-30": "10.23%", "2014-03-31": "10.22%", "2013-12-31": "9.82%", "2013-09-30": "8.73%", "2013-06-30": "7.98%", "2013-03-31": "8.46%", "2012-12-31": "10.17%", "2012-09-30": "11.44%", "2012-06-30": "12.95%", "2012-03-31": "12.63%", "2011-12-31": "11.52%", "2011-09-30": "11.26%", "2011-06-30": "9.34%", "2011-03-31": "9.75%", "2010-12-31": "10.36%", "2010-09-30": "10.54%", "2010-06-30": "10.12%", "2010-03-31": "6.36%", "2009-12-31": "-1.17%", "2009-09-30": "-3.04%", "2009-06-30": "-1.19%", "2009-03-31": "1.51%", "2008-12-31": "7.70%", "2008-09-30": "9.24%", "2008-06-30": "8.79%", "2008-03-31": "7.85%", "2007-12-31": "8.74%", "2007-09-30": "10.90%", "2007-06-30": "11.61%", "2007-03-31": "12.32%", "2006-12-31": "10.40%", "2006-09-30": "7.81%", "2006-06-30": "4.71%", "2006-03-31": "4.73%", "2005-12-31": "7.75%"}, "return on tangible equity": {"2020-09-30": "-29.59%", "2020-06-30": "7.25%", "2020-03-31": "10.81%", "2019-12-31": "12.72%", "2019-09-30": "15.04%", "2019-06-30": "20.37%", "2019-03-31": "25.23%", "2018-12-31": "6.96%", "2018-09-30": "-10.23%", "2018-06-30": "-11.48%", "2018-03-31": "-14.70%", "2017-12-31": "5.97%", "2017-09-30": "21.41%", "2017-06-30": "20.55%", "2017-03-31": "21.86%", "2016-12-31": "19.73%", "2016-09-30": "14.00%", "2016-06-30": "13.29%", "2016-03-31": "-35.64%", "2015-12-31": "-38.17%", "2015-09-30": "-31.74%", "2015-06-30": "-31.48%", "2015-03-31": "13.38%", "2014-12-31": "13.58%", "2014-09-30": "16.16%", "2014-06-30": "17.13%", "2014-03-31": "17.99%", "2013-12-31": "17.60%", "2013-09-30": "12.77%", "2013-06-30": "11.95%", "2013-03-31": "11.07%", "2012-12-31": "24.04%", "2012-09-30": "24.06%", "2012-06-30": "23.32%", "2012-03-31": "23.88%", "2011-12-31": "13.01%", "2011-09-30": "15.17%", "2011-06-30": "14.66%", "2011-03-31": "14.48%", "2010-12-31": "14.58%", "2010-09-30": "11.69%", "2010-06-30": "8.66%", "2010-03-31": "4.08%", "2009-12-31": "-4.48%", "2009-09-30": "-6.68%", "2009-06-30": "-4.67%", "2009-03-31": "-1.26%", "2008-12-31": "4.44%", "2008-09-30": "7.04%", "2008-06-30": "8.12%", "2008-03-31": "7.52%", "2007-12-31": "9.02%", "2007-09-30": "10.46%", "2007-06-30": "10.69%", "2007-03-31": "11.31%", "2006-12-31": "10.14%", "2006-09-30": "7.71%", "2006-06-30": "-0.09%", "2006-03-31": "0.00%", "2005-12-31": "-5.62%"}, "dividend yield history": {"last payout": "$1.40", "last yield": "2.96%"}}