{"ticker": "CACI", "price": {"title": "CACI Historical Annual Stock Price Data", "value": 237.54, "historical": {"2021": {"Average Stock Price": "243.9617", "Year Open": "241.1600", "Year High": "259.2100", "Year Low": "237.5400", "Year Close": "237.5400", "Annual % Change": "-4.73%"}, "2020": {"Average Stock Price": "233.3667", "Year Open": "252.2300", "Year High": "287.0700", "Year Low": "168.2100", "Year Close": "249.3300", "Annual % Change": "-0.26%"}, "2019": {"Average Stock Price": "204.5443", "Year Open": "141.9300", "Year High": "251.6300", "Year Low": "140.8100", "Year Close": "249.9900", "Annual % Change": "73.57%"}, "2018": {"Average Stock Price": "165.6898", "Year Open": "134.1500", "Year High": "198.5500", "Year Low": "134.1500", "Year Close": "144.0300", "Annual % Change": "8.83%"}, "2017": {"Average Stock Price": "127.4965", "Year Open": "124.3500", "Year High": "144.8000", "Year Low": "112.3500", "Year Close": "132.3500", "Annual % Change": "6.48%"}, "2016": {"Average Stock Price": "101.2201", "Year Open": "89.5800", "Year High": "133.2000", "Year Low": "80.7200", "Year Close": "124.3000", "Annual % Change": "33.97%"}, "2015": {"Average Stock Price": "86.6481", "Year Open": "85.6200", "Year High": "103.3100", "Year Low": "73.5800", "Year Close": "92.7800", "Annual % Change": "7.66%"}, "2014": {"Average Stock Price": "74.6927", "Year Open": "73.0100", "Year High": "90.3900", "Year Low": "68.3000", "Year Close": "86.1800", "Annual % Change": "17.70%"}, "2013": {"Average Stock Price": "63.3094", "Year Open": "56.8500", "Year High": "73.2200", "Year Low": "50.2800", "Year Close": "73.2200", "Annual % Change": "33.05%"}, "2012": {"Average Stock Price": "54.6620", "Year Open": "56.5700", "Year High": "62.8500", "Year Low": "41.7000", "Year Close": "55.0300", "Annual % Change": "-1.59%"}, "2011": {"Average Stock Price": "56.8693", "Year Open": "53.7400", "Year High": "65.8300", "Year Low": "46.8100", "Year Close": "55.9200", "Annual % Change": "4.72%"}, "2010": {"Average Stock Price": "47.4446", "Year Open": "49.5800", "Year High": "53.7600", "Year Low": "40.3600", "Year Close": "53.4000", "Annual % Change": "9.31%"}, "2009": {"Average Stock Price": "43.5403", "Year Open": "45.3900", "Year High": "49.6800", "Year Low": "33.9900", "Year Close": "48.8500", "Annual % Change": "8.34%"}, "2008": {"Average Stock Price": "45.6307", "Year Open": "43.1400", "Year High": "53.3300", "Year Low": "37.6700", "Year Close": "45.0900", "Annual % Change": "0.71%"}, "2007": {"Average Stock Price": "48.5139", "Year Open": "56.3300", "Year High": "57.2100", "Year Low": "43.2100", "Year Close": "44.7700", "Annual % Change": "-20.76%"}, "2006": {"Average Stock Price": "58.9124", "Year Open": "56.9600", "Year High": "67.9200", "Year Low": "47.7600", "Year Close": "56.5000", "Annual % Change": "-1.53%"}, "2005": {"Average Stock Price": "59.3005", "Year Open": "65.7200", "Year High": "67.5900", "Year Low": "50.9700", "Year Close": "57.3800", "Annual % Change": "-15.78%"}, "2004": {"Average Stock Price": "48.3799", "Year Open": "48.1800", "Year High": "68.7000", "Year Low": "37.1400", "Year Close": "68.1300", "Annual % Change": "40.13%"}, "2003": {"Average Stock Price": "39.4758", "Year Open": "36.6700", "Year High": "52.0300", "Year Low": "30.0000", "Year Close": "48.6200", "Annual % Change": "36.42%"}, "2002": {"Average Stock Price": "35.6366", "Year Open": "40.4000", "Year High": "42.0000", "Year Low": "27.4900", "Year Close": "35.6400", "Annual % Change": "-9.75%"}, "2001": {"Average Stock Price": "21.6933", "Year Open": "11.2500", "Year High": "42.3200", "Year Low": "11.2500", "Year Close": "39.4900", "Annual % Change": "243.09%"}, "2000": {"Average Stock Price": "11.3413", "Year Open": "11.3100", "Year High": "15.0000", "Year Low": "8.4700", "Year Close": "11.5100", "Annual % Change": "1.77%"}, "1999": {"Average Stock Price": "9.9137", "Year Open": "8.5000", "Year High": "11.8450", "Year Low": "8.0600", "Year Close": "11.3100", "Annual % Change": "34.00%"}, "1998": {"Average Stock Price": "9.5278", "Year Open": "9.9400", "Year High": "11.0000", "Year Low": "7.3450", "Year Close": "8.4400", "Annual % Change": "-14.79%"}, "1997": {"Average Stock Price": "9.0550", "Year Open": "10.3750", "Year High": "11.6900", "Year Low": "6.9400", "Year Close": "9.9050", "Annual % Change": "-5.67%"}, "1996": {"Average Stock Price": "7.1796", "Year Open": "5.9400", "Year High": "10.9400", "Year Low": "4.7500", "Year Close": "10.5000", "Annual % Change": "76.77%"}, "1995": {"Average Stock Price": "5.5151", "Year Open": "4.7500", "Year High": "6.8750", "Year Low": "4.3750", "Year Close": "5.9400", "Annual % Change": "17.39%"}, "1994": {"Average Stock Price": "4.5361", "Year Open": "2.9700", "Year High": "5.9700", "Year Low": "2.8450", "Year Close": "5.0600", "Annual % Change": "72.11%"}, "1993": {"Average Stock Price": "2.3438", "Year Open": "2.1550", "Year High": "3.0000", "Year Low": "1.9400", "Year Close": "2.9400", "Annual % Change": "36.43%"}, "1992": {"Average Stock Price": "2.3410", "Year Open": "1.8750", "Year High": "2.9400", "Year Low": "1.8750", "Year Close": "2.1550", "Annual % Change": "7.75%"}, "1991": {"Average Stock Price": "1.5992", "Year Open": "1.5000", "Year High": "2.0000", "Year Low": "1.3100", "Year Close": "2.0000", "Annual % Change": "33.33%"}, "1990": {"Average Stock Price": "1.3444", "Year Open": "1.0000", "Year High": "1.8450", "Year Low": "1.0000", "Year Close": "1.5000", "Annual % Change": "50.00%"}, "1989": {"Average Stock Price": "1.2321", "Year Open": "1.3750", "Year High": "1.5300", "Year Low": "0.9400", "Year Close": "1.0000", "Annual % Change": "-23.66%"}, "1988": {"Average Stock Price": "1.3893", "Year Open": "1.1550", "Year High": "1.7500", "Year Low": "1.1550", "Year Close": "1.3100", "Annual % Change": "16.44%"}, "1987": {"Average Stock Price": "1.6264", "Year Open": "1.1250", "Year High": "2.2800", "Year Low": "0.8750", "Year Close": "1.1250", "Annual % Change": "0.00%"}, "1986": {"Average Stock Price": "1.1649", "Year Open": "1.3000", "Year High": "1.4400", "Year Low": "0.9615", "Year Close": "1.1250", "Annual % Change": "-13.46%"}, "1985": {"Average Stock Price": "1.5811", "Year Open": "1.8269", "Year High": "2.3577", "Year Low": "0.9615", "Year Close": "1.3000", "Annual % Change": "-30.60%"}}}, "market cap": {"value": "$5.99B"}, "income statement": {"Revenue": {"2020-06-30": "5720.04200", "2019-06-30": "4986.34100", "2018-06-30": "4467.86000", "2017-06-30": "4354.61700", "2016-06-30": "3744.05300", "2015-06-30": "3313.45200", "2014-06-30": "3564.56200", "2013-06-30": "3681.99000", "2012-06-30": "3774.47300", "2011-06-30": "3577.78000", "2010-06-30": "3149.13100", "2009-06-30": "2730.16200", "2008-06-30": "2420.53700", "2007-06-30": "1937.97200", "2006-06-30": "1755.32400", "2005-06-30": "1623.06200"}, "Cost Of Goods Sold": {"2020-06-30": "3719.05600", "2019-06-30": "3304.05300", "2018-06-30": "2978.60800", "2017-06-30": "2934.80400", "2016-06-30": "2487.63300", "2015-06-30": "2193.58500", "2014-06-30": "2426.52000", "2013-06-30": "2535.60600", "2012-06-30": "2598.89000", "2011-06-30": "2528.66000", "2010-06-30": "2207.57400", "2009-06-30": "1871.88400", "2008-06-30": "1625.59100", "2007-06-30": "1267.67700", "2006-06-30": "1134.95100", "2005-06-30": "1019.47400"}, "Gross Profit": {"2020-06-30": "2000.98600", "2019-06-30": "1682.28800", "2018-06-30": "1489.25200", "2017-06-30": "1419.81300", "2016-06-30": "1256.42000", "2015-06-30": "1119.86700", "2014-06-30": "1138.04200", "2013-06-30": "1146.38400", "2012-06-30": "1175.58300", "2011-06-30": "1049.12000", "2010-06-30": "941.55710", "2009-06-30": "858.27810", "2008-06-30": "794.94620", "2007-06-30": "670.29500", "2006-06-30": "620.37290", "2005-06-30": "603.58800"}, "Research And Development Expenses": {"2020-06-30": "", "2019-06-30": "", "2018-06-30": "", "2017-06-30": "", "2016-06-30": "", "2015-06-30": "", "2014-06-30": "", "2013-06-30": "", "2012-06-30": "", "2011-06-30": "", "2010-06-30": "", "2009-06-30": "", "2008-06-30": "", "2007-06-30": "", "2006-06-30": "", "2005-06-30": ""}, "SG&A Expenses": {"2020-06-30": "1432.60200", "2019-06-30": "1218.54400", "2018-06-30": "1076.35600", "2017-06-30": "1050.79200", "2016-06-30": "926.91800", "2015-06-30": "817.40300", "2014-06-30": "815.45800", "2013-06-30": "821.46500", "2012-06-30": "819.77200", "2011-06-30": "741.65200", "2010-06-30": "693.73600", "2009-06-30": "627.57200", "2008-06-30": "584.60000", "2007-06-30": "485.35900", "2006-06-30": "436.65600", "2005-06-30": "429.43400"}, "Other Operating Income Or Expenses": {"2020-06-30": "", "2019-06-30": "", "2018-06-30": "", "2017-06-30": "", "2016-06-30": "", "2015-06-30": "", "2014-06-30": "", "2013-06-30": "", "2012-06-30": "", "2011-06-30": "", "2010-06-30": "", "2009-06-30": "", "2008-06-30": "", "2007-06-30": "", "2006-06-30": "", "2005-06-30": ""}, "Operating Expenses": {"2020-06-30": "5262.34600", "2019-06-30": "4608.47400", "2018-06-30": "4127.16000", "2017-06-30": "4057.35600", "2016-06-30": "3479.30300", "2015-06-30": "3077.07100", "2014-06-30": "3307.15900", "2013-06-30": "3411.14900", "2012-06-30": "3474.62400", "2011-06-30": "3326.37900", "2010-06-30": "2954.34900", "2009-06-30": "2546.04800", "2008-06-30": "2257.70800", "2007-06-30": "1792.11900", "2006-06-30": "1605.04400", "2005-06-30": "1480.93000"}, "Operating Income": {"2020-06-30": "457.69630", "2019-06-30": "377.86720", "2018-06-30": "340.69970", "2017-06-30": "297.26120", "2016-06-30": "264.75000", "2015-06-30": "236.38090", "2014-06-30": "257.40310", "2013-06-30": "270.84110", "2012-06-30": "299.84910", "2011-06-30": "251.40110", "2010-06-30": "194.78200", "2009-06-30": "184.11400", "2008-06-30": "162.82910", "2007-06-30": "145.85300", "2006-06-30": "150.27990", "2005-06-30": "142.13210"}, "Total Non-Operating Income/Expense": {"2020-06-30": "-56.05900", "2019-06-30": "-49.95800", "2018-06-30": "-42.03600", "2017-06-30": "-48.64200", "2016-06-30": "-41.13800", "2015-06-30": "-34.75800", "2014-06-30": "-38.15800", "2013-06-30": "-25.81800", "2012-06-30": "-24.10100", "2011-06-30": "-23.14400", "2010-06-30": "-26.35300", "2009-06-30": "-31.12500", "2008-06-30": "-33.59500", "2007-06-30": "-20.58500", "2006-06-30": "-17.27900", "2005-06-30": "-14.76500"}, "Pre-Tax Income": {"2020-06-30": "401.63700", "2019-06-30": "327.90900", "2018-06-30": "298.66400", "2017-06-30": "248.61900", "2016-06-30": "223.61200", "2015-06-30": "201.62300", "2014-06-30": "219.24500", "2013-06-30": "245.02300", "2012-06-30": "275.74800", "2011-06-30": "228.25700", "2010-06-30": "168.42900", "2009-06-30": "152.98900", "2008-06-30": "129.23400", "2007-06-30": "125.26800", "2006-06-30": "133.00100", "2005-06-30": "127.36700"}, "Income Taxes": {"2020-06-30": "80.15700", "2019-06-30": "62.30500", "2018-06-30": "-2.50700", "2017-06-30": "84.94800", "2016-06-30": "80.81300", "2015-06-30": "75.32700", "2014-06-30": "83.32600", "2013-06-30": "92.34700", "2012-06-30": "107.53700", "2011-06-30": "83.10500", "2010-06-30": "61.17100", "2009-06-30": "62.57200", "2008-06-30": "50.82400", "2007-06-30": "46.73600", "2006-06-30": "48.16100", "2005-06-30": "47.64200"}, "Income After Taxes": {"2020-06-30": "321.48000", "2019-06-30": "265.60400", "2018-06-30": "301.17100", "2017-06-30": "163.67100", "2016-06-30": "142.79900", "2015-06-30": "126.29600", "2014-06-30": "135.91900", "2013-06-30": "152.67600", "2012-06-30": "168.21100", "2011-06-30": "145.15200", "2010-06-30": "107.25800", "2009-06-30": "90.41700", "2008-06-30": "78.41000", "2007-06-30": "78.53200", "2006-06-30": "84.84000", "2005-06-30": "79.72500"}, "Other Income": {"2020-06-30": "", "2019-06-30": "", "2018-06-30": "", "2017-06-30": "", "2016-06-30": "", "2015-06-30": "", "2014-06-30": "", "2013-06-30": "", "2012-06-30": "", "2011-06-30": "", "2010-06-30": "", "2009-06-30": "", "2008-06-30": "", "2007-06-30": "", "2006-06-30": "", "2005-06-30": ""}, "Income From Continuous Operations": {"2020-06-30": "321.48000", "2019-06-30": "265.60400", "2018-06-30": "301.17100", "2017-06-30": "163.67100", "2016-06-30": "142.79900", "2015-06-30": "126.29600", "2014-06-30": "135.91900", "2013-06-30": "152.67600", "2012-06-30": "168.21100", "2011-06-30": "145.15200", "2010-06-30": "107.25800", "2009-06-30": "90.41700", "2008-06-30": "78.41000", "2007-06-30": "78.53200", "2006-06-30": "84.84000", "2005-06-30": "79.72500"}, "Income From Discontinued Operations": {"2020-06-30": "", "2019-06-30": "", "2018-06-30": "", "2017-06-30": "", "2016-06-30": "", "2015-06-30": "", "2014-06-30": "", "2013-06-30": "", "2012-06-30": "", "2011-06-30": "", "2010-06-30": "", "2009-06-30": "", "2008-06-30": "", "2007-06-30": "", "2006-06-30": "", "2005-06-30": ""}, "Net Income": {"2020-06-30": "321.48000", "2019-06-30": "265.60400", "2018-06-30": "301.17100", "2017-06-30": "163.67100", "2016-06-30": "142.79900", "2015-06-30": "126.19500", "2014-06-30": "135.31600", "2013-06-30": "151.68900", "2012-06-30": "167.45400", "2011-06-30": "144.21800", "2010-06-30": "106.51500", "2009-06-30": "89.69800", "2008-06-30": "77.93500", "2007-06-30": "78.53200", "2006-06-30": "84.84000", "2005-06-30": "79.72500"}, "EBITDA": {"2020-06-30": "570.73030", "2019-06-30": "466.15020", "2018-06-30": "416.95670", "2017-06-30": "373.50520", "2016-06-30": "332.73600", "2015-06-30": "305.10280", "2014-06-30": "325.52410", "2013-06-30": "326.99210", "2012-06-30": "358.04810", "2011-06-30": "310.25310", "2010-06-30": "250.17700", "2009-06-30": "233.25900", "2008-06-30": "212.58910", "2007-06-30": "186.53900", "2006-06-30": "185.13790", "2005-06-30": "175.49810"}, "EBIT": {"2020-06-30": "457.69630", "2019-06-30": "377.86720", "2018-06-30": "340.69970", "2017-06-30": "297.26120", "2016-06-30": "264.75000", "2015-06-30": "236.38090", "2014-06-30": "257.40310", "2013-06-30": "270.84110", "2012-06-30": "299.84910", "2011-06-30": "251.40110", "2010-06-30": "194.78200", "2009-06-30": "184.11400", "2008-06-30": "162.82910", "2007-06-30": "145.85300", "2006-06-30": "150.27990", "2005-06-30": "142.13210"}, "Basic Shares Outstanding": {"2020-06-30": "25.03100", "2019-06-30": "24.83300", "2018-06-30": "24.61600", "2017-06-30": "24.40100", "2016-06-30": "24.26200", "2015-06-30": "23.94800", "2014-06-30": "23.42900", "2013-06-30": "23.01000", "2012-06-30": "27.07700", "2011-06-30": "30.28100", "2010-06-30": "30.13800", "2009-06-30": "29.97600", "2008-06-30": "30.05800", "2007-06-30": "30.64300", "2006-06-30": "30.24200", "2005-06-30": "29.67500"}, "Shares Outstanding": {"2020-06-30": "25.48500", "2019-06-30": "25.39500", "2018-06-30": "25.25500", "2017-06-30": "25.06900", "2016-06-30": "24.80200", "2015-06-30": "24.38800", "2014-06-30": "25.15500", "2013-06-30": "23.88500", "2012-06-30": "28.11100", "2011-06-30": "31.30000", "2010-06-30": "30.67600", "2009-06-30": "30.42700", "2008-06-30": "30.60600", "2007-06-30": "31.25600", "2006-06-30": "31.16100", "2005-06-30": "30.56800"}, "Basic EPS": {"2020-06-30": "12.84000", "2019-06-30": "10.70000", "2018-06-30": "12.23000", "2017-06-30": "6.71000", "2016-06-30": "5.89000", "2015-06-30": "5.27000", "2014-06-30": "5.78000", "2013-06-30": "6.59000", "2012-06-30": "6.18000", "2011-06-30": "4.76000", "2010-06-30": "3.53000", "2009-06-30": "2.99000", "2008-06-30": "2.59000", "2007-06-30": "2.56000", "2006-06-30": "2.81000", "2005-06-30": "2.69000"}, "EPS - Earnings Per Share": {"2020-06-30": "12.61000", "2019-06-30": "10.46000", "2018-06-30": "11.93000", "2017-06-30": "6.53000", "2016-06-30": "5.76000", "2015-06-30": "5.17000", "2014-06-30": "5.38000", "2013-06-30": "6.35000", "2012-06-30": "5.96000", "2011-06-30": "4.61000", "2010-06-30": "3.47000", "2009-06-30": "2.95000", "2008-06-30": "2.55000", "2007-06-30": "2.51000", "2006-06-30": "2.72000", "2005-06-30": "2.61000"}}, "income statement, quarterly": {"Revenue": {"2020-12-31": "1468.71100", "2020-09-30": "1459.50600", "2020-06-30": "1495.58100", "2020-03-31": "1465.60000", "2019-12-31": "1395.46900", "2019-09-30": "1363.39200", "2019-06-30": "1373.87800", "2019-03-31": "1264.95800", "2018-12-31": "1181.64100", "2018-09-30": "1165.86400", "2018-06-30": "1170.08600", "2018-03-31": "1124.10000", "2017-12-31": "1087.86000", "2017-09-30": "1085.81400", "2017-06-30": "1137.38900", "2017-03-31": "1086.41800", "2016-12-31": "1057.53000", "2016-09-30": "1073.28000", "2016-06-30": "1113.90000", "2016-03-31": "977.27400", "2015-12-31": "830.43700", "2015-09-30": "822.44200", "2015-06-30": "865.50580", "2015-03-31": "817.79700", "2014-12-31": "815.42300", "2014-09-30": "814.72600", "2014-06-30": "905.71790", "2014-03-31": "900.39300", "2013-12-31": "894.18600", "2013-09-30": "864.26500", "2013-06-30": "912.93100", "2013-03-31": "906.19600", "2012-12-31": "931.62700", "2012-09-30": "931.23600", "2012-06-30": "948.87300", "2012-03-31": "927.96200", "2011-12-31": "973.24300", "2011-09-30": "924.39500", "2011-06-30": "963.16200", "2011-03-31": "913.36900", "2010-12-31": "867.27800", "2010-09-30": "833.97100", "2010-06-30": "848.71710", "2010-03-31": "784.16900", "2009-12-31": "776.72700", "2009-09-30": "739.51800", "2009-06-30": "728.90090", "2009-03-31": "673.99400", "2008-12-31": "672.50700", "2008-09-30": "654.76000", "2008-06-30": "655.01620", "2008-03-31": "634.15700", "2007-12-31": "577.78400", "2007-09-30": "553.58000", "2007-06-30": "520.38500", "2007-03-31": "473.05500", "2006-12-31": "476.90900", "2006-09-30": "467.62300", "2006-06-30": "477.32890", "2006-03-31": "435.35900", "2005-12-31": "419.53000", "2005-09-30": "423.10600", "2005-06-30": "429.77800", "2005-03-31": "414.94600"}, "Cost Of Goods Sold": {"2020-12-31": "947.13100", "2020-09-30": "939.93400", "2020-06-30": "981.67790", "2020-03-31": "953.63000", "2019-12-31": "904.86700", "2019-09-30": "878.88100", "2019-06-30": "906.42000", "2019-03-31": "824.02400", "2018-12-31": "790.84900", "2018-09-30": "782.76000", "2018-06-30": "783.32620", "2018-03-31": "728.44400", "2017-12-31": "727.16000", "2017-09-30": "739.67800", "2017-06-30": "769.03800", "2017-03-31": "732.22400", "2016-12-31": "705.32100", "2016-09-30": "728.22100", "2016-06-30": "755.58000", "2016-03-31": "647.48900", "2015-12-31": "547.14000", "2015-09-30": "537.42400", "2015-06-30": "567.44590", "2015-03-31": "542.84100", "2014-12-31": "546.69400", "2014-09-30": "536.60400", "2014-06-30": "612.64600", "2014-03-31": "605.78000", "2013-12-31": "606.67200", "2013-09-30": "601.42200", "2013-06-30": "627.19500", "2013-03-31": "623.12500", "2012-12-31": "639.64900", "2012-09-30": "645.63700", "2012-06-30": "651.99080", "2012-03-31": "632.57000", "2011-12-31": "679.39800", "2011-09-30": "634.93100", "2011-06-30": "685.24990", "2011-03-31": "645.40400", "2010-12-31": "608.53600", "2010-09-30": "589.47000", "2010-06-30": "602.72610", "2010-03-31": "551.19100", "2009-12-31": "543.11700", "2009-09-30": "510.54000", "2009-06-30": "505.09400", "2009-03-31": "461.75700", "2008-12-31": "461.48800", "2008-09-30": "443.54500", "2008-06-30": "441.81990", "2008-03-31": "424.94600", "2007-12-31": "386.42700", "2007-09-30": "372.39800", "2007-06-30": "347.79800", "2007-03-31": "307.68800", "2006-12-31": "311.46400", "2006-09-30": "300.72700", "2006-06-30": "314.19210", "2006-03-31": "279.14200", "2005-12-31": "270.74000", "2005-09-30": "270.87700", "2005-06-30": "278.28100", "2005-03-31": "259.73800"}, "Gross Profit": {"2020-12-31": "521.58010", "2020-09-30": "519.57200", "2020-06-30": "513.90310", "2020-03-31": "511.97000", "2019-12-31": "490.60200", "2019-09-30": "484.51100", "2019-06-30": "467.45760", "2019-03-31": "440.93400", "2018-12-31": "390.79200", "2018-09-30": "383.10400", "2018-06-30": "386.75980", "2018-03-31": "395.65600", "2017-12-31": "360.70000", "2017-09-30": "346.13600", "2017-06-30": "368.35110", "2017-03-31": "354.19400", "2016-12-31": "352.20900", "2016-09-30": "345.05900", "2016-06-30": "358.32000", "2016-03-31": "329.78500", "2015-12-31": "283.29700", "2015-09-30": "285.01800", "2015-06-30": "298.05990", "2015-03-31": "274.95600", "2014-12-31": "268.72900", "2014-09-30": "278.12200", "2014-06-30": "293.07190", "2014-03-31": "294.61300", "2013-12-31": "287.51400", "2013-09-30": "262.84300", "2013-06-30": "285.73600", "2013-03-31": "283.07100", "2012-12-31": "291.97800", "2012-09-30": "285.59900", "2012-06-30": "296.88220", "2012-03-31": "295.39200", "2011-12-31": "293.84500", "2011-09-30": "289.46400", "2011-06-30": "277.91220", "2011-03-31": "267.96500", "2010-12-31": "258.74200", "2010-09-30": "244.50100", "2010-06-30": "245.99100", "2010-03-31": "232.97800", "2009-12-31": "233.61000", "2009-09-30": "228.97800", "2009-06-30": "223.80690", "2009-03-31": "212.23700", "2008-12-31": "211.01900", "2008-09-30": "211.21500", "2008-06-30": "213.19630", "2008-03-31": "209.21100", "2007-12-31": "191.35700", "2007-09-30": "181.18200", "2007-06-30": "172.58700", "2007-03-31": "165.36700", "2006-12-31": "165.44500", "2006-09-30": "166.89600", "2006-06-30": "163.13690", "2006-03-31": "156.21700", "2005-12-31": "148.79000", "2005-09-30": "152.22900", "2005-06-30": "151.49700", "2005-03-31": "155.20800"}, "Research And Development Expenses": {"2020-12-31": "", "2020-09-30": "", "2020-06-30": "", "2020-03-31": "", "2019-12-31": "", "2019-09-30": "", "2019-06-30": "", "2019-03-31": "", "2018-12-31": "", "2018-09-30": "", "2018-06-30": "", "2018-03-31": "", "2017-12-31": "", "2017-09-30": "", "2017-06-30": "", "2017-03-31": "", "2016-12-31": "", "2016-09-30": "", "2016-06-30": "", "2016-03-31": "", "2015-12-31": "", "2015-09-30": "", "2015-06-30": "", "2015-03-31": "", "2014-12-31": "", "2014-09-30": "", "2014-06-30": "", "2014-03-31": "", "2013-12-31": "", "2013-09-30": "", "2013-06-30": "", "2013-03-31": "", "2012-12-31": "", "2012-09-30": "", "2012-06-30": "", "2012-03-31": "", "2011-12-31": "", "2011-09-30": "", "2011-06-30": "", "2011-03-31": "", "2010-12-31": "", "2010-09-30": "", "2010-06-30": "", "2010-03-31": "", "2009-12-31": "", "2009-09-30": "", "2009-06-30": "", "2009-03-31": "", "2008-12-31": "", "2008-09-30": "", "2008-06-30": "", "2008-03-31": "", "2007-12-31": "", "2007-09-30": "", "2007-06-30": "", "2007-03-31": "", "2006-12-31": "", "2006-09-30": "", "2006-06-30": "", "2006-03-31": "", "2005-12-31": "", "2005-09-30": "", "2005-06-30": "", "2005-03-31": ""}, "SG&A Expenses": {"2020-12-31": "347.80700", "2020-09-30": "355.00400", "2020-06-30": "351.42700", "2020-03-31": "371.13500", "2019-12-31": "352.44800", "2019-09-30": "357.59200", "2019-06-30": "359.28200", "2019-03-31": "324.82800", "2018-12-31": "269.67700", "2018-09-30": "264.75700", "2018-06-30": "287.78700", "2018-03-31": "273.14500", "2017-12-31": "254.18000", "2017-09-30": "261.24400", "2017-06-30": "270.39500", "2017-03-31": "269.23700", "2016-12-31": "253.82200", "2016-09-30": "257.33800", "2016-06-30": "258.59700", "2016-03-31": "249.47700", "2015-12-31": "213.14400", "2015-09-30": "205.70000", "2015-06-30": "206.99600", "2015-03-31": "205.17400", "2014-12-31": "204.40600", "2014-09-30": "200.82700", "2014-06-30": "205.75400", "2014-03-31": "216.16400", "2013-12-31": "204.83000", "2013-09-30": "188.71000", "2013-06-30": "204.09000", "2013-03-31": "200.68400", "2012-12-31": "209.06800", "2012-09-30": "207.62300", "2012-06-30": "206.10590", "2012-03-31": "208.84300", "2011-12-31": "204.54100", "2011-09-30": "200.28200", "2011-06-30": "185.67990", "2011-03-31": "191.40300", "2010-12-31": "185.24700", "2010-09-30": "179.32200", "2010-06-30": "177.88700", "2010-03-31": "171.45100", "2009-12-31": "172.60300", "2009-09-30": "171.79500", "2009-06-30": "160.27500", "2009-03-31": "155.44500", "2008-12-31": "153.98100", "2008-09-30": "157.87100", "2008-06-30": "154.70200", "2008-03-31": "153.40600", "2007-12-31": "140.73500", "2007-09-30": "135.75700", "2007-06-30": "124.87700", "2007-03-31": "121.20100", "2006-12-31": "119.42600", "2006-09-30": "119.85500", "2006-06-30": "112.54800", "2006-03-31": "111.28100", "2005-12-31": "101.62100", "2005-09-30": "111.20600", "2005-06-30": "105.52500", "2005-03-31": "110.97500"}, "Other Operating Income Or Expenses": {"2020-12-31": "", "2020-09-30": "", "2020-06-30": "", "2020-03-31": "", "2019-12-31": "", "2019-09-30": "", "2019-06-30": "", "2019-03-31": "", "2018-12-31": "", "2018-09-30": "", "2018-06-30": "", "2018-03-31": "", "2017-12-31": "", "2017-09-30": "", "2017-06-30": "", "2017-03-31": "", "2016-12-31": "", "2016-09-30": "", "2016-06-30": "", "2016-03-31": "", "2015-12-31": "", "2015-09-30": "", "2015-06-30": "", "2015-03-31": "", "2014-12-31": "", "2014-09-30": "", "2014-06-30": "", "2014-03-31": "", "2013-12-31": "", "2013-09-30": "", "2013-06-30": "", "2013-03-31": "", "2012-12-31": "", "2012-09-30": "", "2012-06-30": "", "2012-03-31": "", "2011-12-31": "", "2011-09-30": "", "2011-06-30": "", "2011-03-31": "", "2010-12-31": "", "2010-09-30": "", "2010-06-30": "", "2010-03-31": "", "2009-12-31": "", "2009-09-30": "", "2009-06-30": "", "2009-03-31": "", "2008-12-31": "", "2008-09-30": "", "2008-06-30": "", "2008-03-31": "", "2007-12-31": "", "2007-09-30": "", "2007-06-30": "", "2007-03-31": "", "2006-12-31": "", "2006-09-30": "", "2006-06-30": "", "2006-03-31": "", "2005-12-31": "", "2005-09-30": "", "2005-06-30": "", "2005-03-31": ""}, "Operating Expenses": {"2020-12-31": "1327.17200", "2020-09-30": "1325.08200", "2020-06-30": "1361.90500", "2020-03-31": "1351.92400", "2019-12-31": "1285.28200", "2019-09-30": "1263.23500", "2019-06-30": "1292.78200", "2019-03-31": "1170.05000", "2018-12-31": "1079.37800", "2018-09-30": "1066.26400", "2018-06-30": "1089.74600", "2018-03-31": "1019.30600", "2017-12-31": "999.59800", "2017-09-30": "1018.51000", "2017-06-30": "1057.29500", "2017-03-31": "1019.16400", "2016-12-31": "977.27500", "2016-09-30": "1003.62200", "2016-06-30": "1032.81600", "2016-03-31": "913.59800", "2015-12-31": "774.95400", "2015-09-30": "757.93500", "2015-06-30": "790.42700", "2015-03-31": "764.08200", "2014-12-31": "767.89500", "2014-09-30": "754.66700", "2014-06-30": "836.48290", "2014-03-31": "839.86100", "2013-12-31": "827.73200", "2013-09-30": "803.08300", "2013-06-30": "845.02880", "2013-03-31": "837.57600", "2012-12-31": "862.04500", "2012-09-30": "866.49900", "2012-06-30": "872.16470", "2012-03-31": "855.18100", "2011-12-31": "898.53700", "2011-09-30": "848.74100", "2011-06-30": "885.07790", "2011-03-31": "851.58400", "2010-12-31": "807.84300", "2010-09-30": "781.87400", "2010-06-30": "794.74620", "2010-03-31": "736.84700", "2009-12-31": "729.26600", "2009-09-30": "693.49000", "2009-06-30": "676.32800", "2009-03-31": "629.02000", "2008-12-31": "627.25800", "2008-09-30": "613.44200", "2008-06-30": "608.65000", "2008-03-31": "590.68600", "2007-12-31": "539.47100", "2007-09-30": "518.90100", "2007-06-30": "482.51100", "2007-03-31": "438.57600", "2006-12-31": "439.94400", "2006-09-30": "431.08800", "2006-06-30": "436.58210", "2006-03-31": "398.54100", "2005-12-31": "380.30300", "2005-09-30": "389.61800", "2005-06-30": "391.75580", "2005-03-31": "378.78800"}, "Operating Income": {"2020-12-31": "141.53910", "2020-09-30": "134.42400", "2020-06-30": "133.67630", "2020-03-31": "113.67590", "2019-12-31": "110.18700", "2019-09-30": "100.15700", "2019-06-30": "81.09610", "2019-03-31": "94.90800", "2018-12-31": "102.26310", "2018-09-30": "99.60000", "2018-06-30": "80.33960", "2018-03-31": "104.79410", "2017-12-31": "88.26200", "2017-09-30": "67.30400", "2017-06-30": "80.09420", "2017-03-31": "67.25400", "2016-12-31": "80.25500", "2016-09-30": "69.65800", "2016-06-30": "81.08390", "2016-03-31": "63.67600", "2015-12-31": "55.48300", "2015-09-30": "64.50700", "2015-06-30": "75.07880", "2015-03-31": "53.71500", "2014-12-31": "47.52800", "2014-09-30": "60.05900", "2014-06-30": "69.23500", "2014-03-31": "60.53200", "2013-12-31": "66.45400", "2013-09-30": "61.18200", "2013-06-30": "67.90220", "2013-03-31": "68.61990", "2012-12-31": "69.58200", "2012-09-30": "64.73700", "2012-06-30": "76.70830", "2012-03-31": "72.78090", "2011-12-31": "74.70590", "2011-09-30": "75.65400", "2011-06-30": "78.08410", "2011-03-31": "61.78500", "2010-12-31": "59.43500", "2010-09-30": "52.09710", "2010-06-30": "53.97090", "2010-03-31": "47.32200", "2009-12-31": "47.46100", "2009-09-30": "46.02800", "2009-06-30": "52.57290", "2009-03-31": "44.97400", "2008-12-31": "45.24900", "2008-09-30": "41.31800", "2008-06-30": "46.36620", "2008-03-31": "43.47100", "2007-12-31": "38.31300", "2007-09-30": "34.67900", "2007-06-30": "37.87400", "2007-03-31": "34.47900", "2006-12-31": "36.96500", "2006-09-30": "36.53500", "2006-06-30": "40.74690", "2006-03-31": "36.81800", "2005-12-31": "39.22700", "2005-09-30": "33.48800", "2005-06-30": "38.02220", "2005-03-31": "36.15800"}, "Total Non-Operating Income/Expense": {"2020-12-31": "-9.08700", "2020-09-30": "-9.98000", "2020-06-30": "-10.44700", "2020-03-31": "-14.08700", "2019-12-31": "-14.71400", "2019-09-30": "-16.81100", "2019-06-30": "-18.18500", "2019-03-31": "-13.46600", "2018-12-31": "-9.42100", "2018-09-30": "-8.88600", "2018-06-30": "-9.26700", "2018-03-31": "-10.56600", "2017-12-31": "-10.95600", "2017-09-30": "-11.24700", "2017-06-30": "-11.72100", "2017-03-31": "-12.10700", "2016-12-31": "-12.32500", "2016-09-30": "-12.48900", "2016-06-30": "-12.66100", "2016-03-31": "-11.11500", "2015-12-31": "-8.18000", "2015-09-30": "-9.18200", "2015-06-30": "-8.60500", "2015-03-31": "-8.47300", "2014-12-31": "-8.60000", "2014-09-30": "-9.08000", "2014-06-30": "-9.83400", "2014-03-31": "-11.48000", "2013-12-31": "-9.45600", "2013-09-30": "-7.38800", "2013-06-30": "-6.51000", "2013-03-31": "-6.29500", "2012-12-31": "-6.23100", "2012-09-30": "-6.78200", "2012-06-30": "-5.78800", "2012-03-31": "-6.17500", "2011-12-31": "-6.53800", "2011-09-30": "-5.60000", "2011-06-30": "-5.64600", "2011-03-31": "-5.67400", "2010-12-31": "-5.99100", "2010-09-30": "-5.83300", "2010-06-30": "-5.47900", "2010-03-31": "-6.48800", "2009-12-31": "-7.12400", "2009-09-30": "-7.26200", "2009-06-30": "-7.42600", "2009-03-31": "-7.53800", "2008-12-31": "-8.10700", "2008-09-30": "-8.05400", "2008-06-30": "-14.95400", "2008-03-31": "-6.75100", "2007-12-31": "-6.73800", "2007-09-30": "-5.15200", "2007-06-30": "-4.08000", "2007-03-31": "-4.93400", "2006-12-31": "-5.36200", "2006-09-30": "-6.20900", "2006-06-30": "-5.54300", "2006-03-31": "-4.34600", "2005-12-31": "-3.77700", "2005-09-30": "-3.61300", "2005-06-30": "-3.82000", "2005-03-31": "-3.65200"}, "Pre-Tax Income": {"2020-12-31": "132.45200", "2020-09-30": "124.44400", "2020-06-30": "123.22900", "2020-03-31": "99.58900", "2019-12-31": "95.47300", "2019-09-30": "83.34600", "2019-06-30": "62.91100", "2019-03-31": "81.44200", "2018-12-31": "92.84200", "2018-09-30": "90.71400", "2018-06-30": "71.07300", "2018-03-31": "94.22800", "2017-12-31": "77.30600", "2017-09-30": "56.05700", "2017-06-30": "68.37300", "2017-03-31": "55.14700", "2016-12-31": "67.93000", "2016-09-30": "57.16900", "2016-06-30": "68.42300", "2016-03-31": "52.56100", "2015-12-31": "47.30300", "2015-09-30": "55.32500", "2015-06-30": "66.47400", "2015-03-31": "45.24200", "2014-12-31": "38.92800", "2014-09-30": "50.97900", "2014-06-30": "59.40100", "2014-03-31": "49.05200", "2013-12-31": "56.99800", "2013-09-30": "53.79400", "2013-06-30": "61.39200", "2013-03-31": "62.32500", "2012-12-31": "63.35100", "2012-09-30": "57.95500", "2012-06-30": "70.92000", "2012-03-31": "66.60600", "2011-12-31": "68.16800", "2011-09-30": "70.05400", "2011-06-30": "72.43800", "2011-03-31": "56.11100", "2010-12-31": "53.44400", "2010-09-30": "46.26400", "2010-06-30": "48.49200", "2010-03-31": "40.83400", "2009-12-31": "40.33700", "2009-09-30": "38.76600", "2009-06-30": "45.14700", "2009-03-31": "37.43600", "2008-12-31": "37.14200", "2008-09-30": "33.26400", "2008-06-30": "31.41200", "2008-03-31": "36.72000", "2007-12-31": "31.57500", "2007-09-30": "29.52700", "2007-06-30": "33.79400", "2007-03-31": "29.54500", "2006-12-31": "31.60300", "2006-09-30": "30.32600", "2006-06-30": "35.20400", "2006-03-31": "32.47200", "2005-12-31": "35.45000", "2005-09-30": "29.87500", "2005-06-30": "34.20200", "2005-03-31": "32.50600"}, "Income Taxes": {"2020-12-31": "25.97400", "2020-09-30": "30.80000", "2020-06-30": "29.49800", "2020-03-31": "19.01200", "2019-12-31": "16.27800", "2019-09-30": "15.36900", "2019-06-30": "12.88100", "2019-03-31": "13.29700", "2018-12-31": "24.24600", "2018-09-30": "11.88100", "2018-06-30": "19.24200", "2018-03-31": "29.72900", "2017-12-31": "-65.48900", "2017-09-30": "14.01100", "2017-06-30": "24.14200", "2017-03-31": "14.79000", "2016-12-31": "25.51000", "2016-09-30": "20.50600", "2016-06-30": "24.82400", "2016-03-31": "18.44500", "2015-12-31": "16.85100", "2015-09-30": "20.69300", "2015-06-30": "25.12800", "2015-03-31": "16.18500", "2014-12-31": "14.29200", "2014-09-30": "19.72200", "2014-06-30": "22.79300", "2014-03-31": "18.04300", "2013-12-31": "22.08800", "2013-09-30": "20.40200", "2013-06-30": "23.17300", "2013-03-31": "23.83800", "2012-12-31": "23.37100", "2012-09-30": "21.96500", "2012-06-30": "27.23300", "2012-03-31": "25.47500", "2011-12-31": "26.88800", "2011-09-30": "27.94100", "2011-06-30": "26.32400", "2011-03-31": "19.39700", "2010-12-31": "19.94500", "2010-09-30": "17.43900", "2010-06-30": "18.19800", "2010-03-31": "14.05500", "2009-12-31": "14.23300", "2009-09-30": "14.68500", "2009-06-30": "17.43100", "2009-03-31": "15.35600", "2008-12-31": "16.11000", "2008-09-30": "13.67500", "2008-06-30": "12.77600", "2008-03-31": "14.42800", "2007-12-31": "12.38500", "2007-09-30": "11.23500", "2007-06-30": "12.97000", "2007-03-31": "11.10300", "2006-12-31": "11.14000", "2006-09-30": "11.52300", "2006-06-30": "13.11400", "2006-03-31": "11.11500", "2005-12-31": "13.18000", "2005-09-30": "10.75200", "2005-06-30": "12.24300", "2005-03-31": "12.21100"}, "Income After Taxes": {"2020-12-31": "106.47800", "2020-09-30": "93.64400", "2020-06-30": "93.73100", "2020-03-31": "80.57700", "2019-12-31": "79.19500", "2019-09-30": "67.97700", "2019-06-30": "50.03000", "2019-03-31": "68.14500", "2018-12-31": "68.59600", "2018-09-30": "78.83300", "2018-06-30": "51.83100", "2018-03-31": "64.49900", "2017-12-31": "142.79500", "2017-09-30": "42.04600", "2017-06-30": "44.23100", "2017-03-31": "40.35700", "2016-12-31": "42.42000", "2016-09-30": "36.66300", "2016-06-30": "43.59900", "2016-03-31": "34.11600", "2015-12-31": "30.45200", "2015-09-30": "34.63200", "2015-06-30": "41.34600", "2015-03-31": "29.05700", "2014-12-31": "24.63600", "2014-09-30": "31.25700", "2014-06-30": "36.60800", "2014-03-31": "31.00900", "2013-12-31": "34.91000", "2013-09-30": "33.39200", "2013-06-30": "38.21900", "2013-03-31": "38.48700", "2012-12-31": "39.98000", "2012-09-30": "35.99000", "2012-06-30": "43.68700", "2012-03-31": "41.13100", "2011-12-31": "41.28000", "2011-09-30": "42.11300", "2011-06-30": "46.11400", "2011-03-31": "36.71400", "2010-12-31": "33.49900", "2010-09-30": "28.82500", "2010-06-30": "30.29400", "2010-03-31": "26.77900", "2009-12-31": "26.10400", "2009-09-30": "24.08100", "2009-06-30": "27.71600", "2009-03-31": "22.08000", "2008-12-31": "21.03200", "2008-09-30": "19.58900", "2008-06-30": "18.63600", "2008-03-31": "22.29200", "2007-12-31": "19.19000", "2007-09-30": "18.29200", "2007-06-30": "20.82400", "2007-03-31": "18.44200", "2006-12-31": "20.46300", "2006-09-30": "18.80300", "2006-06-30": "22.09000", "2006-03-31": "21.35700", "2005-12-31": "22.27000", "2005-09-30": "19.12300", "2005-06-30": "21.95900", "2005-03-31": "20.29500"}, "Other Income": {"2020-12-31": "", "2020-09-30": "", "2020-06-30": "", "2020-03-31": "", "2019-12-31": "", "2019-09-30": "", "2019-06-30": "", "2019-03-31": "", "2018-12-31": "", "2018-09-30": "", "2018-06-30": "", "2018-03-31": "", "2017-12-31": "", "2017-09-30": "", "2017-06-30": "", "2017-03-31": "", "2016-12-31": "", "2016-09-30": "", "2016-06-30": "", "2016-03-31": "", "2015-12-31": "", "2015-09-30": "", "2015-06-30": "", "2015-03-31": "", "2014-12-31": "", "2014-09-30": "", "2014-06-30": "", "2014-03-31": "", "2013-12-31": "", "2013-09-30": "", "2013-06-30": "", "2013-03-31": "", "2012-12-31": "", "2012-09-30": "", "2012-06-30": "", "2012-03-31": "", "2011-12-31": "", "2011-09-30": "", "2011-06-30": "", "2011-03-31": "", "2010-12-31": "", "2010-09-30": "", "2010-06-30": "", "2010-03-31": "", "2009-12-31": "", "2009-09-30": "", "2009-06-30": "", "2009-03-31": "", "2008-12-31": "", "2008-09-30": "", "2008-06-30": "", "2008-03-31": "", "2007-12-31": "", "2007-09-30": "", "2007-06-30": "", "2007-03-31": "", "2006-12-31": "", "2006-09-30": "", "2006-06-30": "", "2006-03-31": "", "2005-12-31": "", "2005-09-30": "", "2005-06-30": "", "2005-03-31": ""}, "Income From Continuous Operations": {"2020-12-31": "106.47800", "2020-09-30": "93.64400", "2020-06-30": "93.73100", "2020-03-31": "80.57700", "2019-12-31": "79.19500", "2019-09-30": "67.97700", "2019-06-30": "50.03000", "2019-03-31": "68.14500", "2018-12-31": "68.59600", "2018-09-30": "78.83300", "2018-06-30": "51.83100", "2018-03-31": "64.49900", "2017-12-31": "142.79500", "2017-09-30": "42.04600", "2017-06-30": "44.23100", "2017-03-31": "40.35700", "2016-12-31": "42.42000", "2016-09-30": "36.66300", "2016-06-30": "43.59900", "2016-03-31": "34.11600", "2015-12-31": "30.45200", "2015-09-30": "34.63200", "2015-06-30": "41.34600", "2015-03-31": "29.05700", "2014-12-31": "24.63600", "2014-09-30": "31.25700", "2014-06-30": "36.60800", "2014-03-31": "31.00900", "2013-12-31": "34.91000", "2013-09-30": "33.39200", "2013-06-30": "38.21900", "2013-03-31": "38.48700", "2012-12-31": "39.98000", "2012-09-30": "35.99000", "2012-06-30": "43.68700", "2012-03-31": "41.13100", "2011-12-31": "41.28000", "2011-09-30": "42.11300", "2011-06-30": "46.11400", "2011-03-31": "36.71400", "2010-12-31": "33.49900", "2010-09-30": "28.82500", "2010-06-30": "30.29400", "2010-03-31": "26.77900", "2009-12-31": "26.10400", "2009-09-30": "24.08100", "2009-06-30": "27.71600", "2009-03-31": "22.08000", "2008-12-31": "21.03200", "2008-09-30": "19.58900", "2008-06-30": "18.63600", "2008-03-31": "22.29200", "2007-12-31": "19.19000", "2007-09-30": "18.29200", "2007-06-30": "20.82400", "2007-03-31": "18.44200", "2006-12-31": "20.46300", "2006-09-30": "18.80300", "2006-06-30": "22.09000", "2006-03-31": "21.35700", "2005-12-31": "22.27000", "2005-09-30": "19.12300", "2005-06-30": "21.95900", "2005-03-31": "20.29500"}, "Income From Discontinued Operations": {"2020-12-31": "", "2020-09-30": "", "2020-06-30": "", "2020-03-31": "", "2019-12-31": "", "2019-09-30": "", "2019-06-30": "", "2019-03-31": "", "2018-12-31": "", "2018-09-30": "", "2018-06-30": "", "2018-03-31": "", "2017-12-31": "", "2017-09-30": "", "2017-06-30": "", "2017-03-31": "", "2016-12-31": "", "2016-09-30": "", "2016-06-30": "", "2016-03-31": "", "2015-12-31": "", "2015-09-30": "", "2015-06-30": "", "2015-03-31": "", "2014-12-31": "", "2014-09-30": "", "2014-06-30": "", "2014-03-31": "", "2013-12-31": "", "2013-09-30": "", "2013-06-30": "", "2013-03-31": "", "2012-12-31": "", "2012-09-30": "", "2012-06-30": "", "2012-03-31": "", "2011-12-31": "", "2011-09-30": "", "2011-06-30": "", "2011-03-31": "", "2010-12-31": "", "2010-09-30": "", "2010-06-30": "", "2010-03-31": "", "2009-12-31": "", "2009-09-30": "", "2009-06-30": "", "2009-03-31": "", "2008-12-31": "", "2008-09-30": "", "2008-06-30": "", "2008-03-31": "", "2007-12-31": "", "2007-09-30": "", "2007-06-30": "", "2007-03-31": "", "2006-12-31": "", "2006-09-30": "", "2006-06-30": "", "2006-03-31": "", "2005-12-31": "", "2005-09-30": "", "2005-06-30": "", "2005-03-31": ""}, "Net Income": {"2020-12-31": "106.47800", "2020-09-30": "93.64400", "2020-06-30": "93.73100", "2020-03-31": "80.57700", "2019-12-31": "79.19500", "2019-09-30": "67.97700", "2019-06-30": "50.03000", "2019-03-31": "68.14500", "2018-12-31": "68.59600", "2018-09-30": "78.83300", "2018-06-30": "51.83100", "2018-03-31": "64.49900", "2017-12-31": "142.79500", "2017-09-30": "42.04600", "2017-06-30": "44.23100", "2017-03-31": "40.35700", "2016-12-31": "42.42000", "2016-09-30": "36.66300", "2016-06-30": "43.59900", "2016-03-31": "34.11600", "2015-12-31": "30.45200", "2015-09-30": "34.63200", "2015-06-30": "41.38400", "2015-03-31": "29.03900", "2014-12-31": "24.64200", "2014-09-30": "31.13000", "2014-06-30": "36.53400", "2014-03-31": "30.82800", "2013-12-31": "34.96200", "2013-09-30": "32.99200", "2013-06-30": "37.93800", "2013-03-31": "38.36700", "2012-12-31": "39.67600", "2012-09-30": "35.70800", "2012-06-30": "43.39700", "2012-03-31": "40.85600", "2011-12-31": "41.06100", "2011-09-30": "42.14000", "2011-06-30": "45.90100", "2011-03-31": "36.42700", "2010-12-31": "33.23500", "2010-09-30": "28.65500", "2010-06-30": "29.90000", "2010-03-31": "26.70800", "2009-12-31": "26.05200", "2009-09-30": "23.85500", "2009-06-30": "27.48400", "2009-03-31": "21.97200", "2008-12-31": "20.66200", "2008-09-30": "19.58000", "2008-06-30": "18.16100", "2008-03-31": "22.29200", "2007-12-31": "19.19000", "2007-09-30": "18.29200", "2007-06-30": "20.82400", "2007-03-31": "18.44200", "2006-12-31": "20.46300", "2006-09-30": "18.80300", "2006-06-30": "22.09000", "2006-03-31": "21.35700", "2005-12-31": "22.27000", "2005-09-30": "19.12300", "2005-06-30": "21.95900", "2005-03-31": "20.29500"}, "EBITDA": {"2020-12-31": "174.35310", "2020-09-30": "165.15100", "2020-06-30": "163.06030", "2020-03-31": "141.42090", "2019-12-31": "138.74100", "2019-09-30": "127.50800", "2019-06-30": "108.78610", "2019-03-31": "116.74600", "2018-12-31": "121.69210", "2018-09-30": "118.92600", "2018-06-30": "99.72260", "2018-03-31": "123.61010", "2017-12-31": "107.62400", "2017-09-30": "86.00000", "2017-06-30": "99.06920", "2017-03-31": "86.07600", "2016-12-31": "99.51100", "2016-09-30": "88.84900", "2016-06-30": "100.85590", "2016-03-31": "81.25700", "2015-12-31": "70.72800", "2015-09-30": "79.89500", "2015-06-30": "91.64080", "2015-03-31": "70.46600", "2014-12-31": "65.01000", "2014-09-30": "77.98600", "2014-06-30": "88.08000", "2014-03-31": "79.49800", "2013-12-31": "83.30400", "2013-09-30": "74.64200", "2013-06-30": "82.17620", "2013-03-31": "82.91790", "2012-12-31": "83.42800", "2012-09-30": "78.47000", "2012-06-30": "91.27030", "2012-03-31": "87.04400", "2011-12-31": "89.74290", "2011-09-30": "89.99100", "2011-06-30": "92.74310", "2011-03-31": "77.07400", "2010-12-31": "74.51700", "2010-09-30": "65.91900", "2010-06-30": "68.64090", "2010-03-31": "62.06400", "2009-12-31": "61.54400", "2009-09-30": "57.92800", "2009-06-30": "64.40390", "2009-03-31": "57.35300", "2008-12-31": "57.59800", "2008-09-30": "53.90400", "2008-06-30": "58.89220", "2008-03-31": "56.42200", "2007-12-31": "51.24000", "2007-09-30": "46.03500", "2007-06-30": "48.24800", "2007-03-31": "44.52100", "2006-12-31": "46.37400", "2006-09-30": "47.39600", "2006-06-30": "50.94490", "2006-03-31": "45.29100", "2005-12-31": "47.52400", "2005-09-30": "41.37800", "2005-06-30": "46.30820", "2005-03-31": "44.56900"}, "EBIT": {"2020-12-31": "141.53910", "2020-09-30": "134.42400", "2020-06-30": "133.67640", "2020-03-31": "113.67590", "2019-12-31": "110.18700", "2019-09-30": "100.15700", "2019-06-30": "81.09620", "2019-03-31": "94.90800", "2018-12-31": "102.26310", "2018-09-30": "99.60000", "2018-06-30": "80.33970", "2018-03-31": "104.79410", "2017-12-31": "88.26200", "2017-09-30": "67.30400", "2017-06-30": "80.09420", "2017-03-31": "67.25400", "2016-12-31": "80.25500", "2016-09-30": "69.65800", "2016-06-30": "81.08400", "2016-03-31": "63.67600", "2015-12-31": "55.48300", "2015-09-30": "64.50700", "2015-06-30": "75.07890", "2015-03-31": "53.71500", "2014-12-31": "47.52800", "2014-09-30": "60.05900", "2014-06-30": "69.23510", "2014-03-31": "60.53200", "2013-12-31": "66.45400", "2013-09-30": "61.18200", "2013-06-30": "67.90210", "2013-03-31": "68.61990", "2012-12-31": "69.58200", "2012-09-30": "64.73700", "2012-06-30": "76.70830", "2012-03-31": "72.78090", "2011-12-31": "74.70590", "2011-09-30": "75.65400", "2011-06-30": "78.08410", "2011-03-31": "61.78500", "2010-12-31": "59.43500", "2010-09-30": "52.09710", "2010-06-30": "53.97100", "2010-03-31": "47.32200", "2009-12-31": "47.46100", "2009-09-30": "46.02800", "2009-06-30": "52.57300", "2009-03-31": "44.97400", "2008-12-31": "45.24900", "2008-09-30": "41.31800", "2008-06-30": "46.36620", "2008-03-31": "43.47100", "2007-12-31": "38.31300", "2007-09-30": "34.67900", "2007-06-30": "37.87400", "2007-03-31": "34.47900", "2006-12-31": "36.96500", "2006-09-30": "36.53500", "2006-06-30": "40.74690", "2006-03-31": "36.81800", "2005-12-31": "39.22700", "2005-09-30": "33.48800", "2005-06-30": "38.02210", "2005-03-31": "36.15800"}, "Basic Shares Outstanding": {"2020-12-31": "25.22500", "2020-09-30": "25.09900", "2020-06-30": "25.03100", "2020-03-31": "25.07800", "2019-12-31": "25.06500", "2019-09-30": "24.89400", "2019-06-30": "24.83300", "2019-03-31": "24.86600", "2018-12-31": "24.85600", "2018-09-30": "24.73700", "2018-06-30": "24.61600", "2018-03-31": "24.65600", "2017-12-31": "24.62200", "2017-09-30": "24.48700", "2017-06-30": "24.40100", "2017-03-31": "24.41900", "2016-12-31": "24.38700", "2016-09-30": "24.34000", "2016-06-30": "24.26200", "2016-03-31": "24.27700", "2015-12-31": "24.24600", "2015-09-30": "24.20800", "2015-06-30": "23.94800", "2015-03-31": "24.16500", "2014-12-31": "23.89000", "2014-09-30": "23.56500", "2014-06-30": "23.42900", "2014-03-31": "23.47300", "2013-12-31": "23.43300", "2013-09-30": "23.31400", "2013-06-30": "23.01000", "2013-03-31": "23.02100", "2012-12-31": "22.85200", "2012-09-30": "23.03200", "2012-06-30": "27.07700", "2012-03-31": "26.53700", "2011-12-31": "26.45000", "2011-09-30": "28.91500", "2011-06-30": "30.28100", "2011-03-31": "30.37300", "2010-12-31": "30.28800", "2010-09-30": "30.30400", "2010-06-30": "30.13800", "2010-03-31": "30.17100", "2009-12-31": "30.10900", "2009-09-30": "30.03400", "2009-06-30": "29.97600", "2009-03-31": "29.93900", "2008-12-31": "29.89500", "2008-09-30": "30.10300", "2008-06-30": "30.05800", "2008-03-31": "30.07600", "2007-12-31": "30.03300", "2007-09-30": "29.99300", "2007-06-30": "30.64300", "2007-03-31": "30.83500", "2006-12-31": "30.69600", "2006-09-30": "30.62900", "2006-06-30": "30.24200", "2006-03-31": "30.22600", "2005-12-31": "30.13000", "2005-09-30": "30.07300", "2005-06-30": "29.67500", "2005-03-31": "29.91300"}, "Shares Outstanding": {"2020-12-31": "25.45100", "2020-09-30": "25.48600", "2020-06-30": "25.48500", "2020-03-31": "25.47800", "2019-12-31": "25.43500", "2019-09-30": "25.53200", "2019-06-30": "25.39500", "2019-03-31": "25.34800", "2018-12-31": "25.33800", "2018-09-30": "25.42400", "2018-06-30": "25.25500", "2018-03-31": "25.23400", "2017-12-31": "25.21100", "2017-09-30": "25.24300", "2017-06-30": "25.06900", "2017-03-31": "25.10600", "2016-12-31": "25.06900", "2016-09-30": "24.92800", "2016-06-30": "24.80200", "2016-03-31": "24.80100", "2015-12-31": "24.78600", "2015-09-30": "24.72100", "2015-06-30": "24.38800", "2015-03-31": "24.52700", "2014-12-31": "24.31400", "2014-09-30": "24.10400", "2014-06-30": "25.15500", "2014-03-31": "25.97300", "2013-12-31": "25.29700", "2013-09-30": "24.83500", "2013-06-30": "23.88500", "2013-03-31": "23.70600", "2012-12-31": "23.53700", "2012-09-30": "23.98000", "2012-06-30": "28.11100", "2012-03-31": "28.08600", "2011-12-31": "27.27000", "2011-09-30": "29.84200", "2011-06-30": "31.30000", "2011-03-31": "31.30000", "2010-12-31": "30.90600", "2010-09-30": "31.10200", "2010-06-30": "30.67600", "2010-03-31": "30.64100", "2009-12-31": "30.58000", "2009-09-30": "30.46400", "2009-06-30": "30.42700", "2009-03-31": "30.41000", "2008-12-31": "30.36200", "2008-09-30": "30.56700", "2008-06-30": "30.60600", "2008-03-31": "30.58700", "2007-12-31": "30.58000", "2007-09-30": "30.51800", "2007-06-30": "31.25600", "2007-03-31": "31.41000", "2006-12-31": "31.44000", "2006-09-30": "31.27800", "2006-06-30": "31.16100", "2006-03-31": "31.15900", "2005-12-31": "30.98500", "2005-09-30": "31.00200", "2005-06-30": "30.56800", "2005-03-31": "30.71300"}, "Basic EPS": {"2020-12-31": "4.22000", "2020-09-30": "3.73000", "2020-06-30": "3.74000", "2020-03-31": "3.21000", "2019-12-31": "3.16000", "2019-09-30": "2.73000", "2019-06-30": "2.01000", "2019-03-31": "2.74000", "2018-12-31": "2.76000", "2018-09-30": "3.19000", "2018-06-30": "2.09000", "2018-03-31": "2.62000", "2017-12-31": "5.80000", "2017-09-30": "1.72000", "2017-06-30": "1.81000", "2017-03-31": "1.65000", "2016-12-31": "1.74000", "2016-09-30": "1.51000", "2016-06-30": "1.79000", "2016-03-31": "1.41000", "2015-12-31": "1.26000", "2015-09-30": "1.43000", "2015-06-30": "1.72000", "2015-03-31": "1.20000", "2014-12-31": "1.03000", "2014-09-30": "1.32000", "2014-06-30": "1.56000", "2014-03-31": "1.31000", "2013-12-31": "1.49000", "2013-09-30": "1.42000", "2013-06-30": "1.63000", "2013-03-31": "1.67000", "2012-12-31": "1.74000", "2012-09-30": "1.55000", "2012-06-30": "1.63000", "2012-03-31": "1.54000", "2011-12-31": "1.55000", "2011-09-30": "1.46000", "2011-06-30": "1.51000", "2011-03-31": "1.20000", "2010-12-31": "1.10000", "2010-09-30": "0.95000", "2010-06-30": "0.98000", "2010-03-31": "0.89000", "2009-12-31": "0.87000", "2009-09-30": "0.79000", "2009-06-30": "0.92000", "2009-03-31": "0.73000", "2008-12-31": "0.69000", "2008-09-30": "0.65000", "2008-06-30": "0.60000", "2008-03-31": "0.74000", "2007-12-31": "0.64000", "2007-09-30": "0.61000", "2007-06-30": "0.68000", "2007-03-31": "0.60000", "2006-12-31": "0.67000", "2006-09-30": "0.61000", "2006-06-30": "0.72000", "2006-03-31": "0.71000", "2005-12-31": "0.74000", "2005-09-30": "0.64000", "2005-06-30": "0.73000", "2005-03-31": "0.68000"}, "EPS - Earnings Per Share": {"2020-12-31": "4.18000", "2020-09-30": "3.67000", "2020-06-30": "3.68000", "2020-03-31": "3.16000", "2019-12-31": "3.11000", "2019-09-30": "2.66000", "2019-06-30": "1.96000", "2019-03-31": "2.69000", "2018-12-31": "2.71000", "2018-09-30": "3.10000", "2018-06-30": "2.04000", "2018-03-31": "2.56000", "2017-12-31": "5.66000", "2017-09-30": "1.67000", "2017-06-30": "1.76000", "2017-03-31": "1.61000", "2016-12-31": "1.69000", "2016-09-30": "1.47000", "2016-06-30": "1.75000", "2016-03-31": "1.38000", "2015-12-31": "1.23000", "2015-09-30": "1.40000", "2015-06-30": "1.69000", "2015-03-31": "1.18000", "2014-12-31": "1.01000", "2014-09-30": "1.29000", "2014-06-30": "1.48000", "2014-03-31": "1.19000", "2013-12-31": "1.38000", "2013-09-30": "1.33000", "2013-06-30": "1.55000", "2013-03-31": "1.62000", "2012-12-31": "1.69000", "2012-09-30": "1.49000", "2012-06-30": "1.59000", "2012-03-31": "1.45000", "2011-12-31": "1.51000", "2011-09-30": "1.41000", "2011-06-30": "1.45000", "2011-03-31": "1.16000", "2010-12-31": "1.08000", "2010-09-30": "0.92000", "2010-06-30": "0.97000", "2010-03-31": "0.87000", "2009-12-31": "0.85000", "2009-09-30": "0.78000", "2009-06-30": "0.91000", "2009-03-31": "0.72000", "2008-12-31": "0.68000", "2008-09-30": "0.64000", "2008-06-30": "0.59000", "2008-03-31": "0.73000", "2007-12-31": "0.63000", "2007-09-30": "0.60000", "2007-06-30": "0.67000", "2007-03-31": "0.59000", "2006-12-31": "0.65000", "2006-09-30": "0.60000", "2006-06-30": "0.69000", "2006-03-31": "0.69000", "2005-12-31": "0.72000", "2005-09-30": "0.62000", "2005-06-30": "0.71000", "2005-03-31": "0.66000"}}, "balance sheet": {"Cash On Hand": {"2020-06-30": "107.23600", "2019-06-30": "72.02800", "2018-06-30": "66.19400", "2017-06-30": "65.53900", "2016-06-30": "49.08200", "2015-06-30": "35.36400", "2014-06-30": "64.46100", "2013-06-30": "64.33700", "2012-06-30": "15.74000", "2011-06-30": "164.81700", "2010-06-30": "254.54300", "2009-06-30": "208.48800", "2008-06-30": "120.39600", "2007-06-30": "285.68200", "2006-06-30": "24.65000", "2005-06-30": "132.96500"}, "Receivables": {"2020-06-30": "841.22700", "2019-06-30": "869.84000", "2018-06-30": "806.87100", "2017-06-30": "757.34100", "2016-06-30": "803.81700", "2015-06-30": "596.15500", "2014-06-30": "615.58000", "2013-06-30": "614.61600", "2012-06-30": "628.84200", "2011-06-30": "573.04200", "2010-06-30": "531.03300", "2009-06-30": "477.02500", "2008-06-30": "441.73200", "2007-06-30": "386.15000", "2006-06-30": "392.01300", "2005-06-30": "338.05500"}, "Inventory": {"2020-06-30": "", "2019-06-30": "", "2018-06-30": "", "2017-06-30": "", "2016-06-30": "", "2015-06-30": "", "2014-06-30": "", "2013-06-30": "", "2012-06-30": "", "2011-06-30": "", "2010-06-30": "", "2009-06-30": "", "2008-06-30": "", "2007-06-30": "", "2006-06-30": "", "2005-06-30": ""}, "Pre-Paid Expenses": {"2020-06-30": "137.42300", "2019-06-30": "89.65200", "2018-06-30": "58.12600", "2017-06-30": "57.02200", "2016-06-30": "68.93900", "2015-06-30": "34.59100", "2014-06-30": "33.11400", "2013-06-30": "25.87500", "2012-06-30": "24.46300", "2011-06-30": "28.13900", "2010-06-30": "42.52900", "2009-06-30": "21.12800", "2008-06-30": "23.92100", "2007-06-30": "22.19100", "2006-06-30": "22.02400", "2005-06-30": "15.40600"}, "Other Current Assets": {"2020-06-30": "", "2019-06-30": "", "2018-06-30": "", "2017-06-30": "", "2016-06-30": "", "2015-06-30": "", "2014-06-30": "", "2013-06-30": "", "2012-06-30": "", "2011-06-30": "", "2010-06-30": "", "2009-06-30": "", "2008-06-30": "", "2007-06-30": "", "2006-06-30": "", "2005-06-30": ""}, "Total Current Assets": {"2020-06-30": "1085.88600", "2019-06-30": "1031.52000", "2018-06-30": "931.19100", "2017-06-30": "879.90200", "2016-06-30": "921.83800", "2015-06-30": "666.11000", "2014-06-30": "735.84900", "2013-06-30": "723.78100", "2012-06-30": "685.79200", "2011-06-30": "782.07800", "2010-06-30": "840.74600", "2009-06-30": "724.83200", "2008-06-30": "602.82500", "2007-06-30": "709.00300", "2006-06-30": "449.82900", "2005-06-30": "492.93000"}, "Property, Plant, And Equipment": {"2020-06-30": "170.52100", "2019-06-30": "149.67600", "2018-06-30": "101.14000", "2017-06-30": "91.74900", "2016-06-30": "81.36200", "2015-06-30": "63.68900", "2014-06-30": "68.48500", "2013-06-30": "65.51000", "2012-06-30": "67.44900", "2011-06-30": "62.75500", "2010-06-30": "58.66600", "2009-06-30": "30.92300", "2008-06-30": "25.36100", "2007-06-30": "22.69500", "2006-06-30": "25.08200", "2005-06-30": "24.26100"}, "Long-Term Investments": {"2020-06-30": "", "2019-06-30": "", "2018-06-30": "", "2017-06-30": "", "2016-06-30": "", "2015-06-30": "", "2014-06-30": "", "2013-06-30": "", "2012-06-30": "", "2011-06-30": "", "2010-06-30": "", "2009-06-30": "", "2008-06-30": "", "2007-06-30": "", "2006-06-30": "", "2005-06-30": ""}, "Goodwill And Intangible Assets": {"2020-06-30": "3813.99500", "2019-06-30": "3772.19400", "2018-06-30": "2862.59000", "2017-06-30": "2812.80600", "2016-06-30": "2860.71500", "2015-06-30": "2384.99800", "2014-06-30": "2418.97900", "2013-06-30": "1581.15300", "2012-06-30": "1521.76900", "2011-06-30": "1374.38700", "2010-06-30": "1270.15900", "2009-06-30": "1181.57900", "2008-06-30": "1193.50000", "2007-06-30": "962.09000", "2006-06-30": "832.18400", "2005-06-30": "636.60600"}, "Other Long-Term Assets": {"2020-06-30": "131.67400", "2019-06-30": "126.07200", "2018-06-30": "130.66500", "2017-06-30": "118.73900", "2016-06-30": "115.09600", "2015-06-30": "119.04500", "2014-06-30": "127.11100", "2013-06-30": "115.29700", "2012-06-30": "103.27000", "2011-06-30": "92.25400", "2010-06-30": "65.90400", "2009-06-30": "60.06800", "2008-06-30": "63.43800", "2007-06-30": "66.66100", "2006-06-30": "50.82500", "2005-06-30": "42.31300"}, "Total Long-Term Assets": {"2020-06-30": "4456.58600", "2019-06-30": "4055.32300", "2018-06-30": "3103.01500", "2017-06-30": "3031.18000", "2016-06-30": "3065.50300", "2015-06-30": "2575.92000", "2014-06-30": "2623.28900", "2013-06-30": "1773.29000", "2012-06-30": "1702.43000", "2011-06-30": "1538.05300", "2010-06-30": "1404.02000", "2009-06-30": "1281.24700", "2008-06-30": "1299.82800", "2007-06-30": "1082.94400", "2006-06-30": "918.26100", "2005-06-30": "713.70890"}, "Total Assets": {"2020-06-30": "5542.47200", "2019-06-30": "5086.84300", "2018-06-30": "4034.20600", "2017-06-30": "3911.08200", "2016-06-30": "3987.34100", "2015-06-30": "3242.03000", "2014-06-30": "3359.13800", "2013-06-30": "2497.07100", "2012-06-30": "2388.22200", "2011-06-30": "2320.13100", "2010-06-30": "2244.76600", "2009-06-30": "2006.07900", "2008-06-30": "1902.65300", "2007-06-30": "1791.94700", "2006-06-30": "1368.09000", "2005-06-30": "1206.63900"}, "Total Current Liabilities": {"2020-06-30": "769.15900", "2019-06-30": "691.72200", "2018-06-30": "538.98100", "2017-06-30": "526.74400", "2016-06-30": "565.17600", "2015-06-30": "399.68100", "2014-06-30": "422.58700", "2013-06-30": "742.49400", "2012-06-30": "484.92900", "2011-06-30": "437.22100", "2010-06-30": "658.42300", "2009-06-30": "317.90400", "2008-06-30": "290.27000", "2007-06-30": "295.02100", "2006-06-30": "211.36500", "2005-06-30": "208.74400"}, "Long Term Debt": {"2020-06-30": "1357.51900", "2019-06-30": "1618.09300", "2018-06-30": "1015.42000", "2017-06-30": "1177.59800", "2016-06-30": "1402.07900", "2015-06-30": "1024.59900", "2014-06-30": "1238.72800", "2013-06-30": "300.79000", "2012-06-30": "527.30700", "2011-06-30": "402.43700", "2010-06-30": "252.45100", "2009-06-30": "570.07800", "2008-06-30": "639.07400", "2007-06-30": "635.77200", "2006-06-30": "364.31700", "2005-06-30": "342.86100"}, "Other Non-Current Liabilities": {"2020-06-30": "128.70400", "2019-06-30": "107.93200", "2018-06-30": "85.18700", "2017-06-30": "57.87600", "2016-06-30": "87.32000", "2015-06-30": "60.38100", "2014-06-30": "63.35300", "2013-06-30": "51.57300", "2012-06-30": "51.95100", "2011-06-30": "37.86600", "2010-06-30": "67.36300", "2009-06-30": "18.92500", "2008-06-30": "13.68400", "2007-06-30": "9.49900", "2006-06-30": "14.31500", "2005-06-30": "8.94100"}, "Total Long Term Liabilities": {"2020-06-30": "2112.00300", "2019-06-30": "2023.65500", "2018-06-30": "1388.33800", "2017-06-30": "1590.61700", "2016-06-30": "1814.85200", "2015-06-30": "1362.07700", "2014-06-30": "1577.38500", "2013-06-30": "547.00500", "2012-06-30": "738.84800", "2011-06-30": "573.29400", "2010-06-30": "413.18800", "2009-06-30": "658.56700", "2008-06-30": "694.49800", "2007-06-30": "683.07900", "2006-06-30": "411.36600", "2005-06-30": "376.86100"}, "Total Liabilities": {"2020-06-30": "2881.16200", "2019-06-30": "2715.37700", "2018-06-30": "1927.31900", "2017-06-30": "2117.36100", "2016-06-30": "2380.02800", "2015-06-30": "1761.75800", "2014-06-30": "1999.97200", "2013-06-30": "1289.49900", "2012-06-30": "1223.77700", "2011-06-30": "1010.51500", "2010-06-30": "1071.61100", "2009-06-30": "976.47100", "2008-06-30": "984.76800", "2007-06-30": "978.10000", "2006-06-30": "622.73100", "2005-06-30": "585.60500"}, "Common Stock Net": {"2020-06-30": "4.25300", "2019-06-30": "4.23100", "2018-06-30": "4.21400", "2017-06-30": "4.19000", "2016-06-30": "4.17600", "2015-06-30": "4.16200", "2014-06-30": "4.14400", "2013-06-30": "4.11700", "2012-06-30": "4.06200", "2011-06-30": "4.02700", "2010-06-30": "3.93700", "2009-06-30": "3.90900", "2008-06-30": "3.89500", "2007-06-30": "3.87500", "2006-06-30": "3.84000", "2005-06-30": "3.78100"}, "Retained Earnings (Accumulated Deficit)": {"2020-06-30": "2731.64400", "2019-06-30": "2410.16400", "2018-06-30": "2126.79000", "2017-06-30": "1825.61900", "2016-06-30": "1661.94800", "2015-06-30": "1519.14900", "2014-06-30": "1392.95400", "2013-06-30": "1257.63800", "2012-06-30": "1105.94900", "2011-06-30": "938.49500", "2010-06-30": "794.27700", "2009-06-30": "687.76200", "2008-06-30": "604.08700", "2007-06-30": "521.23400", "2006-06-30": "442.70200", "2005-06-30": "357.86200"}, "Comprehensive Income": {"2020-06-30": "-72.28500", "2019-06-30": "-43.15600", "2018-06-30": "-19.03000", "2017-06-30": "-29.11600", "2016-06-30": "-41.08300", "2015-06-30": "-14.96000", "2014-06-30": "-0.38200", "2013-06-30": "-9.81500", "2012-06-30": "-7.83400", "2011-06-30": "-3.11500", "2010-06-30": "-9.80700", "2009-06-30": "-3.24800", "2008-06-30": "6.76800", "2007-06-30": "8.60500", "2006-06-30": "5.84000", "2005-06-30": "2.72100"}, "Other Share Holders Equity": {"2020-06-30": "", "2019-06-30": "", "2018-06-30": "", "2017-06-30": "", "2016-06-30": "", "2015-06-30": "", "2014-06-30": "", "2013-06-30": "", "2012-06-30": "", "2011-06-30": "", "2010-06-30": "", "2009-06-30": "", "2008-06-30": "", "2007-06-30": "", "2006-06-30": "", "2005-06-30": ""}, "Share Holder Equity": {"2020-06-30": "2661.31000", "2019-06-30": "2371.46600", "2018-06-30": "2106.88700", "2017-06-30": "1793.72100", "2016-06-30": "1607.31300", "2015-06-30": "1480.27200", "2014-06-30": "1359.16600", "2013-06-30": "1207.57200", "2012-06-30": "1164.44500", "2011-06-30": "1309.61600", "2010-06-30": "1173.15500", "2009-06-30": "1029.60800", "2008-06-30": "917.88500", "2007-06-30": "813.84700", "2006-06-30": "745.35900", "2005-06-30": "621.03400"}, "Total Liabilities And Share Holders Equity": {"2020-06-30": "5542.47200", "2019-06-30": "5086.84300", "2018-06-30": "4034.20600", "2017-06-30": "3911.08200", "2016-06-30": "3987.34100", "2015-06-30": "3242.03000", "2014-06-30": "3359.13800", "2013-06-30": "2497.07100", "2012-06-30": "2388.22200", "2011-06-30": "2320.13100", "2010-06-30": "2244.76600", "2009-06-30": "2006.07900", "2008-06-30": "1902.65300", "2007-06-30": "1791.94700", "2006-06-30": "1368.09000", "2005-06-30": "1206.63900"}}, "balance sheet, quarterly": {"Cash On Hand": {"2020-12-31": "102.11400", "2020-09-30": "124.86200", "2020-06-30": "107.23600", "2020-03-31": "77.15600", "2019-12-31": "68.64500", "2019-09-30": "83.18200", "2019-06-30": "72.02800", "2019-03-31": "93.80600", "2018-12-31": "70.72800", "2018-09-30": "75.48700", "2018-06-30": "66.19400", "2018-03-31": "55.97000", "2017-12-31": "56.32800", "2017-09-30": "67.04300", "2017-06-30": "65.53900", "2017-03-31": "54.37100", "2016-12-31": "72.65000", "2016-09-30": "49.66800", "2016-06-30": "49.08200", "2016-03-31": "34.81300", "2015-12-31": "68.99700", "2015-09-30": "28.99900", "2015-06-30": "35.36400", "2015-03-31": "33.55200", "2014-12-31": "30.87400", "2014-09-30": "99.99200", "2014-06-30": "64.46100", "2014-03-31": "48.36900", "2013-12-31": "98.17300", "2013-09-30": "102.72500", "2013-06-30": "64.33700", "2013-03-31": "56.25600", "2012-12-31": "37.50900", "2012-09-30": "48.59100", "2012-06-30": "15.74000", "2012-03-31": "48.92900", "2011-12-31": "24.04500", "2011-09-30": "28.58200", "2011-06-30": "164.81700", "2011-03-31": "98.34800", "2010-12-31": "46.67100", "2010-09-30": "110.14600", "2010-06-30": "254.54300", "2010-03-31": "174.74700", "2009-12-31": "147.84700", "2009-09-30": "199.84000", "2009-06-30": "208.48800", "2009-03-31": "174.30700", "2008-12-31": "105.31600", "2008-09-30": "111.96700", "2008-06-30": "120.39600", "2008-03-31": "52.27000", "2007-12-31": "11.69000", "2007-09-30": "253.46200", "2007-06-30": "285.68200", "2007-03-31": "123.72900", "2006-12-31": "69.33500", "2006-09-30": "40.59000", "2006-06-30": "24.65000", "2006-03-31": "73.91600", "2005-12-31": "137.15800", "2005-09-30": "170.93000", "2005-06-30": "132.96500", "2005-03-31": "74.83800"}, "Receivables": {"2020-12-31": "747.84500", "2020-09-30": "820.15700", "2020-06-30": "841.22700", "2020-03-31": "839.13500", "2019-12-31": "828.79500", "2019-09-30": "848.46300", "2019-06-30": "869.84000", "2019-03-31": "889.66200", "2018-12-31": "1016.96800", "2018-09-30": "945.56400", "2018-06-30": "806.87100", "2018-03-31": "820.04200", "2017-12-31": "758.14100", "2017-09-30": "788.78800", "2017-06-30": "757.34100", "2017-03-31": "726.32700", "2016-12-31": "717.72100", "2016-09-30": "727.18200", "2016-06-30": "803.81700", "2016-03-31": "765.50600", "2015-12-31": "561.09100", "2015-09-30": "546.96400", "2015-06-30": "596.15500", "2015-03-31": "594.14800", "2014-12-31": "619.33200", "2014-09-30": "567.35000", "2014-06-30": "615.58000", "2014-03-31": "641.94700", "2013-12-31": "711.01200", "2013-09-30": "635.12600", "2013-06-30": "614.61600", "2013-03-31": "628.23800", "2012-12-31": "609.96900", "2012-09-30": "587.86400", "2012-06-30": "628.84200", "2012-03-31": "669.27500", "2011-12-31": "658.73600", "2011-09-30": "597.69600", "2011-06-30": "573.04200", "2011-03-31": "573.11200", "2010-12-31": "564.36400", "2010-09-30": "550.54600", "2010-06-30": "531.03300", "2010-03-31": "524.20700", "2009-12-31": "534.93500", "2009-09-30": "490.39400", "2009-06-30": "477.02500", "2009-03-31": "460.43300", "2008-12-31": "475.19900", "2008-09-30": "445.80600", "2008-06-30": "441.73200", "2008-03-31": "476.22100", "2007-12-31": "472.26500", "2007-09-30": "414.76200", "2007-06-30": "386.15000", "2007-03-31": "362.17100", "2006-12-31": "378.30300", "2006-09-30": "383.34500", "2006-06-30": "392.01300", "2006-03-31": "360.45200", "2005-12-31": "337.18000", "2005-09-30": "325.73100", "2005-06-30": "338.05500", "2005-03-31": "354.33700"}, "Inventory": {"2020-12-31": "", "2020-09-30": "", "2020-06-30": "", "2020-03-31": "", "2019-12-31": "", "2019-09-30": "", "2019-06-30": "", "2019-03-31": "", "2018-12-31": "", "2018-09-30": "", "2018-06-30": "", "2018-03-31": "", "2017-12-31": "", "2017-09-30": "", "2017-06-30": "", "2017-03-31": "", "2016-12-31": "", "2016-09-30": "", "2016-06-30": "", "2016-03-31": "", "2015-12-31": "", "2015-09-30": "", "2015-06-30": "", "2015-03-31": "", "2014-12-31": "", "2014-09-30": "", "2014-06-30": "", "2014-03-31": "", "2013-12-31": "", "2013-09-30": "", "2013-06-30": "", "2013-03-31": "", "2012-12-31": "", "2012-09-30": "", "2012-06-30": "", "2012-03-31": "", "2011-12-31": "", "2011-09-30": "", "2011-06-30": "", "2011-03-31": "", "2010-12-31": "", "2010-09-30": "", "2010-06-30": "", "2010-03-31": "", "2009-12-31": "", "2009-09-30": "", "2009-06-30": "", "2009-03-31": "", "2008-12-31": "", "2008-09-30": "", "2008-06-30": "", "2008-03-31": "", "2007-12-31": "", "2007-09-30": "", "2007-06-30": "", "2007-03-31": "", "2006-12-31": "", "2006-09-30": "", "2006-06-30": "", "2006-03-31": "", "2005-12-31": "", "2005-09-30": "", "2005-06-30": "", "2005-03-31": ""}, "Pre-Paid Expenses": {"2020-12-31": "145.74700", "2020-09-30": "155.85300", "2020-06-30": "137.42300", "2020-03-31": "158.07500", "2019-12-31": "126.62900", "2019-09-30": "110.62300", "2019-06-30": "89.65200", "2019-03-31": "99.58600", "2018-12-31": "69.71700", "2018-09-30": "73.07400", "2018-06-30": "58.12600", "2018-03-31": "77.33500", "2017-12-31": "73.69700", "2017-09-30": "77.39800", "2017-06-30": "57.02200", "2017-03-31": "73.70200", "2016-12-31": "69.67900", "2016-09-30": "83.85000", "2016-06-30": "68.93900", "2016-03-31": "72.75600", "2015-12-31": "41.17700", "2015-09-30": "45.38000", "2015-06-30": "34.59100", "2015-03-31": "58.91600", "2014-12-31": "46.78500", "2014-09-30": "31.84200", "2014-06-30": "33.11400", "2014-03-31": "47.81800", "2013-12-31": "47.61800", "2013-09-30": "32.96700", "2013-06-30": "25.87500", "2013-03-31": "30.86800", "2012-12-31": "33.63400", "2012-09-30": "28.16500", "2012-06-30": "24.46300", "2012-03-31": "43.86100", "2011-12-31": "41.08400", "2011-09-30": "48.08400", "2011-06-30": "28.13900", "2011-03-31": "55.93500", "2010-12-31": "48.97500", "2010-09-30": "46.82700", "2010-06-30": "42.52900", "2010-03-31": "57.40000", "2009-12-31": "49.57000", "2009-09-30": "35.54300", "2009-06-30": "21.12800", "2009-03-31": "40.89500", "2008-12-31": "43.53500", "2008-09-30": "41.18800", "2008-06-30": "23.92100", "2008-03-31": "40.51900", "2007-12-31": "41.12900", "2007-09-30": "39.05100", "2007-06-30": "22.19100", "2007-03-31": "35.52600", "2006-12-31": "35.95500", "2006-09-30": "27.39800", "2006-06-30": "22.02400", "2006-03-31": "19.73900", "2005-12-31": "12.91000", "2005-09-30": "14.67300", "2005-06-30": "15.40600", "2005-03-31": "15.46100"}, "Other Current Assets": {"2020-12-31": "", "2020-09-30": "", "2020-06-30": "", "2020-03-31": "", "2019-12-31": "", "2019-09-30": "", "2019-06-30": "", "2019-03-31": "", "2018-12-31": "", "2018-09-30": "", "2018-06-30": "", "2018-03-31": "", "2017-12-31": "", "2017-09-30": "", "2017-06-30": "", "2017-03-31": "", "2016-12-31": "", "2016-09-30": "", "2016-06-30": "", "2016-03-31": "", "2015-12-31": "", "2015-09-30": "", "2015-06-30": "", "2015-03-31": "", "2014-12-31": "", "2014-09-30": "", "2014-06-30": "", "2014-03-31": "", "2013-12-31": "", "2013-09-30": "", "2013-06-30": "", "2013-03-31": "", "2012-12-31": "", "2012-09-30": "", "2012-06-30": "", "2012-03-31": "", "2011-12-31": "", "2011-09-30": "", "2011-06-30": "", "2011-03-31": "", "2010-12-31": "", "2010-09-30": "", "2010-06-30": "", "2010-03-31": "", "2009-12-31": "", "2009-09-30": "", "2009-06-30": "", "2009-03-31": "", "2008-12-31": "", "2008-09-30": "", "2008-06-30": "", "2008-03-31": "", "2007-12-31": "", "2007-09-30": "", "2007-06-30": "", "2007-03-31": "", "2006-12-31": "", "2006-09-30": "", "2006-06-30": "", "2006-03-31": "", "2005-12-31": "", "2005-09-30": "", "2005-06-30": "", "2005-03-31": ""}, "Total Current Assets": {"2020-12-31": "995.70600", "2020-09-30": "1100.87200", "2020-06-30": "1085.88600", "2020-03-31": "1074.36600", "2019-12-31": "1024.06900", "2019-09-30": "1042.26800", "2019-06-30": "1031.52000", "2019-03-31": "1083.05400", "2018-12-31": "1157.41300", "2018-09-30": "1094.12500", "2018-06-30": "931.19100", "2018-03-31": "953.34700", "2017-12-31": "888.16600", "2017-09-30": "933.22900", "2017-06-30": "879.90200", "2017-03-31": "854.40000", "2016-12-31": "860.05000", "2016-09-30": "860.70000", "2016-06-30": "921.83800", "2016-03-31": "873.07500", "2015-12-31": "675.65800", "2015-09-30": "629.67000", "2015-06-30": "666.11000", "2015-03-31": "696.73200", "2014-12-31": "714.04400", "2014-09-30": "718.25900", "2014-06-30": "735.84900", "2014-03-31": "753.15800", "2013-12-31": "871.59200", "2013-09-30": "778.31500", "2013-06-30": "723.78100", "2013-03-31": "732.48400", "2012-12-31": "699.33500", "2012-09-30": "682.80400", "2012-06-30": "685.79200", "2012-03-31": "762.06500", "2011-12-31": "723.86500", "2011-09-30": "674.36200", "2011-06-30": "782.07800", "2011-03-31": "727.39500", "2010-12-31": "660.01000", "2010-09-30": "707.51900", "2010-06-30": "840.74600", "2010-03-31": "756.35400", "2009-12-31": "732.35200", "2009-09-30": "725.77700", "2009-06-30": "724.83200", "2009-03-31": "675.63500", "2008-12-31": "624.05000", "2008-09-30": "598.96100", "2008-06-30": "602.82500", "2008-03-31": "569.01000", "2007-12-31": "525.08400", "2007-09-30": "707.27500", "2007-06-30": "709.00300", "2007-03-31": "521.42600", "2006-12-31": "483.59300", "2006-09-30": "451.33300", "2006-06-30": "449.82900", "2006-03-31": "463.19300", "2005-12-31": "494.38000", "2005-09-30": "518.18500", "2005-06-30": "492.93000", "2005-03-31": "451.03900"}, "Property, Plant, And Equipment": {"2020-12-31": "180.25800", "2020-09-30": "169.11500", "2020-06-30": "170.52100", "2020-03-31": "169.37800", "2019-12-31": "168.78600", "2019-09-30": "156.75000", "2019-06-30": "149.67600", "2019-03-31": "136.21200", "2018-12-31": "107.12500", "2018-09-30": "109.78000", "2018-06-30": "101.14000", "2018-03-31": "100.75600", "2017-12-31": "101.47000", "2017-09-30": "94.92000", "2017-06-30": "91.74900", "2017-03-31": "90.66600", "2016-12-31": "86.40600", "2016-09-30": "83.60200", "2016-06-30": "81.36200", "2016-03-31": "81.79900", "2015-12-31": "59.44100", "2015-09-30": "61.29000", "2015-06-30": "63.68900", "2015-03-31": "63.47700", "2014-12-31": "63.61100", "2014-09-30": "65.51300", "2014-06-30": "68.48500", "2014-03-31": "70.79900", "2013-12-31": "70.18100", "2013-09-30": "63.62800", "2013-06-30": "65.51000", "2013-03-31": "67.90500", "2012-12-31": "70.39300", "2012-09-30": "68.74800", "2012-06-30": "67.44900", "2012-03-31": "66.37300", "2011-12-31": "64.71800", "2011-09-30": "62.39300", "2011-06-30": "62.75500", "2011-03-31": "60.54900", "2010-12-31": "60.91000", "2010-09-30": "58.73900", "2010-06-30": "58.66600", "2010-03-31": "59.65000", "2009-12-31": "57.63300", "2009-09-30": "44.79800", "2009-06-30": "30.92300", "2009-03-31": "28.24900", "2008-12-31": "23.57400", "2008-09-30": "24.05100", "2008-06-30": "25.36100", "2008-03-31": "25.07000", "2007-12-31": "25.00400", "2007-09-30": "23.53400", "2007-06-30": "22.69500", "2007-03-31": "22.29800", "2006-12-31": "23.57500", "2006-09-30": "24.03900", "2006-06-30": "25.08200", "2006-03-31": "25.01600", "2005-12-31": "25.98500", "2005-09-30": "23.62800", "2005-06-30": "24.26100", "2005-03-31": "24.50200"}, "Long-Term Investments": {"2020-12-31": "", "2020-09-30": "", "2020-06-30": "", "2020-03-31": "", "2019-12-31": "", "2019-09-30": "", "2019-06-30": "", "2019-03-31": "", "2018-12-31": "", "2018-09-30": "", "2018-06-30": "", "2018-03-31": "", "2017-12-31": "", "2017-09-30": "", "2017-06-30": "", "2017-03-31": "", "2016-12-31": "", "2016-09-30": "", "2016-06-30": "", "2016-03-31": "", "2015-12-31": "", "2015-09-30": "", "2015-06-30": "", "2015-03-31": "", "2014-12-31": "", "2014-09-30": "", "2014-06-30": "", "2014-03-31": "", "2013-12-31": "", "2013-09-30": "", "2013-06-30": "", "2013-03-31": "", "2012-12-31": "", "2012-09-30": "", "2012-06-30": "", "2012-03-31": "", "2011-12-31": "", "2011-09-30": "", "2011-06-30": "", "2011-03-31": "", "2010-12-31": "", "2010-09-30": "", "2010-06-30": "", "2010-03-31": "", "2009-12-31": "", "2009-09-30": "", "2009-06-30": "", "2009-03-31": "", "2008-12-31": "", "2008-09-30": "", "2008-06-30": "", "2008-03-31": "", "2007-12-31": "", "2007-09-30": "", "2007-06-30": "", "2007-03-31": "", "2006-12-31": "", "2006-09-30": "", "2006-06-30": "", "2006-03-31": "", "2005-12-31": "", "2005-09-30": "", "2005-06-30": "", "2005-03-31": ""}, "Goodwill And Intangible Assets": {"2020-12-31": "4141.59700", "2020-09-30": "4148.66600", "2020-06-30": "3813.99500", "2020-03-31": "3829.08400", "2019-12-31": "3848.37600", "2019-09-30": "3759.05900", "2019-06-30": "3772.19400", "2019-03-31": "3773.82000", "2018-12-31": "2890.30500", "2018-09-30": "2902.04600", "2018-06-30": "2862.59000", "2018-03-31": "2853.23400", "2017-12-31": "2858.36600", "2017-09-30": "2806.53800", "2017-06-30": "2812.80600", "2017-03-31": "2818.25000", "2016-12-31": "2825.77800", "2016-09-30": "2846.50400", "2016-06-30": "2860.71500", "2016-03-31": "2896.37900", "2015-12-31": "2386.75200", "2015-09-30": "2383.25000", "2015-06-30": "2384.99800", "2015-03-31": "2376.20000", "2014-12-31": "2389.84900", "2014-09-30": "2404.00900", "2014-06-30": "2418.97900", "2014-03-31": "2428.42700", "2013-12-31": "2438.62900", "2013-09-30": "1579.35200", "2013-06-30": "1581.15300", "2013-03-31": "1588.47600", "2012-12-31": "1601.33700", "2012-09-30": "1555.44800", "2012-06-30": "1521.76900", "2012-03-31": "1526.80900", "2011-12-31": "1517.66100", "2011-09-30": "1466.15200", "2011-06-30": "1374.38700", "2011-03-31": "1383.61400", "2010-12-31": "1385.79100", "2010-09-30": "1265.10200", "2010-06-30": "1270.15900", "2010-03-31": "1281.53900", "2009-12-31": "1276.98300", "2009-09-30": "1172.50000", "2009-06-30": "1181.57900", "2009-03-31": "1169.86100", "2008-12-31": "1166.92700", "2008-09-30": "1180.95300", "2008-06-30": "1193.50000", "2008-03-31": "1182.25300", "2007-12-31": "1181.19500", "2007-09-30": "958.31000", "2007-06-30": "962.09000", "2007-03-31": "820.11600", "2006-12-31": "821.79600", "2006-09-30": "825.48700", "2006-06-30": "832.18400", "2006-03-31": "771.79300", "2005-12-31": "657.78800", "2005-09-30": "632.40900", "2005-06-30": "636.60600", "2005-03-31": "642.93100"}, "Other Long-Term Assets": {"2020-12-31": "148.36600", "2020-09-30": "140.62000", "2020-06-30": "131.67400", "2020-03-31": "124.88400", "2019-12-31": "128.24800", "2019-09-30": "126.10400", "2019-06-30": "126.07200", "2019-03-31": "128.09700", "2018-12-31": "127.03400", "2018-09-30": "135.86800", "2018-06-30": "130.66500", "2018-03-31": "130.82800", "2017-12-31": "127.95400", "2017-09-30": "123.52500", "2017-06-30": "118.73900", "2017-03-31": "118.81500", "2016-12-31": "117.53800", "2016-09-30": "113.48400", "2016-06-30": "115.09600", "2016-03-31": "120.27600", "2015-12-31": "123.33700", "2015-09-30": "122.88600", "2015-06-30": "119.04500", "2015-03-31": "124.00200", "2014-12-31": "125.20400", "2014-09-30": "124.78800", "2014-06-30": "127.11100", "2014-03-31": "127.98300", "2013-12-31": "128.02800", "2013-09-30": "118.99300", "2013-06-30": "115.29700", "2013-03-31": "128.35700", "2012-12-31": "128.50100", "2012-09-30": "128.94300", "2012-06-30": "103.27000", "2012-03-31": "113.84500", "2011-12-31": "106.89300", "2011-09-30": "100.51700", "2011-06-30": "92.25400", "2011-03-31": "98.85500", "2010-12-31": "95.61900", "2010-09-30": "88.24400", "2010-06-30": "65.90400", "2010-03-31": "66.36100", "2009-12-31": "65.08900", "2009-09-30": "66.38200", "2009-06-30": "60.06800", "2009-03-31": "54.55800", "2008-12-31": "60.15000", "2008-09-30": "70.18300", "2008-06-30": "63.43800", "2008-03-31": "78.40100", "2007-12-31": "79.91100", "2007-09-30": "90.95500", "2007-06-30": "66.66100", "2007-03-31": "56.89900", "2006-12-31": "56.38100", "2006-09-30": "55.36500", "2006-06-30": "50.82500", "2006-03-31": "50.20200", "2005-12-31": "44.79100", "2005-09-30": "43.08100", "2005-06-30": "42.31300", "2005-03-31": "38.18100"}, "Total Long-Term Assets": {"2020-12-31": "4855.77900", "2020-09-30": "4849.49600", "2020-06-30": "4456.58600", "2020-03-31": "4472.10900", "2019-12-31": "4502.62700", "2019-09-30": "4395.91600", "2019-06-30": "4055.32300", "2019-03-31": "4049.96500", "2018-12-31": "3133.20500", "2018-09-30": "3157.03000", "2018-06-30": "3103.01500", "2018-03-31": "3094.05300", "2017-12-31": "3095.96700", "2017-09-30": "3032.78400", "2017-06-30": "3031.18000", "2017-03-31": "3034.97400", "2016-12-31": "3037.11500", "2016-09-30": "3051.50900", "2016-06-30": "3065.50300", "2016-03-31": "3106.34300", "2015-12-31": "2577.62700", "2015-09-30": "2575.39200", "2015-06-30": "2575.92000", "2015-03-31": "2571.59300", "2014-12-31": "2586.33100", "2014-09-30": "2602.02600", "2014-06-30": "2623.28900", "2014-03-31": "2637.54900", "2013-12-31": "2647.76700", "2013-09-30": "1771.93400", "2013-06-30": "1773.29000", "2013-03-31": "1784.73800", "2012-12-31": "1800.23100", "2012-09-30": "1753.13900", "2012-06-30": "1702.43000", "2012-03-31": "1707.02700", "2011-12-31": "1689.27200", "2011-09-30": "1629.06200", "2011-06-30": "1538.05300", "2011-03-31": "1543.01800", "2010-12-31": "1542.32000", "2010-09-30": "1412.08500", "2010-06-30": "1404.02000", "2010-03-31": "1414.31700", "2009-12-31": "1406.68300", "2009-09-30": "1290.68000", "2009-06-30": "1281.24700", "2009-03-31": "1260.60800", "2008-12-31": "1258.38800", "2008-09-30": "1283.75900", "2008-06-30": "1299.82800", "2008-03-31": "1295.26600", "2007-12-31": "1295.32800", "2007-09-30": "1084.27100", "2007-06-30": "1082.94400", "2007-03-31": "910.29300", "2006-12-31": "911.49200", "2006-09-30": "915.73000", "2006-06-30": "918.26100", "2006-03-31": "856.95700", "2005-12-31": "742.06810", "2005-09-30": "711.61700", "2005-06-30": "713.70890", "2005-03-31": "716.71510"}, "Total Assets": {"2020-12-31": "5851.48500", "2020-09-30": "5950.36800", "2020-06-30": "5542.47200", "2020-03-31": "5546.47500", "2019-12-31": "5526.69600", "2019-09-30": "5438.18400", "2019-06-30": "5086.84300", "2019-03-31": "5133.01900", "2018-12-31": "4290.61800", "2018-09-30": "4251.15500", "2018-06-30": "4034.20600", "2018-03-31": "4047.40000", "2017-12-31": "3984.13300", "2017-09-30": "3966.01300", "2017-06-30": "3911.08200", "2017-03-31": "3889.37400", "2016-12-31": "3897.16500", "2016-09-30": "3912.20900", "2016-06-30": "3987.34100", "2016-03-31": "3979.41800", "2015-12-31": "3253.28500", "2015-09-30": "3205.06200", "2015-06-30": "3242.03000", "2015-03-31": "3268.32500", "2014-12-31": "3300.37500", "2014-09-30": "3320.28500", "2014-06-30": "3359.13800", "2014-03-31": "3390.70700", "2013-12-31": "3519.35900", "2013-09-30": "2550.24900", "2013-06-30": "2497.07100", "2013-03-31": "2517.22200", "2012-12-31": "2499.56600", "2012-09-30": "2435.94300", "2012-06-30": "2388.22200", "2012-03-31": "2469.09200", "2011-12-31": "2413.13700", "2011-09-30": "2303.42400", "2011-06-30": "2320.13100", "2011-03-31": "2270.41300", "2010-12-31": "2202.33000", "2010-09-30": "2119.60400", "2010-06-30": "2244.76600", "2010-03-31": "2170.67100", "2009-12-31": "2139.03500", "2009-09-30": "2016.45700", "2009-06-30": "2006.07900", "2009-03-31": "1936.24300", "2008-12-31": "1882.43800", "2008-09-30": "1882.72000", "2008-06-30": "1902.65300", "2008-03-31": "1864.27600", "2007-12-31": "1820.41200", "2007-09-30": "1791.54600", "2007-06-30": "1791.94700", "2007-03-31": "1431.71900", "2006-12-31": "1395.08500", "2006-09-30": "1367.06300", "2006-06-30": "1368.09000", "2006-03-31": "1320.15000", "2005-12-31": "1236.44800", "2005-09-30": "1229.80200", "2005-06-30": "1206.63900", "2005-03-31": "1167.75400"}, "Total Current Liabilities": {"2020-12-31": "772.80400", "2020-09-30": "753.35400", "2020-06-30": "769.15900", "2020-03-31": "779.16500", "2019-12-31": "769.39100", "2019-09-30": "773.62400", "2019-06-30": "691.72200", "2019-03-31": "702.47400", "2018-12-31": "637.05600", "2018-09-30": "621.99100", "2018-06-30": "538.98100", "2018-03-31": "627.67100", "2017-12-31": "573.36100", "2017-09-30": "609.22400", "2017-06-30": "526.74400", "2017-03-31": "520.55900", "2016-12-31": "498.93400", "2016-09-30": "502.10400", "2016-06-30": "565.17600", "2016-03-31": "543.38900", "2015-12-31": "399.30700", "2015-09-30": "382.00800", "2015-06-30": "399.68100", "2015-03-31": "453.40700", "2014-12-31": "425.83200", "2014-09-30": "425.79400", "2014-06-30": "422.58700", "2014-03-31": "477.27200", "2013-12-31": "494.64800", "2013-09-30": "728.50200", "2013-06-30": "742.49400", "2013-03-31": "435.14600", "2012-12-31": "436.32600", "2012-09-30": "446.76500", "2012-06-30": "484.92900", "2012-03-31": "461.09900", "2011-12-31": "446.04600", "2011-09-30": "449.37100", "2011-06-30": "437.22100", "2011-03-31": "443.19100", "2010-12-31": "409.63600", "2010-09-30": "500.54000", "2010-06-30": "658.42300", "2010-03-31": "349.83600", "2009-12-31": "352.14500", "2009-09-30": "333.67200", "2009-06-30": "317.90400", "2009-03-31": "287.87100", "2008-12-31": "266.73600", "2008-09-30": "273.76000", "2008-06-30": "290.27000", "2008-03-31": "294.42300", "2007-12-31": "272.81200", "2007-09-30": "266.72100", "2007-06-30": "295.02100", "2007-03-31": "211.51800", "2006-12-31": "209.20800", "2006-09-30": "212.86800", "2006-06-30": "211.36500", "2006-03-31": "209.52500", "2005-12-31": "182.12800", "2005-09-30": "199.73000", "2005-06-30": "208.74400", "2005-03-31": "186.59200"}, "Long Term Debt": {"2020-12-31": "1371.22200", "2020-09-30": "1567.37100", "2020-06-30": "1357.51900", "2020-03-31": "1464.66400", "2019-12-31": "1550.80900", "2019-09-30": "1551.95100", "2019-06-30": "1618.09300", "2019-03-31": "1710.64000", "2018-12-31": "1008.11600", "2018-09-30": "1049.26900", "2018-06-30": "1015.42000", "2018-03-31": "989.46200", "2017-12-31": "1070.84600", "2017-09-30": "1101.72400", "2017-06-30": "1177.59800", "2017-03-31": "1226.97600", "2016-12-31": "1292.34800", "2016-09-30": "1344.71600", "2016-06-30": "1402.07900", "2016-03-31": "1431.43700", "2015-12-31": "955.49100", "2015-09-30": "954.91300", "2015-06-30": "1024.59900", "2015-03-31": "1036.15200", "2014-12-31": "1123.82200", "2014-09-30": "1168.64900", "2014-06-30": "1238.72800", "2014-03-31": "1262.57400", "2013-12-31": "1409.00600", "2013-09-30": "319.89500", "2013-06-30": "300.79000", "2013-03-31": "676.99900", "2012-12-31": "695.23700", "2012-09-30": "671.22600", "2012-06-30": "527.30700", "2012-03-31": "565.75700", "2011-12-31": "589.59700", "2011-09-30": "528.49600", "2011-06-30": "402.43700", "2011-03-31": "401.43500", "2010-12-31": "400.47400", "2010-09-30": "255.19300", "2010-06-30": "252.45100", "2010-03-31": "526.18700", "2009-12-31": "524.27900", "2009-09-30": "522.42500", "2009-06-30": "570.07800", "2009-03-31": "633.64300", "2008-12-31": "635.17500", "2008-09-30": "637.50600", "2008-06-30": "639.07400", "2008-03-31": "633.51200", "2007-12-31": "634.39800", "2007-09-30": "634.88500", "2007-06-30": "635.77200", "2007-03-31": "336.65800", "2006-12-31": "337.54500", "2006-09-30": "338.43100", "2006-06-30": "364.31700", "2006-03-31": "365.20300", "2005-12-31": "341.08900", "2005-09-30": "341.97500", "2005-06-30": "342.86100", "2005-03-31": "343.74600"}, "Other Non-Current Liabilities": {"2020-12-31": "127.66700", "2020-09-30": "155.49400", "2020-06-30": "128.70400", "2020-03-31": "90.00800", "2019-12-31": "51.10700", "2019-09-30": "56.45600", "2019-06-30": "107.93200", "2019-03-31": "92.09900", "2018-12-31": "84.52600", "2018-09-30": "82.13900", "2018-06-30": "85.18700", "2018-03-31": "76.80100", "2017-12-31": "72.82500", "2017-09-30": "50.87400", "2017-06-30": "57.87600", "2017-03-31": "57.70700", "2016-12-31": "67.28300", "2016-09-30": "78.64300", "2016-06-30": "87.32000", "2016-03-31": "86.16100", "2015-12-31": "59.21600", "2015-09-30": "69.48600", "2015-06-30": "60.38100", "2015-03-31": "64.92700", "2014-12-31": "62.39700", "2014-09-30": "60.44800", "2014-06-30": "63.35300", "2014-03-31": "59.97700", "2013-12-31": "59.02500", "2013-09-30": "53.75600", "2013-06-30": "51.57300", "2013-03-31": "55.32500", "2012-12-31": "59.24700", "2012-09-30": "58.23600", "2012-06-30": "51.95100", "2012-03-31": "116.79700", "2011-12-31": "108.48700", "2011-09-30": "102.36800", "2011-06-30": "37.86600", "2011-03-31": "98.92000", "2010-12-31": "96.88500", "2010-09-30": "127.38600", "2010-06-30": "67.36300", "2010-03-31": "120.60700", "2009-12-31": "119.11700", "2009-09-30": "72.03000", "2009-06-30": "18.92500", "2009-03-31": "56.02100", "2008-12-31": "50.16800", "2008-09-30": "55.78100", "2008-06-30": "13.68400", "2008-03-31": "49.84900", "2007-12-31": "51.77600", "2007-09-30": "51.40500", "2007-06-30": "9.49900", "2007-03-31": "52.41200", "2006-12-31": "49.14000", "2006-09-30": "45.46800", "2006-06-30": "14.31500", "2006-03-31": "9.71100", "2005-12-31": "10.13600", "2005-09-30": "8.72800", "2005-06-30": "8.94100", "2005-03-31": "26.28000"}, "Total Long Term Liabilities": {"2020-12-31": "2194.40200", "2020-09-30": "2425.24500", "2020-06-30": "2112.00300", "2020-03-31": "2203.68000", "2019-12-31": "2248.72500", "2019-09-30": "2239.30900", "2019-06-30": "2023.65500", "2019-03-31": "2099.06200", "2018-12-31": "1396.82900", "2018-09-30": "1439.10600", "2018-06-30": "1388.33800", "2018-03-31": "1361.65400", "2017-12-31": "1423.95200", "2017-09-30": "1522.30300", "2017-06-30": "1590.61700", "2017-03-31": "1630.33200", "2016-12-31": "1702.27200", "2016-09-30": "1764.98400", "2016-06-30": "1814.85200", "2016-03-31": "1863.98300", "2015-12-31": "1309.13500", "2015-09-30": "1314.10200", "2015-06-30": "1362.07700", "2015-03-31": "1386.84500", "2014-12-31": "1470.26600", "2014-09-30": "1509.02600", "2014-06-30": "1577.38500", "2014-03-31": "1594.18500", "2013-12-31": "1738.54500", "2013-09-30": "575.96590", "2013-06-30": "547.00500", "2013-03-31": "919.96610", "2012-12-31": "934.82900", "2012-09-30": "897.45900", "2012-06-30": "738.84800", "2012-03-31": "769.33100", "2011-12-31": "780.62600", "2011-09-30": "712.93990", "2011-06-30": "573.29400", "2011-03-31": "566.52300", "2010-12-31": "559.63800", "2010-09-30": "428.99700", "2010-06-30": "413.18800", "2010-03-31": "691.03500", "2009-12-31": "686.75400", "2009-09-30": "622.55490", "2009-06-30": "658.56700", "2009-03-31": "689.66400", "2008-12-31": "685.34300", "2008-09-30": "693.28700", "2008-06-30": "694.49800", "2008-03-31": "683.36100", "2007-12-31": "686.17400", "2007-09-30": "686.29000", "2007-06-30": "683.07900", "2007-03-31": "389.07000", "2006-12-31": "386.68500", "2006-09-30": "383.89900", "2006-06-30": "411.36600", "2006-03-31": "407.10100", "2005-12-31": "380.99700", "2005-09-30": "379.15300", "2005-06-30": "376.86100", "2005-03-31": "392.61100"}, "Total Liabilities": {"2020-12-31": "2967.20600", "2020-09-30": "3178.59900", "2020-06-30": "2881.16200", "2020-03-31": "2982.84500", "2019-12-31": "3018.11600", "2019-09-30": "3012.93300", "2019-06-30": "2715.37700", "2019-03-31": "2801.53600", "2018-12-31": "2033.88500", "2018-09-30": "2061.09700", "2018-06-30": "1927.31900", "2018-03-31": "1989.32500", "2017-12-31": "1997.31300", "2017-09-30": "2131.52700", "2017-06-30": "2117.36100", "2017-03-31": "2150.89100", "2016-12-31": "2201.20600", "2016-09-30": "2267.08800", "2016-06-30": "2380.02800", "2016-03-31": "2407.37200", "2015-12-31": "1708.44200", "2015-09-30": "1696.11000", "2015-06-30": "1761.75800", "2015-03-31": "1840.25200", "2014-12-31": "1896.09800", "2014-09-30": "1934.82000", "2014-06-30": "1999.97200", "2014-03-31": "2071.45700", "2013-12-31": "2233.19300", "2013-09-30": "1304.46800", "2013-06-30": "1289.49900", "2013-03-31": "1355.11200", "2012-12-31": "1371.15500", "2012-09-30": "1344.22400", "2012-06-30": "1223.77700", "2012-03-31": "1230.43000", "2011-12-31": "1226.67200", "2011-09-30": "1162.31100", "2011-06-30": "1010.51500", "2011-03-31": "1009.71400", "2010-12-31": "969.27400", "2010-09-30": "929.53700", "2010-06-30": "1071.61100", "2010-03-31": "1040.87100", "2009-12-31": "1038.89900", "2009-09-30": "956.22700", "2009-06-30": "976.47100", "2009-03-31": "977.53500", "2008-12-31": "952.07900", "2008-09-30": "967.04700", "2008-06-30": "984.76800", "2008-03-31": "977.78400", "2007-12-31": "958.98600", "2007-09-30": "953.01100", "2007-06-30": "978.10000", "2007-03-31": "600.58800", "2006-12-31": "595.89300", "2006-09-30": "596.76700", "2006-06-30": "622.73100", "2006-03-31": "616.62600", "2005-12-31": "563.12500", "2005-09-30": "578.88300", "2005-06-30": "585.60500", "2005-03-31": "579.20300"}, "Common Stock Net": {"2020-12-31": "4.26600", "2020-09-30": "4.25400", "2020-06-30": "4.25300", "2020-03-31": "4.25200", "2019-12-31": "4.25000", "2019-09-30": "4.23900", "2019-06-30": "4.23100", "2019-03-31": "4.23000", "2018-12-31": "4.23000", "2018-09-30": "4.22800", "2018-06-30": "4.21400", "2018-03-31": "4.21300", "2017-12-31": "4.20600", "2017-09-30": "4.20500", "2017-06-30": "4.19000", "2017-03-31": "4.18900", "2016-12-31": "4.18300", "2016-09-30": "4.18100", "2016-06-30": "4.17600", "2016-03-31": "4.17400", "2015-12-31": "4.16900", "2015-09-30": "4.16800", "2015-06-30": "4.16200", "2015-03-31": "4.16100", "2014-12-31": "4.15900", "2014-09-30": "4.15800", "2014-06-30": "4.14400", "2014-03-31": "4.14300", "2013-12-31": "4.13900", "2013-09-30": "4.13600", "2013-06-30": "4.11700", "2013-03-31": "4.10000", "2012-12-31": "4.09100", "2012-09-30": "4.07700", "2012-06-30": "4.06200", "2012-03-31": "4.06200", "2011-12-31": "4.04900", "2011-09-30": "4.04500", "2011-06-30": "4.02700", "2011-03-31": "4.01700", "2010-12-31": "3.99300", "2010-09-30": "3.96000", "2010-06-30": "3.93700", "2010-03-31": "3.93500", "2009-12-31": "3.92600", "2009-09-30": "3.92000", "2009-06-30": "3.90900", "2009-03-31": "3.90800", "2008-12-31": "3.90200", "2008-09-30": "3.90200", "2008-06-30": "3.89500", "2008-03-31": "3.88100", "2007-12-31": "3.88100", "2007-09-30": "3.87800", "2007-06-30": "3.87500", "2007-03-31": "3.86800", "2006-12-31": "3.85400", "2006-09-30": "3.84400", "2006-06-30": "3.84000", "2006-03-31": "3.81800", "2005-12-31": "3.79600", "2005-09-30": "3.79400", "2005-06-30": "3.78100", "2005-03-31": "3.77300"}, "Retained Earnings (Accumulated Deficit)": {"2020-12-31": "2931.76600", "2020-09-30": "2825.28800", "2020-06-30": "2731.64400", "2020-03-31": "2637.91300", "2019-12-31": "2557.33600", "2019-09-30": "2478.14100", "2019-06-30": "2410.16400", "2019-03-31": "2360.13400", "2018-12-31": "2291.98900", "2018-09-30": "2223.39300", "2018-06-30": "2126.79000", "2018-03-31": "2074.95900", "2017-12-31": "2010.46000", "2017-09-30": "1867.66500", "2017-06-30": "1825.61900", "2017-03-31": "1781.38800", "2016-12-31": "1741.03100", "2016-09-30": "1698.61100", "2016-06-30": "1661.94800", "2016-03-31": "1617.31700", "2015-12-31": "1583.28900", "2015-09-30": "1552.95100", "2015-06-30": "1519.14900", "2015-03-31": "1477.76500", "2014-12-31": "1448.72600", "2014-09-30": "1424.08400", "2014-06-30": "1392.95400", "2014-03-31": "1356.42000", "2013-12-31": "1325.59200", "2013-09-30": "1290.63000", "2013-06-30": "1257.63800", "2013-03-31": "1219.70000", "2012-12-31": "1181.33300", "2012-09-30": "1141.65700", "2012-06-30": "1105.94900", "2012-03-31": "1062.55100", "2011-12-31": "1021.69500", "2011-09-30": "980.63500", "2011-06-30": "938.49500", "2011-03-31": "892.59400", "2010-12-31": "856.16700", "2010-09-30": "822.93200", "2010-06-30": "794.27700", "2010-03-31": "764.37700", "2009-12-31": "737.66900", "2009-09-30": "711.61700", "2009-06-30": "687.76200", "2009-03-31": "670.60200", "2008-12-31": "647.17000", "2008-09-30": "625.07800", "2008-06-30": "604.08700", "2008-03-31": "580.53700", "2007-12-31": "558.24500", "2007-09-30": "539.05500", "2007-06-30": "521.23400", "2007-03-31": "500.41000", "2006-12-31": "481.96800", "2006-09-30": "461.50500", "2006-06-30": "442.70200", "2006-03-31": "420.61200", "2005-12-31": "399.25500", "2005-09-30": "376.98500", "2005-06-30": "357.86200", "2005-03-31": "360.05600"}, "Comprehensive Income": {"2020-12-31": "-45.88300", "2020-09-30": "-62.24000", "2020-06-30": "-72.28500", "2020-03-31": "-70.22100", "2019-12-31": "-38.47800", "2019-09-30": "-53.42800", "2019-06-30": "-43.15600", "2019-03-31": "-27.03800", "2018-12-31": "-28.02200", "2018-09-30": "-20.80800", "2018-06-30": "-19.03000", "2018-03-31": "-11.31800", "2017-12-31": "-20.44100", "2017-09-30": "-24.24500", "2017-06-30": "-29.11600", "2017-03-31": "-34.70000", "2016-12-31": "-38.31000", "2016-09-30": "-41.93100", "2016-06-30": "-41.08300", "2016-03-31": "-28.76000", "2015-12-31": "-21.90900", "2015-09-30": "-22.40400", "2015-06-30": "-14.96000", "2015-03-31": "-23.53500", "2014-12-31": "-13.81500", "2014-09-30": "-5.36200", "2014-06-30": "-0.38200", "2014-03-31": "-0.46000", "2013-12-31": "-0.34700", "2013-09-30": "-3.04200", "2013-06-30": "-9.81500", "2013-03-31": "-10.87800", "2012-12-31": "-4.62000", "2012-09-30": "-4.87900", "2012-06-30": "-7.83400", "2012-03-31": "-3.68800", "2011-12-31": "-7.10200", "2011-09-30": "-6.04900", "2011-06-30": "-3.11500", "2011-03-31": "-3.25900", "2010-12-31": "-6.95200", "2010-09-30": "-4.93400", "2010-06-30": "-9.80700", "2010-03-31": "-9.35100", "2009-12-31": "-4.48000", "2009-09-30": "-4.30400", "2009-06-30": "-3.24800", "2009-03-31": "-12.01300", "2008-12-31": "-11.27500", "2008-09-30": "0.07600", "2008-06-30": "6.76800", "2008-03-31": "5.37500", "2007-12-31": "7.07600", "2007-09-30": "9.50400", "2007-06-30": "8.60500", "2007-03-31": "8.26800", "2006-12-31": "8.18900", "2006-09-30": "6.15600", "2006-06-30": "5.84000", "2006-03-31": "2.75000", "2005-12-31": "1.82500", "2005-09-30": "2.81500", "2005-06-30": "2.72100", "2005-03-31": "5.30000"}, "Other Share Holders Equity": {"2020-12-31": "", "2020-09-30": "", "2020-06-30": "", "2020-03-31": "", "2019-12-31": "", "2019-09-30": "", "2019-06-30": "", "2019-03-31": "", "2018-12-31": "", "2018-09-30": "", "2018-06-30": "", "2018-03-31": "", "2017-12-31": "", "2017-09-30": "", "2017-06-30": "", "2017-03-31": "", "2016-12-31": "", "2016-09-30": "", "2016-06-30": "", "2016-03-31": "", "2015-12-31": "", "2015-09-30": "", "2015-06-30": "", "2015-03-31": "", "2014-12-31": "", "2014-09-30": "", "2014-06-30": "", "2014-03-31": "", "2013-12-31": "", "2013-09-30": "", "2013-06-30": "", "2013-03-31": "", "2012-12-31": "", "2012-09-30": "", "2012-06-30": "", "2012-03-31": "", "2011-12-31": "", "2011-09-30": "", "2011-06-30": "", "2011-03-31": "", "2010-12-31": "", "2010-09-30": "", "2010-06-30": "", "2010-03-31": "", "2009-12-31": "", "2009-09-30": "", "2009-06-30": "", "2009-03-31": "", "2008-12-31": "", "2008-09-30": "", "2008-06-30": "", "2008-03-31": "", "2007-12-31": "", "2007-09-30": "", "2007-06-30": "", "2007-03-31": "", "2006-12-31": "", "2006-09-30": "", "2006-06-30": "", "2006-03-31": "", "2005-12-31": "", "2005-09-30": "", "2005-06-30": "", "2005-03-31": ""}, "Share Holder Equity": {"2020-12-31": "2884.27900", "2020-09-30": "2771.76900", "2020-06-30": "2661.31000", "2020-03-31": "2563.63000", "2019-12-31": "2508.58000", "2019-09-30": "2425.25100", "2019-06-30": "2371.46600", "2019-03-31": "2331.48300", "2018-12-31": "2256.73300", "2018-09-30": "2190.05800", "2018-06-30": "2106.88700", "2018-03-31": "2058.07500", "2017-12-31": "1986.82000", "2017-09-30": "1834.48600", "2017-06-30": "1793.72100", "2017-03-31": "1738.48300", "2016-12-31": "1695.95900", "2016-09-30": "1645.12100", "2016-06-30": "1607.31300", "2016-03-31": "1572.04600", "2015-12-31": "1544.84300", "2015-09-30": "1508.95200", "2015-06-30": "1480.27200", "2015-03-31": "1428.07300", "2014-12-31": "1404.27700", "2014-09-30": "1385.46500", "2014-06-30": "1359.16600", "2014-03-31": "1319.25000", "2013-12-31": "1286.16600", "2013-09-30": "1245.78100", "2013-06-30": "1207.57200", "2013-03-31": "1162.11000", "2012-12-31": "1128.41100", "2012-09-30": "1091.71900", "2012-06-30": "1164.44500", "2012-03-31": "1238.66200", "2011-12-31": "1186.46500", "2011-09-30": "1141.11300", "2011-06-30": "1309.61600", "2011-03-31": "1260.69900", "2010-12-31": "1233.05600", "2010-09-30": "1190.06700", "2010-06-30": "1173.15500", "2010-03-31": "1129.80000", "2009-12-31": "1100.13600", "2009-09-30": "1060.23000", "2009-06-30": "1029.60800", "2009-03-31": "958.70800", "2008-12-31": "930.35900", "2008-09-30": "915.67300", "2008-06-30": "917.88500", "2008-03-31": "886.49200", "2007-12-31": "861.42600", "2007-09-30": "838.53500", "2007-06-30": "813.84700", "2007-03-31": "831.13100", "2006-12-31": "799.19200", "2006-09-30": "770.29600", "2006-06-30": "745.35900", "2006-03-31": "703.52400", "2005-12-31": "673.32300", "2005-09-30": "650.91900", "2005-06-30": "621.03400", "2005-03-31": "588.55100"}, "Total Liabilities And Share Holders Equity": {"2020-12-31": "5851.48500", "2020-09-30": "5950.36800", "2020-06-30": "5542.47200", "2020-03-31": "5546.47500", "2019-12-31": "5526.69600", "2019-09-30": "5438.18400", "2019-06-30": "5086.84300", "2019-03-31": "5133.01900", "2018-12-31": "4290.61800", "2018-09-30": "4251.15500", "2018-06-30": "4034.20600", "2018-03-31": "4047.40000", "2017-12-31": "3984.13300", "2017-09-30": "3966.01300", "2017-06-30": "3911.08200", "2017-03-31": "3889.37400", "2016-12-31": "3897.16500", "2016-09-30": "3912.20900", "2016-06-30": "3987.34100", "2016-03-31": "3979.41800", "2015-12-31": "3253.28500", "2015-09-30": "3205.06200", "2015-06-30": "3242.03000", "2015-03-31": "3268.32500", "2014-12-31": "3300.37500", "2014-09-30": "3320.28500", "2014-06-30": "3359.13800", "2014-03-31": "3390.70700", "2013-12-31": "3519.35900", "2013-09-30": "2550.24900", "2013-06-30": "2497.07100", "2013-03-31": "2517.22200", "2012-12-31": "2499.56600", "2012-09-30": "2435.94300", "2012-06-30": "2388.22200", "2012-03-31": "2469.09200", "2011-12-31": "2413.13700", "2011-09-30": "2303.42400", "2011-06-30": "2320.13100", "2011-03-31": "2270.41300", "2010-12-31": "2202.33000", "2010-09-30": "2119.60400", "2010-06-30": "2244.76600", "2010-03-31": "2170.67100", "2009-12-31": "2139.03500", "2009-09-30": "2016.45700", "2009-06-30": "2006.07900", "2009-03-31": "1936.24300", "2008-12-31": "1882.43800", "2008-09-30": "1882.72000", "2008-06-30": "1902.65300", "2008-03-31": "1864.27600", "2007-12-31": "1820.41200", "2007-09-30": "1791.54600", "2007-06-30": "1791.94700", "2007-03-31": "1431.71900", "2006-12-31": "1395.08500", "2006-09-30": "1367.06300", "2006-06-30": "1368.09000", "2006-03-31": "1320.15000", "2005-12-31": "1236.44800", "2005-09-30": "1229.80200", "2005-06-30": "1206.63900", "2005-03-31": "1167.75400"}}, "cash flow statement": {"Net Income/Loss": {"2020-06-30": "321.48000", "2019-06-30": "265.60400", "2018-06-30": "301.17100", "2017-06-30": "163.67100", "2016-06-30": "142.79900", "2015-06-30": "126.29600", "2014-06-30": "135.91900", "2013-06-30": "152.67600", "2012-06-30": "168.21100", "2011-06-30": "145.15200", "2010-06-30": "107.25800", "2009-06-30": "90.41700", "2008-06-30": "78.41000", "2007-06-30": "78.53200", "2006-06-30": "84.84000", "2005-06-30": "79.72500"}, "Total Depreciation And Amortization - Cash Flow": {"2020-06-30": "113.03400", "2019-06-30": "88.28300", "2018-06-30": "76.25700", "2017-06-30": "76.24400", "2016-06-30": "67.98600", "2015-06-30": "68.72200", "2014-06-30": "68.12100", "2013-06-30": "56.15100", "2012-06-30": "58.19900", "2011-06-30": "58.85200", "2010-06-30": "55.39500", "2009-06-30": "49.14500", "2008-06-30": "49.76000", "2007-06-30": "40.68600", "2006-06-30": "34.85800", "2005-06-30": "33.36600"}, "Other Non-Cash Items": {"2020-06-30": "120.61400", "2019-06-30": "24.69600", "2018-06-30": "-52.60300", "2017-06-30": "36.40600", "2016-06-30": "31.28300", "2015-06-30": "40.49200", "2014-06-30": "40.99700", "2013-06-30": "50.18200", "2012-06-30": "36.44800", "2011-06-30": "27.39500", "2010-06-30": "36.54600", "2009-06-30": "36.25400", "2008-06-30": "29.40200", "2007-06-30": "15.08100", "2006-06-30": "16.63600", "2005-06-30": "1.54200"}, "Total Non-Cash Items": {"2020-06-30": "233.64800", "2019-06-30": "112.97900", "2018-06-30": "23.65400", "2017-06-30": "112.65000", "2016-06-30": "99.26900", "2015-06-30": "109.21400", "2014-06-30": "109.11800", "2013-06-30": "106.33300", "2012-06-30": "94.64700", "2011-06-30": "86.24700", "2010-06-30": "91.94100", "2009-06-30": "85.39900", "2008-06-30": "79.16200", "2007-06-30": "55.76700", "2006-06-30": "51.49400", "2005-06-30": "34.90800"}, "Change In Accounts Receivable": {"2020-06-30": "34.55000", "2019-06-30": "96.75400", "2018-06-30": "-42.57500", "2017-06-30": "46.15800", "2016-06-30": "-0.10500", "2015-06-30": "18.88900", "2014-06-30": "91.01000", "2013-06-30": "32.26500", "2012-06-30": "-33.91900", "2011-06-30": "-23.62400", "2010-06-30": "-49.29100", "2009-06-30": "-36.05500", "2008-06-30": "-27.00100", "2007-06-30": "24.95200", "2006-06-30": "0.16100", "2005-06-30": "5.49300"}, "Change In Inventories": {"2020-06-30": "", "2019-06-30": "", "2018-06-30": "", "2017-06-30": "", "2016-06-30": "", "2015-06-30": "", "2014-06-30": "", "2013-06-30": "", "2012-06-30": "", "2011-06-30": "", "2010-06-30": "", "2009-06-30": "", "2008-06-30": "", "2007-06-30": "", "2006-06-30": "", "2005-06-30": ""}, "Change In Accounts Payable": {"2020-06-30": "", "2019-06-30": "", "2018-06-30": "", "2017-06-30": "", "2016-06-30": "", "2015-06-30": "", "2014-06-30": "", "2013-06-30": "", "2012-06-30": "", "2011-06-30": "", "2010-06-30": "", "2009-06-30": "", "2008-06-30": "", "2007-06-30": "", "2006-06-30": "", "2005-06-30": ""}, "Change In Assets/Liabilities": {"2020-06-30": "-68.21800", "2019-06-30": "-0.23800", "2018-06-30": "18.47900", "2017-06-30": "3.50200", "2016-06-30": "-21.00100", "2015-06-30": "-8.84600", "2014-06-30": "-3.70100", "2013-06-30": "4.73900", "2012-06-30": "-1.85000", "2011-06-30": "-2.67900", "2010-06-30": "-3.18500", "2009-06-30": "-8.38000", "2008-06-30": "3.21600", "2007-06-30": "-2.42300", "2006-06-30": "0.69500", "2005-06-30": "5.69100"}, "Total Change In Assets/Liabilities": {"2020-06-30": "-36.42300", "2019-06-30": "176.71400", "2018-06-30": "-3.36500", "2017-06-30": "4.92900", "2016-06-30": "0.50900", "2015-06-30": "-8.64800", "2014-06-30": "-41.56700", "2013-06-30": "-9.67800", "2012-06-30": "7.04300", "2011-06-30": "-0.24300", "2010-06-30": "10.14500", "2009-06-30": "-24.89800", "2008-06-30": "2.51400", "2007-06-30": "33.73200", "2006-06-30": "-29.24700", "2005-06-30": "11.92300"}, "Cash Flow From Operating Activities": {"2020-06-30": "518.70500", "2019-06-30": "555.29700", "2018-06-30": "321.46000", "2017-06-30": "281.25000", "2016-06-30": "242.57700", "2015-06-30": "226.86200", "2014-06-30": "203.47000", "2013-06-30": "249.33100", "2012-06-30": "271.22300", "2011-06-30": "231.15600", "2010-06-30": "209.34400", "2009-06-30": "150.91800", "2008-06-30": "160.08600", "2007-06-30": "168.03100", "2006-06-30": "107.08700", "2005-06-30": "126.55600"}, "Net Change In Property, Plant, And Equipment": {"2020-06-30": "-72.30300", "2019-06-30": "-47.90200", "2018-06-30": "-41.59400", "2017-06-30": "-43.26800", "2016-06-30": "-20.83500", "2015-06-30": "-17.44400", "2014-06-30": "-15.27900", "2013-06-30": "-15.43900", "2012-06-30": "-204.21000", "2011-06-30": "-14.38800", "2010-06-30": "-22.50300", "2009-06-30": "-12.36900", "2008-06-30": "-13.58900", "2007-06-30": "-7.89800", "2006-06-30": "-9.52100", "2005-06-30": "-8.79300"}, "Net Change In Intangible Assets": {"2020-06-30": "", "2019-06-30": "", "2018-06-30": "", "2017-06-30": "", "2016-06-30": "", "2015-06-30": "", "2014-06-30": "", "2013-06-30": "", "2012-06-30": "", "2011-06-30": "", "2010-06-30": "", "2009-06-30": "", "2008-06-30": "", "2007-06-30": "", "2006-06-30": "", "2005-06-30": ""}, "Net Acquisitions/Divestitures": {"2020-06-30": "-106.22600", "2019-06-30": "-1082.80900", "2018-06-30": "-76.91000", "2017-06-30": "-7.27600", "2016-06-30": "-587.82100", "2015-06-30": "-14.97200", "2014-06-30": "-839.05000", "2013-06-30": "-107.02100", "2012-06-30": "", "2011-06-30": "-129.68900", "2010-06-30": "-87.94300", "2009-06-30": "-26.53200", "2008-06-30": "-315.85500", "2007-06-30": "-106.21200", "2006-06-30": "-244.29300", "2005-06-30": "-6.64700"}, "Net Change In Short-term Investments": {"2020-06-30": "", "2019-06-30": "", "2018-06-30": "", "2017-06-30": "", "2016-06-30": "", "2015-06-30": "", "2014-06-30": "", "2013-06-30": "", "2012-06-30": "", "2011-06-30": "", "2010-06-30": "", "2009-06-30": "", "2008-06-30": "", "2007-06-30": "", "2006-06-30": "", "2005-06-30": ""}, "Net Change In Long-Term Investments": {"2020-06-30": "", "2019-06-30": "", "2018-06-30": "", "2017-06-30": "4.68100", "2016-06-30": "", "2015-06-30": "0.39100", "2014-06-30": "3.55000", "2013-06-30": "-0.83800", "2012-06-30": "", "2011-06-30": "-5.96400", "2010-06-30": "-2.42800", "2009-06-30": "", "2008-06-30": "", "2007-06-30": "", "2006-06-30": "", "2005-06-30": ""}, "Net Change In Investments - Total": {"2020-06-30": "", "2019-06-30": "", "2018-06-30": "", "2017-06-30": "4.68100", "2016-06-30": "", "2015-06-30": "0.39100", "2014-06-30": "3.55000", "2013-06-30": "-0.83800", "2012-06-30": "", "2011-06-30": "-5.96400", "2010-06-30": "-2.42800", "2009-06-30": "", "2008-06-30": "", "2007-06-30": "", "2006-06-30": "", "2005-06-30": ""}, "Investing Activities - Other": {"2020-06-30": "", "2019-06-30": "2.72900", "2018-06-30": "3.89800", "2017-06-30": "21.05900", "2016-06-30": "1.06900", "2015-06-30": "0.62900", "2014-06-30": "-0.87600", "2013-06-30": "-4.11900", "2012-06-30": "-0.15800", "2011-06-30": "0.79800", "2010-06-30": "-0.00300", "2009-06-30": "0.13300", "2008-06-30": "0.10100", "2007-06-30": "-2.06300", "2006-06-30": "-5.27900", "2005-06-30": "-1.11900"}, "Cash Flow From Investing Activities": {"2020-06-30": "-178.52900", "2019-06-30": "-1127.98200", "2018-06-30": "-114.60600", "2017-06-30": "-24.80400", "2016-06-30": "-607.58700", "2015-06-30": "-31.39600", "2014-06-30": "-851.65500", "2013-06-30": "-127.41700", "2012-06-30": "-204.36800", "2011-06-30": "-149.24300", "2010-06-30": "-112.87700", "2009-06-30": "-38.76800", "2008-06-30": "-329.34300", "2007-06-30": "-116.17300", "2006-06-30": "-259.09300", "2005-06-30": "-16.55900"}, "Net Long-Term Debt": {"2020-06-30": "1698.00000", "2019-06-30": "2531.50000", "2018-06-30": "477.00000", "2017-06-30": "485.50000", "2016-06-30": "1058.50000", "2015-06-30": "438.96900", "2014-06-30": "1577.00000", "2013-06-30": "838.00000", "2012-06-30": "", "2011-06-30": "343.97800", "2010-06-30": "", "2009-06-30": "0.62800", "2008-06-30": "", "2007-06-30": "292.65400", "2006-06-30": "", "2005-06-30": ""}, "Net Current Debt": {"2020-06-30": "-1960.92000", "2019-06-30": "-1928.42000", "2018-06-30": "-647.47400", "2017-06-30": "-714.46500", "2016-06-30": "-659.96500", "2015-06-30": "-650.14100", "2014-06-30": "-902.78100", "2013-06-30": "-790.50000", "2012-06-30": "117.50000", "2011-06-30": "-482.40300", "2010-06-30": "-53.60000", "2009-06-30": "-4.54700", "2008-06-30": "-7.24300", "2007-06-30": "-28.54300", "2006-06-30": "21.35900", "2005-06-30": "-65.72900"}, "Debt Issuance/Retirement Net - Total": {"2020-06-30": "-262.92000", "2019-06-30": "603.08000", "2018-06-30": "-170.47400", "2017-06-30": "-228.96500", "2016-06-30": "398.53500", "2015-06-30": "-211.17200", "2014-06-30": "674.21900", "2013-06-30": "47.50000", "2012-06-30": "117.50000", "2011-06-30": "-138.42500", "2010-06-30": "-53.60000", "2009-06-30": "-3.91900", "2008-06-30": "-7.24300", "2007-06-30": "264.11100", "2006-06-30": "21.35900", "2005-06-30": "-65.72900"}, "Net Common Equity Issued/Repurchased": {"2020-06-30": "-0.37400", "2019-06-30": "-0.13600", "2018-06-30": "-0.20900", "2017-06-30": "-0.07000", "2016-06-30": "-0.14400", "2015-06-30": "0.57800", "2014-06-30": "-0.12600", "2013-06-30": "-109.97400", "2012-06-30": "-305.00200", "2011-06-30": "-27.45400", "2010-06-30": "6.59400", "2009-06-30": "-16.02600", "2008-06-30": "6.33800", "2007-06-30": "-64.24300", "2006-06-30": "10.06800", "2005-06-30": "15.25000"}, "Net Total Equity Issued/Repurchased": {"2020-06-30": "-0.37400", "2019-06-30": "-0.13600", "2018-06-30": "-0.20900", "2017-06-30": "-0.07000", "2016-06-30": "-0.14400", "2015-06-30": "0.57800", "2014-06-30": "-0.12600", "2013-06-30": "-109.97400", "2012-06-30": "-305.00200", "2011-06-30": "-27.45400", "2010-06-30": "6.59400", "2009-06-30": "-16.02600", "2008-06-30": "6.33800", "2007-06-30": "-64.24300", "2006-06-30": "10.06800", "2005-06-30": "15.25000"}, "Total Common And Preferred Stock Dividends Paid": {"2020-06-30": "", "2019-06-30": "", "2018-06-30": "", "2017-06-30": "", "2016-06-30": "", "2015-06-30": "", "2014-06-30": "", "2013-06-30": "", "2012-06-30": "", "2011-06-30": "", "2010-06-30": "", "2009-06-30": "", "2008-06-30": "", "2007-06-30": "", "2006-06-30": "", "2005-06-30": ""}, "Financial Activities - Other": {"2020-06-30": "-40.10000", "2019-06-30": "-23.38800", "2018-06-30": "-35.83300", "2017-06-30": "-10.95100", "2016-06-30": "-16.88400", "2015-06-30": "-11.91400", "2014-06-30": "-27.41800", "2013-06-30": "-10.55100", "2012-06-30": "-27.97900", "2011-06-30": "-6.99100", "2010-06-30": "-0.00700", "2009-06-30": "-1.15600", "2008-06-30": "4.97900", "2007-06-30": "8.08300", "2006-06-30": "11.88300", "2005-06-30": "10.49000"}, "Cash Flow From Financial Activities": {"2020-06-30": "-303.39400", "2019-06-30": "579.55600", "2018-06-30": "-206.51600", "2017-06-30": "-239.98600", "2016-06-30": "381.50700", "2015-06-30": "-222.50800", "2014-06-30": "646.67500", "2013-06-30": "-73.02500", "2012-06-30": "-215.48100", "2011-06-30": "-172.87000", "2010-06-30": "-47.01300", "2009-06-30": "-21.10100", "2008-06-30": "4.07400", "2007-06-30": "207.95100", "2006-06-30": "43.31000", "2005-06-30": "-39.98900"}, "Net Cash Flow": {"2020-06-30": "35.20800", "2019-06-30": "5.83400", "2018-06-30": "0.65500", "2017-06-30": "16.45700", "2016-06-30": "13.71800", "2015-06-30": "-29.09700", "2014-06-30": "0.12400", "2013-06-30": "48.59700", "2012-06-30": "-149.07700", "2011-06-30": "-89.72600", "2010-06-30": "46.05500", "2009-06-30": "88.09200", "2008-06-30": "-165.28600", "2007-06-30": "261.03200", "2006-06-30": "-108.31500", "2005-06-30": "69.93600"}, "Stock-Based Compensation": {"2020-06-30": "29.30200", "2019-06-30": "25.27200", "2018-06-30": "23.62800", "2017-06-30": "21.94500", "2016-06-30": "17.91900", "2015-06-30": "14.07200", "2014-06-30": "11.55700", "2013-06-30": "8.83200", "2012-06-30": "15.49900", "2011-06-30": "17.91500", "2010-06-30": "30.75000", "2009-06-30": "16.82100", "2008-06-30": "17.63900", "2007-06-30": "13.01900", "2006-06-30": "15.49600", "2005-06-30": "11.20700"}, "Common Stock Dividends Paid": {"2020-06-30": "", "2019-06-30": "", "2018-06-30": "", "2017-06-30": "", "2016-06-30": "", "2015-06-30": "", "2014-06-30": "", "2013-06-30": "", "2012-06-30": "", "2011-06-30": "", "2010-06-30": "", "2009-06-30": "", "2008-06-30": "", "2007-06-30": "", "2006-06-30": "", "2005-06-30": ""}}, "cash flow statement, quarterly": {"Net Income/Loss": {"2020-12-31": 106.478, "2020-09-30": "93.64400", "2020-06-30": 93.731, "2020-03-31": 80.577, "2019-12-31": 79.195, "2019-09-30": "67.97700", "2019-06-30": 50.03, "2019-03-31": 68.145, "2018-12-31": 68.596, "2018-09-30": "78.83300", "2018-06-30": 51.831, "2018-03-31": 64.499, "2017-12-31": 142.795, "2017-09-30": "42.04600", "2017-06-30": 44.231, "2017-03-31": 40.357, "2016-12-31": 42.42, "2016-09-30": "36.66300", "2016-06-30": 43.599, "2016-03-31": 34.116, "2015-12-31": 30.452, "2015-09-30": "34.63200", "2015-06-30": 41.346, "2015-03-31": 29.057, "2014-12-31": 24.636, "2014-09-30": "31.25700", "2014-06-30": 36.608, "2014-03-31": 31.009, "2013-12-31": 34.91, "2013-09-30": "33.39200", "2013-06-30": 38.219, "2013-03-31": 38.487, "2012-12-31": 39.98, "2012-09-30": "35.99000", "2012-06-30": 43.687, "2012-03-31": 41.131, "2011-12-31": 41.28, "2011-09-30": "42.11300", "2011-06-30": 46.114, "2011-03-31": 36.714, "2010-12-31": 33.499, "2010-09-30": "28.82500", "2010-06-30": 30.294, "2010-03-31": 26.779, "2009-12-31": 26.104, "2009-09-30": "24.08100", "2009-06-30": 27.716, "2009-03-31": 22.08, "2008-12-31": 21.032, "2008-09-30": "19.58900", "2008-06-30": 18.636, "2008-03-31": 22.292, "2007-12-31": 19.19, "2007-09-30": "18.29200", "2007-06-30": 20.824, "2007-03-31": 18.442, "2006-12-31": 20.463, "2006-09-30": "18.80300", "2006-06-30": 22.09, "2006-03-31": 21.357, "2005-12-31": 22.27, "2005-09-30": "19.12300", "2005-06-30": 21.959, "2005-03-31": 57.766}, "Total Depreciation And Amortization - Cash Flow": {"2020-12-31": 32.814, "2020-09-30": "30.72700", "2020-06-30": 29.384, "2020-03-31": 27.745, "2019-12-31": 28.554, "2019-09-30": "27.35100", "2019-06-30": 27.69, "2019-03-31": 21.838, "2018-12-31": 19.429, "2018-09-30": "19.32600", "2018-06-30": 19.383, "2018-03-31": 18.816, "2017-12-31": 19.362, "2017-09-30": "18.69600", "2017-06-30": 18.975, "2017-03-31": 18.822, "2016-12-31": 19.256, "2016-09-30": "19.19100", "2016-06-30": 19.772, "2016-03-31": 17.581, "2015-12-31": 15.245, "2015-09-30": "15.38800", "2015-06-30": 16.562, "2015-03-31": 16.751, "2014-12-31": 17.482, "2014-09-30": "17.92700", "2014-06-30": 18.845, "2014-03-31": 18.966, "2013-12-31": 16.85, "2013-09-30": "13.46000", "2013-06-30": 14.274, "2013-03-31": 14.298, "2012-12-31": 13.846, "2012-09-30": "13.73300", "2012-06-30": 14.562, "2012-03-31": 14.263, "2011-12-31": 15.037, "2011-09-30": "14.33700", "2011-06-30": 14.659, "2011-03-31": 15.289, "2010-12-31": 15.082, "2010-09-30": "13.82200", "2010-06-30": 14.67, "2010-03-31": 14.742, "2009-12-31": 14.083, "2009-09-30": "11.90000", "2009-06-30": 11.831, "2009-03-31": 12.379, "2008-12-31": 12.349, "2008-09-30": "12.58600", "2008-06-30": 12.526, "2008-03-31": 12.951, "2007-12-31": 12.927, "2007-09-30": "11.35600", "2007-06-30": 10.374, "2007-03-31": 10.042, "2006-12-31": 9.409, "2006-09-30": "10.86100", "2006-06-30": 10.198, "2006-03-31": 8.473, "2005-12-31": 8.297, "2005-09-30": "7.89000", "2005-06-30": 8.286, "2005-03-31": 25.08}, "Other Non-Cash Items": {"2020-12-31": 17.924, "2020-09-30": "29.24200", "2020-06-30": 4.39, "2020-03-31": 51.771, "2019-12-31": 34.105, "2019-09-30": "30.34800", "2019-06-30": 7.538, "2019-03-31": -4.012, "2018-12-31": 5.386, "2018-09-30": "15.78400", "2018-06-30": -1.381, "2018-03-31": 19.601, "2017-12-31": -87.912, "2017-09-30": "17.08900", "2017-06-30": 14.256, "2017-03-31": 5.64, "2016-12-31": -0.857, "2016-09-30": "17.36700", "2016-06-30": 3.971, "2016-03-31": 6.892, "2015-12-31": 8.848, "2015-09-30": "11.57200", "2015-06-30": 5.369, "2015-03-31": 13.981, "2014-12-31": 9.462, "2014-09-30": "11.68000", "2014-06-30": 1.746, "2014-03-31": 8.571, "2013-12-31": 9.037, "2013-09-30": "21.64300", "2013-06-30": 14.311, "2013-03-31": 11.553, "2012-12-31": 14.664, "2012-09-30": "9.65400", "2012-06-30": 17.54, "2012-03-31": 6.416, "2011-12-31": -1.945, "2011-09-30": "14.43700", "2011-06-30": -0.691, "2011-03-31": 14.904, "2010-12-31": 2.879, "2010-09-30": "10.30300", "2010-06-30": 12.861, "2010-03-31": 5.78, "2009-12-31": 8.671, "2009-09-30": "9.23400", "2009-06-30": 15.871, "2009-03-31": 6.484, "2008-12-31": 6.36, "2008-09-30": "7.53900", "2008-06-30": 15.718, "2008-03-31": 3.672, "2007-12-31": 4.305, "2007-09-30": "5.70700", "2007-06-30": 5.122, "2007-03-31": 2.69, "2006-12-31": 2.836, "2006-09-30": "4.43300", "2006-06-30": 4.001, "2006-03-31": 2.952, "2005-12-31": 2.67, "2005-09-30": "7.01300", "2005-06-30": -7.059, "2005-03-31": 8.601}, "Total Non-Cash Items": {"2020-12-31": 50.738, "2020-09-30": "59.96900", "2020-06-30": 33.774, "2020-03-31": 79.516, "2019-12-31": 62.659, "2019-09-30": "57.69900", "2019-06-30": 35.228, "2019-03-31": 17.826, "2018-12-31": 24.815, "2018-09-30": "35.11000", "2018-06-30": 18.002, "2018-03-31": 38.417, "2017-12-31": -68.55, "2017-09-30": "35.78500", "2017-06-30": 33.231, "2017-03-31": 24.462, "2016-12-31": 18.399, "2016-09-30": "36.55800", "2016-06-30": 23.743, "2016-03-31": 24.473, "2015-12-31": 24.093, "2015-09-30": "26.96000", "2015-06-30": 21.931, "2015-03-31": 30.732, "2014-12-31": 26.944, "2014-09-30": "29.60700", "2014-06-30": 20.591, "2014-03-31": 27.537, "2013-12-31": 25.887, "2013-09-30": "35.10300", "2013-06-30": 28.585, "2013-03-31": 25.851, "2012-12-31": 28.51, "2012-09-30": "23.38700", "2012-06-30": 32.102, "2012-03-31": 20.679, "2011-12-31": 13.092, "2011-09-30": "28.77400", "2011-06-30": 13.968, "2011-03-31": 30.193, "2010-12-31": 17.961, "2010-09-30": "24.12500", "2010-06-30": 27.531, "2010-03-31": 20.522, "2009-12-31": 22.754, "2009-09-30": "21.13400", "2009-06-30": 27.702, "2009-03-31": 18.863, "2008-12-31": 18.709, "2008-09-30": "20.12500", "2008-06-30": 28.244, "2008-03-31": 16.623, "2007-12-31": 17.232, "2007-09-30": "17.06300", "2007-06-30": 15.496, "2007-03-31": 12.732, "2006-12-31": 12.245, "2006-09-30": "15.29400", "2006-06-30": 14.199, "2006-03-31": 11.425, "2005-12-31": 10.967, "2005-09-30": "14.90300", "2005-06-30": 1.227, "2005-03-31": 33.681}, "Change In Accounts Receivable": {"2020-12-31": 73.305, "2020-09-30": "20.98700", "2020-06-30": -1.883, "2020-03-31": -15.025, "2019-12-31": 29.869, "2019-09-30": "21.58900", "2019-06-30": 10.759, "2019-03-31": 222.172, "2018-12-31": -71.838, "2018-09-30": "-64.33900", "2018-06-30": 10.835, "2018-03-31": -60.777, "2017-12-31": 37.394, "2017-09-30": "-30.02700", "2017-06-30": -16.202, "2017-03-31": -8.72, "2016-12-31": 7.788, "2016-09-30": "63.29200", "2016-06-30": -42.289, "2016-03-31": 6.968, "2015-12-31": -12.974, "2015-09-30": "48.19000", "2015-06-30": 3.115, "2015-03-31": 23.217, "2014-12-31": -54.56, "2014-09-30": "47.11700", "2014-06-30": 29.31, "2014-03-31": 67.878, "2013-12-31": 7.4, "2013-09-30": "-13.57800", "2013-06-30": 13.233, "2013-03-31": -20.082, "2012-12-31": -12.654, "2012-09-30": "51.76800", "2012-06-30": 39.201, "2012-03-31": -3.888, "2011-12-31": -57.26, "2011-09-30": "-11.97200", "2011-06-30": 1.163, "2011-03-31": -7.329, "2010-12-31": -2.533, "2010-09-30": "-14.92500", "2010-06-30": -7.554, "2010-03-31": 9.373, "2009-12-31": -38.145, "2009-09-30": "-12.96500", "2009-06-30": -5.01, "2009-03-31": 15.13, "2008-12-31": -36.318, "2008-09-30": "-9.85700", "2008-06-30": 34.808, "2008-03-31": -2.509, "2007-12-31": -32.305, "2007-09-30": "-26.99500", "2007-06-30": -5.496, "2007-03-31": 15.14, "2006-12-31": 8.135, "2006-09-30": "7.17300", "2006-06-30": -17.633, "2006-03-31": 12.563, "2005-12-31": -7.638, "2005-09-30": "12.86900", "2005-06-30": 15.406, "2005-03-31": -9.913}, "Change In Inventories": {"2020-12-31": 0, "2020-09-30": "", "2020-06-30": 0, "2020-03-31": 0, "2019-12-31": 0, "2019-09-30": "", "2019-06-30": 0, "2019-03-31": 0, "2018-12-31": 0, "2018-09-30": "", "2018-06-30": 0, "2018-03-31": 0, "2017-12-31": 0, "2017-09-30": "", "2017-06-30": 0, "2017-03-31": 0, "2016-12-31": 0, "2016-09-30": "", "2016-06-30": 0, "2016-03-31": 0, "2015-12-31": 0, "2015-09-30": "", "2015-06-30": 0, "2015-03-31": 0, "2014-12-31": 0, "2014-09-30": "", "2014-06-30": 0, "2014-03-31": 0, "2013-12-31": 0, "2013-09-30": "", "2013-06-30": 0, "2013-03-31": 0, "2012-12-31": 0, "2012-09-30": "", "2012-06-30": 0, "2012-03-31": 0, "2011-12-31": 0, "2011-09-30": "", "2011-06-30": 0, "2011-03-31": 0, "2010-12-31": 0, "2010-09-30": "", "2010-06-30": 0, "2010-03-31": 0, "2009-12-31": 0, "2009-09-30": "", "2009-06-30": 0, "2009-03-31": 0, "2008-12-31": 0, "2008-09-30": "", "2008-06-30": 0, "2008-03-31": 0, "2007-12-31": 0, "2007-09-30": "", "2007-06-30": 0, "2007-03-31": 0, "2006-12-31": 0, "2006-09-30": "", "2006-06-30": 0, "2006-03-31": 0, "2005-12-31": 0, "2005-09-30": "", "2005-06-30": 0, "2005-03-31": 0}, "Change In Accounts Payable": {"2020-12-31": 0, "2020-09-30": "", "2020-06-30": 0, "2020-03-31": 0, "2019-12-31": 0, "2019-09-30": "", "2019-06-30": 0, "2019-03-31": 0, "2018-12-31": 0, "2018-09-30": "", "2018-06-30": 0, "2018-03-31": 0, "2017-12-31": 0, "2017-09-30": "", "2017-06-30": 0, "2017-03-31": 0, "2016-12-31": 0, "2016-09-30": "", "2016-06-30": 0, "2016-03-31": 0, "2015-12-31": 0, "2015-09-30": "", "2015-06-30": 0, "2015-03-31": 0, "2014-12-31": 0, "2014-09-30": "", "2014-06-30": 0, "2014-03-31": 0, "2013-12-31": 0, "2013-09-30": "", "2013-06-30": 0, "2013-03-31": 0, "2012-12-31": 0, "2012-09-30": "", "2012-06-30": 0, "2012-03-31": 0, "2011-12-31": 0, "2011-09-30": "", "2011-06-30": 0, "2011-03-31": 0, "2010-12-31": 0, "2010-09-30": "", "2010-06-30": 0, "2010-03-31": 0, "2009-12-31": 0, "2009-09-30": "", "2009-06-30": 0, "2009-03-31": 0, "2008-12-31": 0, "2008-09-30": "", "2008-06-30": 0, "2008-03-31": 0, "2007-12-31": 0, "2007-09-30": "", "2007-06-30": 0, "2007-03-31": 0, "2006-12-31": 0, "2006-09-30": "", "2006-06-30": 0, "2006-03-31": 0, "2005-12-31": 0, "2005-09-30": "", "2005-06-30": 0, "2005-03-31": 0}, "Change In Assets/Liabilities": {"2020-12-31": -40.004, "2020-09-30": "-3.31100", "2020-06-30": 18.746, "2020-03-31": -16.735, "2019-12-31": -19.495, "2019-09-30": "-50.73400", "2019-06-30": 7.233, "2019-03-31": -3.724, "2018-12-31": 12.107, "2018-09-30": "-15.85400", "2018-06-30": 25.117, "2018-03-31": 0.979, "2017-12-31": 3.25, "2017-09-30": "-10.86700", "2017-06-30": 5.442, "2017-03-31": -6.773, "2016-12-31": 16.088, "2016-09-30": "-11.25500", "2016-06-30": -8.478, "2016-03-31": -4.706, "2015-12-31": 4.983, "2015-09-30": "-12.80000", "2015-06-30": -2.943, "2015-03-31": -5.898, "2014-12-31": 0.828, "2014-09-30": "-0.83300", "2014-06-30": 4.147, "2014-03-31": -5.585, "2013-12-31": 5.02, "2013-09-30": "-7.28300", "2013-06-30": 9.444, "2013-03-31": -2.223, "2012-12-31": 0.924, "2012-09-30": "-3.40600", "2012-06-30": 0.431, "2012-03-31": -3.926, "2011-12-31": 4.826, "2011-09-30": "-3.18100", "2011-06-30": 1.127, "2011-03-31": -3.952, "2010-12-31": 1.755, "2010-09-30": "-1.60900", "2010-06-30": -4.18, "2010-03-31": -4.429, "2009-12-31": 5.245, "2009-09-30": "0.17900", "2009-06-30": -5.837, "2009-03-31": -4.271, "2008-12-31": 2.912, "2008-09-30": "-1.18400", "2008-06-30": 1.786, "2008-03-31": -1.49, "2007-12-31": 2.949, "2007-09-30": "-0.02900", "2007-06-30": -3.173, "2007-03-31": -0.353, "2006-12-31": -4.202, "2006-09-30": "5.30500", "2006-06-30": -3.934, "2006-03-31": 1.504, "2005-12-31": 1.675, "2005-09-30": "1.45000", "2005-06-30": -0.992, "2005-03-31": 6.683}, "Total Change In Assets/Liabilities": {"2020-12-31": 48.171, "2020-09-30": "23.28700", "2020-06-30": 33.375, "2020-03-31": -39.293, "2019-12-31": -8.033, "2019-09-30": "-22.47200", "2019-06-30": 17.198, "2019-03-31": 227.33, "2018-12-31": -36.977, "2018-09-30": "-30.83700", "2018-06-30": 0.797, "2018-03-31": -4.18, "2017-12-31": -1.844, "2017-09-30": "1.86200", "2017-06-30": -12.69, "2017-03-31": 16.309, "2016-12-31": 16.754, "2016-09-30": "-15.44400", "2016-06-30": -14.141, "2016-03-31": -4.853, "2015-12-31": 1.792, "2015-09-30": "17.71100", "2015-06-30": -26.823, "2015-03-31": 37.343, "2014-12-31": -70.036, "2014-09-30": "50.86800", "2014-06-30": -0.031, "2014-03-31": 43.179, "2013-12-31": -43.523, "2013-09-30": "-41.19200", "2013-06-30": 34.513, "2013-03-31": -12.359, "2012-12-31": -43.727, "2012-09-30": "11.89500", "2012-06-30": 50.588, "2012-03-31": -3.627, "2011-12-31": -25.178, "2011-09-30": "-14.74000", "2011-06-30": 25.422, "2011-03-31": 10.228, "2010-12-31": 9.327, "2010-09-30": "-45.22000", "2010-06-30": 28.572, "2010-03-31": 8.497, "2009-12-31": -32.624, "2009-09-30": "5.70000", "2009-06-30": 1.212, "2009-03-31": 39.18, "2008-12-31": -41.224, "2008-09-30": "-24.06600", "2008-06-30": 34.651, "2008-03-31": 23.837, "2007-12-31": -44.007, "2007-09-30": "-11.96700", "2007-06-30": 10.997, "2007-03-31": 19.148, "2006-12-31": -4.787, "2006-09-30": "8.37400", "2006-06-30": -23.123, "2006-03-31": 14.04, "2005-12-31": -24.37, "2005-09-30": "4.20600", "2005-06-30": 37.309, "2005-03-31": -25.386}, "Cash Flow From Operating Activities": {"2020-12-31": 205.387, "2020-09-30": "176.90000", "2020-06-30": 160.88, "2020-03-31": 120.8, "2019-12-31": 133.821, "2019-09-30": "103.20400", "2019-06-30": 102.456, "2019-03-31": 313.301, "2018-12-31": 56.434, "2018-09-30": "83.10600", "2018-06-30": 70.63, "2018-03-31": 98.736, "2017-12-31": 72.401, "2017-09-30": "79.69300", "2017-06-30": 64.772, "2017-03-31": 81.128, "2016-12-31": 77.573, "2016-09-30": "57.77700", "2016-06-30": 53.201, "2016-03-31": 53.736, "2015-12-31": 56.337, "2015-09-30": "79.30300", "2015-06-30": 36.454, "2015-03-31": 97.132, "2014-12-31": -18.456, "2014-09-30": "111.73200", "2014-06-30": 57.168, "2014-03-31": 101.725, "2013-12-31": 17.274, "2013-09-30": "27.30300", "2013-06-30": 101.317, "2013-03-31": 51.979, "2012-12-31": 24.763, "2012-09-30": "71.27200", "2012-06-30": 126.425, "2012-03-31": 59.457, "2011-12-31": 29.194, "2011-09-30": "56.14700", "2011-06-30": 85.504, "2011-03-31": 77.135, "2010-12-31": 60.787, "2010-09-30": "7.73000", "2010-06-30": 86.397, "2010-03-31": 55.798, "2009-12-31": 16.234, "2009-09-30": "50.91500", "2009-06-30": 56.63, "2009-03-31": 80.123, "2008-12-31": -1.483, "2008-09-30": "15.64800", "2008-06-30": 81.531, "2008-03-31": 62.752, "2007-12-31": -7.585, "2007-09-30": "23.38800", "2007-06-30": 47.317, "2007-03-31": 50.322, "2006-12-31": 27.921, "2006-09-30": "42.47100", "2006-06-30": 13.166, "2006-03-31": 46.822, "2005-12-31": 8.867, "2005-09-30": "38.23200", "2005-06-30": 60.495, "2005-03-31": 66.061}, "Net Change In Property, Plant, And Equipment": {"2020-12-31": -15.591, "2020-09-30": "-16.28200", "2020-06-30": -17.972, "2020-03-31": -13.296, "2019-12-31": -18.499, "2019-09-30": "-22.53600", "2019-06-30": -18.357, "2019-03-31": -11.732, "2018-12-31": -8.445, "2018-09-30": "-9.36800", "2018-06-30": -9.784, "2018-03-31": -9.797, "2017-12-31": -14.501, "2017-09-30": "-7.51200", "2017-06-30": -8.327, "2017-03-31": -13.115, "2016-12-31": -10.591, "2016-09-30": "-11.23500", "2016-06-30": -7.603, "2016-03-31": -5.59, "2015-12-31": -3.163, "2015-09-30": "-4.47900", "2015-06-30": -4.316, "2015-03-31": -5.798, "2014-12-31": -3.969, "2014-09-30": "-3.36100", "2014-06-30": -3.643, "2014-03-31": -4.493, "2013-12-31": -4.123, "2013-09-30": "-3.02000", "2013-06-30": -2.68, "2013-03-31": -2.727, "2012-12-31": 38.84, "2012-09-30": "-48.87200", "2012-06-30": -191.416, "2012-03-31": -5.656, "2011-12-31": -4.042, "2011-09-30": "-3.09600", "2011-06-30": -5.218, "2011-03-31": -3.403, "2010-12-31": -2.459, "2010-09-30": "-3.30800", "2010-06-30": -1.984, "2010-03-31": -4.408, "2009-12-31": -6.87, "2009-09-30": "-9.24100", "2009-06-30": -3.289, "2009-03-31": -4.156, "2008-12-31": -2.577, "2008-09-30": "-2.34700", "2008-06-30": -3.3, "2008-03-31": -2.808, "2007-12-31": -3.591, "2007-09-30": "-3.89000", "2007-06-30": -2.305, "2007-03-31": -1.557, "2006-12-31": -1.927, "2006-09-30": "-2.10900", "2006-06-30": -1.901, "2006-03-31": -1.051, "2005-12-31": -4.362, "2005-09-30": "-2.20700", "2005-06-30": -2.066, "2005-03-31": -6.727}, "Net Change In Intangible Assets": {"2020-12-31": 0, "2020-09-30": "", "2020-06-30": 0, "2020-03-31": 0, "2019-12-31": 0, "2019-09-30": "", "2019-06-30": 0, "2019-03-31": 0, "2018-12-31": 0, "2018-09-30": "", "2018-06-30": 0, "2018-03-31": 0, "2017-12-31": 0, "2017-09-30": "", "2017-06-30": 0, "2017-03-31": 0, "2016-12-31": 0, "2016-09-30": "", "2016-06-30": 0, "2016-03-31": 0, "2015-12-31": 0, "2015-09-30": "", "2015-06-30": 0, "2015-03-31": 0, "2014-12-31": 0, "2014-09-30": "", "2014-06-30": 0, "2014-03-31": 0, "2013-12-31": 0, "2013-09-30": "", "2013-06-30": 0, "2013-03-31": 0, "2012-12-31": 0, "2012-09-30": "", "2012-06-30": 0, "2012-03-31": 0, "2011-12-31": 0, "2011-09-30": "", "2011-06-30": 0, "2011-03-31": 0, "2010-12-31": 0, "2010-09-30": "", "2010-06-30": 0, "2010-03-31": 0, "2009-12-31": 0, "2009-09-30": "", "2009-06-30": 0, "2009-03-31": 0, "2008-12-31": 0, "2008-09-30": "", "2008-06-30": 0, "2008-03-31": 0, "2007-12-31": 0, "2007-09-30": "", "2007-06-30": 0, "2007-03-31": 0, "2006-12-31": 0, "2006-09-30": "", "2006-06-30": 0, "2006-03-31": 0, "2005-12-31": 0, "2005-09-30": "", "2005-06-30": 0, "2005-03-31": 0}, "Net Acquisitions/Divestitures": {"2020-12-31": -1.032, "2020-09-30": "-354.09500", "2020-06-30": -3.789, "2020-03-31": -0.381, "2019-12-31": -100.705, "2019-09-30": "-1.35100", "2019-06-30": -11.786, "2019-03-31": -979.872, "2018-12-31": -1.195, "2018-09-30": "-89.95600", "2018-06-30": -26.542, "2018-03-31": -4.803, "2017-12-31": -45.159, "2017-09-30": "-0.40600", "2017-06-30": -1.49, "2017-03-31": -0.181, "2016-12-31": -2.684, "2016-09-30": "-2.92100", "2016-06-30": 0, "2016-03-31": -572.243, "2015-12-31": -12.811, "2015-09-30": "-2.76700", "2015-06-30": -14.972, "2015-03-31": 0, "2014-12-31": 0, "2014-09-30": "", "2014-06-30": -0.623, "2014-03-31": -2.743, "2013-12-31": -835.684, "2013-09-30": "", "2013-06-30": -1.601, "2013-03-31": -5.358, "2012-12-31": -100.062, "2012-09-30": "", "2012-06-30": 179.746, "2012-03-31": -7.935, "2011-12-31": -67.043, "2011-09-30": "-104.76800", "2011-06-30": -0.068, "2011-03-31": -3.234, "2010-12-31": -126, "2010-09-30": "-0.38700", "2010-06-30": 0.116, "2010-03-31": -26.055, "2009-12-31": -61.065, "2009-09-30": "-0.93900", "2009-06-30": -17.745, "2009-03-31": -8.787, "2008-12-31": 0, "2008-09-30": "", "2008-06-30": -12.55, "2008-03-31": -9.998, "2007-12-31": -241.359, "2007-09-30": "-51.94800", "2007-06-30": -101.583, "2007-03-31": -4.368, "2006-12-31": -0.261, "2006-09-30": "", "2006-06-30": -68.44, "2006-03-31": -138.974, "2005-12-31": -36.879, "2005-09-30": "", "2005-06-30": 0.62, "2005-03-31": -7.267}, "Net Change In Short-term Investments": {"2020-12-31": 0, "2020-09-30": "", "2020-06-30": 0, "2020-03-31": 0, "2019-12-31": 0, "2019-09-30": "", "2019-06-30": 0, "2019-03-31": 0, "2018-12-31": 0, "2018-09-30": "", "2018-06-30": 0, "2018-03-31": 0, "2017-12-31": 0, "2017-09-30": "", "2017-06-30": 0, "2017-03-31": 0, "2016-12-31": 0, "2016-09-30": "", "2016-06-30": 0, "2016-03-31": 0, "2015-12-31": 0, "2015-09-30": "", "2015-06-30": 0, "2015-03-31": 0, "2014-12-31": 0, "2014-09-30": "", "2014-06-30": 0, "2014-03-31": 0, "2013-12-31": 0, "2013-09-30": "", "2013-06-30": 0, "2013-03-31": 0, "2012-12-31": 0, "2012-09-30": "", "2012-06-30": 0, "2012-03-31": 0, "2011-12-31": 0, "2011-09-30": "", "2011-06-30": 0, "2011-03-31": 0, "2010-12-31": 0, "2010-09-30": "", "2010-06-30": 0, "2010-03-31": 0, "2009-12-31": 0, "2009-09-30": "", "2009-06-30": 0, "2009-03-31": 0, "2008-12-31": 0, "2008-09-30": "", "2008-06-30": 0, "2008-03-31": 0, "2007-12-31": 0, "2007-09-30": "", "2007-06-30": 0, "2007-03-31": 0, "2006-12-31": 0, "2006-09-30": "", "2006-06-30": 0, "2006-03-31": 0, "2005-12-31": 0, "2005-09-30": "", "2005-06-30": -0.515, "2005-03-31": 0.515}, "Net Change In Long-Term Investments": {"2020-12-31": 0, "2020-09-30": "", "2020-06-30": 0, "2020-03-31": 0, "2019-12-31": 0, "2019-09-30": "", "2019-06-30": 0, "2019-03-31": 0, "2018-12-31": 0, "2018-09-30": "", "2018-06-30": 0, "2018-03-31": 0, "2017-12-31": 0, "2017-09-30": "", "2017-06-30": 0, "2017-03-31": 0, "2016-12-31": 0, "2016-09-30": "4.68100", "2016-06-30": 0, "2016-03-31": 0, "2015-12-31": 0, "2015-09-30": "", "2015-06-30": -0.151, "2015-03-31": 0.082, "2014-12-31": -0.087, "2014-09-30": "0.54700", "2014-06-30": 3.55, "2014-03-31": 0, "2013-12-31": 0, "2013-09-30": "", "2013-06-30": 0, "2013-03-31": 0.583, "2012-12-31": -1.421, "2012-09-30": "", "2012-06-30": 0, "2012-03-31": 0, "2011-12-31": 0, "2011-09-30": "", "2011-06-30": -1.7, "2011-03-31": 0.001, "2010-12-31": 0.7, "2010-09-30": "-4.96500", "2010-06-30": -2.428, "2010-03-31": 0, "2009-12-31": 0.348, "2009-09-30": "-0.34800", "2009-06-30": 0, "2009-03-31": 0, "2008-12-31": 0, "2008-09-30": "", "2008-06-30": 0, "2008-03-31": 0, "2007-12-31": 0, "2007-09-30": "", "2007-06-30": 0, "2007-03-31": 0, "2006-12-31": 0, "2006-09-30": "", "2006-06-30": 0, "2006-03-31": 0, "2005-12-31": 0, "2005-09-30": "", "2005-06-30": 0, "2005-03-31": 0}, "Net Change In Investments - Total": {"2020-12-31": 0, "2020-09-30": "", "2020-06-30": 0, "2020-03-31": 0, "2019-12-31": 0, "2019-09-30": "", "2019-06-30": 0, "2019-03-31": 0, "2018-12-31": 0, "2018-09-30": "", "2018-06-30": 0, "2018-03-31": 0, "2017-12-31": 0, "2017-09-30": "", "2017-06-30": 0, "2017-03-31": 0, "2016-12-31": 0, "2016-09-30": "4.68100", "2016-06-30": 0, "2016-03-31": 0, "2015-12-31": 0, "2015-09-30": "", "2015-06-30": -0.151, "2015-03-31": 0.082, "2014-12-31": -0.087, "2014-09-30": "0.54700", "2014-06-30": 3.55, "2014-03-31": 0, "2013-12-31": 0, "2013-09-30": "", "2013-06-30": 0, "2013-03-31": 0.583, "2012-12-31": -1.421, "2012-09-30": "", "2012-06-30": 0, "2012-03-31": 0, "2011-12-31": 0, "2011-09-30": "", "2011-06-30": -1.7, "2011-03-31": 0.001, "2010-12-31": 0.7, "2010-09-30": "-4.96500", "2010-06-30": -2.428, "2010-03-31": 0, "2009-12-31": 0.348, "2009-09-30": "-0.34800", "2009-06-30": 0, "2009-03-31": 0, "2008-12-31": 0, "2008-09-30": "", "2008-06-30": 0, "2008-03-31": 0, "2007-12-31": 0, "2007-09-30": "", "2007-06-30": 0, "2007-03-31": 0, "2006-12-31": 0, "2006-09-30": "", "2006-06-30": 0, "2006-03-31": 0, "2005-12-31": 0, "2005-09-30": "", "2005-06-30": -0.515, "2005-03-31": 0.515}, "Investing Activities - Other": {"2020-12-31": 0, "2020-09-30": "", "2020-06-30": 0, "2020-03-31": 0, "2019-12-31": 0, "2019-09-30": "", "2019-06-30": 0.854, "2019-03-31": -0.001, "2018-12-31": 2.285, "2018-09-30": "-0.40900", "2018-06-30": 0.269, "2018-03-31": 0.145, "2017-12-31": 3.267, "2017-09-30": "0.21700", "2017-06-30": 5.843, "2017-03-31": 0.546, "2016-12-31": 0.57, "2016-09-30": "14.10000", "2016-06-30": 0.918, "2016-03-31": 0.835, "2015-12-31": 0.081, "2015-09-30": "-0.76500", "2015-06-30": -0.164, "2015-03-31": 0.157, "2014-12-31": 0.058, "2014-09-30": "0.57800", "2014-06-30": 0.144, "2014-03-31": -0.127, "2013-12-31": 0.052, "2013-09-30": "-0.94500", "2013-06-30": -1.461, "2013-03-31": -1.646, "2012-12-31": -0.671, "2012-09-30": "-0.34100", "2012-06-30": 0.97, "2012-03-31": -0.363, "2011-12-31": -0.442, "2011-09-30": "-0.32300", "2011-06-30": 0.049, "2011-03-31": -0.27, "2010-12-31": 0.86, "2010-09-30": "0.15900", "2010-06-30": -0.948, "2010-03-31": 1.148, "2009-12-31": 0.028, "2009-09-30": "-0.23100", "2009-06-30": -0.369, "2009-03-31": 0.944, "2008-12-31": 0.202, "2008-09-30": "-0.64400", "2008-06-30": -0.06, "2008-03-31": 0.097, "2007-12-31": 0.268, "2007-09-30": "-0.20400", "2007-06-30": -0.823, "2007-03-31": -0.288, "2006-12-31": -0.148, "2006-09-30": "-0.80400", "2006-06-30": -1.128, "2006-03-31": -2.032, "2005-12-31": -0.738, "2005-09-30": "-1.38100", "2005-06-30": -0.862, "2005-03-31": -0.257}, "Cash Flow From Investing Activities": {"2020-12-31": -16.623, "2020-09-30": "-370.37700", "2020-06-30": -21.761, "2020-03-31": -13.677, "2019-12-31": -119.204, "2019-09-30": "-23.88700", "2019-06-30": -29.289, "2019-03-31": -991.605, "2018-12-31": -7.355, "2018-09-30": "-99.73300", "2018-06-30": -36.057, "2018-03-31": -14.455, "2017-12-31": -56.393, "2017-09-30": "-7.70100", "2017-06-30": -3.974, "2017-03-31": -12.75, "2016-12-31": -12.705, "2016-09-30": "4.62500", "2016-06-30": -6.685, "2016-03-31": -576.998, "2015-12-31": -15.893, "2015-09-30": "-8.01100", "2015-06-30": -19.603, "2015-03-31": -5.559, "2014-12-31": -3.998, "2014-09-30": "-2.23600", "2014-06-30": -0.572, "2014-03-31": -7.363, "2013-12-31": -839.755, "2013-09-30": "-3.96500", "2013-06-30": -5.742, "2013-03-31": -9.148, "2012-12-31": -63.314, "2012-09-30": "-49.21300", "2012-06-30": -10.7, "2012-03-31": -13.954, "2011-12-31": -71.527, "2011-09-30": "-108.18700", "2011-06-30": -6.937, "2011-03-31": -6.906, "2010-12-31": -126.899, "2010-09-30": "-8.50100", "2010-06-30": -5.244, "2010-03-31": -29.315, "2009-12-31": -67.559, "2009-09-30": "-10.75900", "2009-06-30": -21.403, "2009-03-31": -11.999, "2008-12-31": -2.375, "2008-09-30": "-2.99100", "2008-06-30": -15.91, "2008-03-31": -12.709, "2007-12-31": -244.682, "2007-09-30": "-56.04200", "2007-06-30": -104.711, "2007-03-31": -6.213, "2006-12-31": -2.336, "2006-09-30": "-2.91300", "2006-06-30": -71.469, "2006-03-31": -142.057, "2005-12-31": -41.979, "2005-09-30": "-3.58800", "2005-06-30": -2.823, "2005-03-31": -13.736}, "Net Long-Term Debt": {"2020-12-31": 334.5, "2020-09-30": "839.50000", "2020-06-30": 259.5, "2020-03-31": 404.5, "2019-12-31": 594.5, "2019-09-30": "439.50000", "2019-06-30": 422, "2019-03-31": 1276, "2018-12-31": 368, "2018-09-30": "465.50000", "2018-06-30": 80, "2018-03-31": 140.5, "2017-12-31": 111.5, "2017-09-30": "145.00000", "2017-06-30": 112, "2017-03-31": 373.5, "2016-12-31": -164, "2016-09-30": "164.00000", "2016-06-30": 214.5, "2016-03-31": 918.494, "2015-12-31": -156.994, "2015-09-30": "82.50000", "2015-06-30": 144.336, "2015-03-31": 146.411, "2014-12-31": 112.754, "2014-09-30": "35.46800", "2014-06-30": 415, "2014-03-31": 43, "2013-12-31": 971.907, "2013-09-30": "147.09300", "2013-06-30": 49, "2013-03-31": 627.75, "2012-12-31": -292.25, "2012-09-30": "453.50000", "2012-06-30": -853.751, "2012-03-31": 228.5, "2011-12-31": 297.251, "2011-09-30": "328.00000", "2011-06-30": 480.528, "2011-03-31": -330.537, "2010-12-31": 193.987, "2010-09-30": "", "2010-06-30": 0, "2010-03-31": 0, "2009-12-31": 51.371, "2009-09-30": "-51.37100", "2009-06-30": 4.3, "2009-03-31": -3.672, "2008-12-31": 0, "2008-09-30": "", "2008-06-30": 6.355, "2008-03-31": -16.145, "2007-12-31": 9.79, "2007-09-30": "", "2007-06-30": 320.311, "2007-03-31": -27.657, "2006-12-31": 0, "2006-09-30": "", "2006-06-30": 2.755, "2006-03-31": -0.883, "2005-12-31": -0.887, "2005-09-30": "-0.98500", "2005-06-30": 0, "2005-03-31": 0}, "Net Current Debt": {"2020-12-31": -531.23, "2020-09-30": "-630.23000", "2020-06-30": -367.23, "2020-03-31": -491.23, "2019-12-31": -596.23, "2019-09-30": "-506.23000", "2019-06-30": -513.73, "2019-03-31": -572.73, "2018-12-31": -409.73, "2018-09-30": "-432.23000", "2018-06-30": -99.5, "2018-03-31": -209.491, "2017-12-31": -129.992, "2017-09-30": "-208.49100", "2017-06-30": -162.491, "2017-03-31": -453.483, "2016-12-31": 124, "2016-09-30": "-222.49100", "2016-06-30": -244.992, "2016-03-31": -414.973, "2015-12-31": 157.241, "2015-09-30": "-157.24100", "2015-06-30": -152.001, "2015-03-31": -234.39, "2014-12-31": -157.891, "2014-09-30": "-105.85900", "2014-06-30": -450.781, "2014-03-31": -183, "2013-12-31": -140.5, "2013-09-30": "-128.50000", "2013-06-30": -140.875, "2013-03-31": -649.625, "2012-12-31": 317.375, "2012-09-30": "-317.37500", "2012-06-30": 818.125, "2012-03-31": -255.375, "2011-12-31": -240.375, "2011-09-30": "-204.87500", "2011-06-30": -482.403, "2011-03-31": 328.653, "2010-12-31": -200.052, "2010-09-30": "-128.60100", "2010-06-30": -0.743, "2010-03-31": -0.743, "2009-12-31": -52.114, "2009-09-30": "", "2009-06-30": -4.547, "2009-03-31": 2.174, "2008-12-31": -1.287, "2008-09-30": "-0.88700", "2008-06-30": -7.243, "2008-03-31": 5.869, "2007-12-31": -0.886, "2007-09-30": "-4.98300", "2007-06-30": -28.543, "2007-03-31": 26.771, "2006-12-31": -0.885, "2006-09-30": "-25.88600", "2006-06-30": -3.641, "2006-03-31": 25, "2005-12-31": 0, "2005-09-30": "", "2005-06-30": -0.882, "2005-03-31": -64.847}, "Debt Issuance/Retirement Net - Total": {"2020-12-31": -196.73, "2020-09-30": "209.27000", "2020-06-30": -107.7301, "2020-03-31": -86.7299, "2019-12-31": -1.73, "2019-09-30": "-66.73000", "2019-06-30": -91.7301, "2019-03-31": 703.2701, "2018-12-31": -41.73, "2018-09-30": "33.27000", "2018-06-30": -19.5, "2018-03-31": -68.991, "2017-12-31": -18.492, "2017-09-30": "-63.49100", "2017-06-30": -50.491, "2017-03-31": -79.983, "2016-12-31": -40, "2016-09-30": "-58.49100", "2016-06-30": -30.492, "2016-03-31": 503.521, "2015-12-31": 0.247, "2015-09-30": "-74.74100", "2015-06-30": -7.665, "2015-03-31": -87.979, "2014-12-31": -45.137, "2014-09-30": "-70.39100", "2014-06-30": -35.781, "2014-03-31": -140, "2013-12-31": 831.407, "2013-09-30": "18.59300", "2013-06-30": -91.875, "2013-03-31": -21.875, "2012-12-31": 25.125, "2012-09-30": "136.12500", "2012-06-30": -35.626, "2012-03-31": -26.875, "2011-12-31": 56.876, "2011-09-30": "123.12500", "2011-06-30": -1.875, "2011-03-31": -1.884, "2010-12-31": -6.065, "2010-09-30": "-128.60100", "2010-06-30": -0.743, "2010-03-31": -0.743, "2009-12-31": -0.743, "2009-09-30": "-51.37100", "2009-06-30": -0.247, "2009-03-31": -1.498, "2008-12-31": -1.287, "2008-09-30": "-0.88700", "2008-06-30": -0.888, "2008-03-31": -10.276, "2007-12-31": 8.904, "2007-09-30": "-4.98300", "2007-06-30": 291.768, "2007-03-31": -0.886, "2006-12-31": -0.885, "2006-09-30": "-25.88600", "2006-06-30": -0.886, "2006-03-31": 24.117, "2005-12-31": -0.887, "2005-09-30": "-0.98500", "2005-06-30": -0.882, "2005-03-31": -64.847}, "Net Common Equity Issued/Repurchased": {"2020-12-31": -0.113, "2020-09-30": "0.35700", "2020-06-30": -0.253, "2020-03-31": -0.19, "2019-12-31": -0.066, "2019-09-30": "0.13500", "2019-06-30": -0.091, "2019-03-31": -0.116, "2018-12-31": -0.063, "2018-09-30": "0.13400", "2018-06-30": -0.08, "2018-03-31": -0.125, "2017-12-31": -0.094, "2017-09-30": "0.09000", "2017-06-30": -0.037, "2017-03-31": -0.052, "2016-12-31": -0.078, "2016-09-30": "0.09700", "2016-06-30": -0.033, "2016-03-31": 0.001, "2015-12-31": -0.119, "2015-09-30": "0.00700", "2015-06-30": -0.025, "2015-03-31": 0.634, "2014-12-31": -0.038, "2014-09-30": "0.00700", "2014-06-30": -0.003, "2014-03-31": -0.088, "2013-12-31": -0.025, "2013-09-30": "-0.01000", "2013-06-30": 5.803, "2013-03-31": 2.397, "2012-12-31": 4.25, "2012-09-30": "-122.42400", "2012-06-30": -105.85, "2012-03-31": 5.623, "2011-12-31": 2.243, "2011-09-30": "-207.01800", "2011-06-30": -1.814, "2011-03-31": -18.292, "2010-12-31": 8.659, "2010-09-30": "-16.00700", "2010-06-30": 0.091, "2010-03-31": 2.827, "2009-12-31": 0.79, "2009-09-30": "2.88600", "2009-06-30": 0.035, "2009-03-31": 1.894, "2008-12-31": 0.013, "2008-09-30": "-17.96800", "2008-06-30": 2.025, "2008-03-31": 0.953, "2007-12-31": 1.993, "2007-09-30": "1.36700", "2007-06-30": -73.28, "2007-03-31": 4.336, "2006-12-31": 2.667, "2006-09-30": "2.03400", "2006-06-30": 2.524, "2006-03-31": 3.829, "2005-12-31": 0.289, "2005-09-30": "3.42600", "2005-06-30": 1.466, "2005-03-31": 13.784}, "Net Total Equity Issued/Repurchased": {"2020-12-31": -0.113, "2020-09-30": "0.35700", "2020-06-30": -0.253, "2020-03-31": -0.19, "2019-12-31": -0.066, "2019-09-30": "0.13500", "2019-06-30": -0.091, "2019-03-31": -0.116, "2018-12-31": -0.063, "2018-09-30": "0.13400", "2018-06-30": -0.08, "2018-03-31": -0.125, "2017-12-31": -0.094, "2017-09-30": "0.09000", "2017-06-30": -0.037, "2017-03-31": -0.052, "2016-12-31": -0.078, "2016-09-30": "0.09700", "2016-06-30": -0.033, "2016-03-31": 0.001, "2015-12-31": -0.119, "2015-09-30": "0.00700", "2015-06-30": -0.025, "2015-03-31": 0.634, "2014-12-31": -0.038, "2014-09-30": "0.00700", "2014-06-30": -0.003, "2014-03-31": -0.088, "2013-12-31": -0.025, "2013-09-30": "-0.01000", "2013-06-30": 5.803, "2013-03-31": 2.397, "2012-12-31": 4.25, "2012-09-30": "-122.42400", "2012-06-30": -105.85, "2012-03-31": 5.623, "2011-12-31": 2.243, "2011-09-30": "-207.01800", "2011-06-30": -1.814, "2011-03-31": -18.292, "2010-12-31": 8.659, "2010-09-30": "-16.00700", "2010-06-30": 0.091, "2010-03-31": 2.827, "2009-12-31": 0.79, "2009-09-30": "2.88600", "2009-06-30": 0.035, "2009-03-31": 1.894, "2008-12-31": 0.013, "2008-09-30": "-17.96800", "2008-06-30": 2.025, "2008-03-31": 0.953, "2007-12-31": 1.993, "2007-09-30": "1.36700", "2007-06-30": -73.28, "2007-03-31": 4.336, "2006-12-31": 2.667, "2006-09-30": "2.03400", "2006-06-30": 2.524, "2006-03-31": 3.829, "2005-12-31": 0.289, "2005-09-30": "3.42600", "2005-06-30": 1.466, "2005-03-31": 13.784}, "Total Common And Preferred Stock Dividends Paid": {"2020-12-31": 0, "2020-09-30": "", "2020-06-30": 0, "2020-03-31": 0, "2019-12-31": 0, "2019-09-30": "", "2019-06-30": 0, "2019-03-31": 0, "2018-12-31": 0, "2018-09-30": "", "2018-06-30": 0, "2018-03-31": 0, "2017-12-31": 0, "2017-09-30": "", "2017-06-30": 0, "2017-03-31": 0, "2016-12-31": 0, "2016-09-30": "", "2016-06-30": 0, "2016-03-31": 0, "2015-12-31": 0, "2015-09-30": "", "2015-06-30": 0, "2015-03-31": 0, "2014-12-31": 0, "2014-09-30": "", "2014-06-30": 0, "2014-03-31": 0, "2013-12-31": 0, "2013-09-30": "", "2013-06-30": 0, "2013-03-31": 0, "2012-12-31": 0, "2012-09-30": "", "2012-06-30": 0, "2012-03-31": 0, "2011-12-31": 0, "2011-09-30": "", "2011-06-30": 0, "2011-03-31": 0, "2010-12-31": 0, "2010-09-30": "", "2010-06-30": 0, "2010-03-31": 0, "2009-12-31": 0, "2009-09-30": "", "2009-06-30": 0, "2009-03-31": 0, "2008-12-31": 0, "2008-09-30": "", "2008-06-30": 0, "2008-03-31": 0, "2007-12-31": 0, "2007-09-30": "", "2007-06-30": 0, "2007-03-31": 0, "2006-12-31": 0, "2006-09-30": "", "2006-06-30": 0, "2006-03-31": 0, "2005-12-31": 0, "2005-09-30": "", "2005-06-30": 0, "2005-03-31": 0}, "Financial Activities - Other": {"2020-12-31": -17.961, "2020-09-30": "-0.68800", "2020-06-30": -0.784, "2020-03-31": -10.233, "2019-12-31": -28.616, "2019-09-30": "-0.46700", "2019-06-30": -2.549, "2019-03-31": -2.184, "2018-12-31": -11.463, "2018-09-30": "-7.19200", "2018-06-30": -3.588, "2018-03-31": -15.959, "2017-12-31": -8.321, "2017-09-30": "-7.96500", "2017-06-30": -0.371, "2017-03-31": -6.948, "2016-12-31": -0.784, "2016-09-30": "-2.84800", "2016-06-30": -0.572, "2016-03-31": -14.203, "2015-12-31": 0.227, "2015-09-30": "-2.33600", "2015-06-30": -7.645, "2015-03-31": -0.468, "2014-12-31": -0.909, "2014-09-30": "-2.89200", "2014-06-30": -5.015, "2014-03-31": -4.271, "2013-12-31": -13.721, "2013-09-30": "-4.41100", "2013-06-30": -1.275, "2013-03-31": -4.055, "2012-12-31": -2.093, "2012-09-30": "-3.12800", "2012-06-30": -7.135, "2012-03-31": 0.106, "2011-12-31": -21.105, "2011-09-30": "0.15500", "2011-06-30": -8.282, "2011-03-31": 0.835, "2010-12-31": 0.317, "2010-09-30": "0.13900", "2010-06-30": 0.049, "2010-03-31": -0.614, "2009-12-31": 0.544, "2009-09-30": "0.01400", "2009-06-30": -0.195, "2009-03-31": 0.088, "2008-12-31": 0.107, "2008-09-30": "-1.15600", "2008-06-30": 1.358, "2008-03-31": -0.077, "2007-12-31": -0.052, "2007-09-30": "3.75000", "2007-06-30": 0.376, "2007-03-31": 6.732, "2006-12-31": 0.904, "2006-09-30": "0.07100", "2006-06-30": 6.631, "2006-03-31": 4.007, "2005-12-31": 0.204, "2005-09-30": "1.04100", "2005-06-30": 0.688, "2005-03-31": 9.802}, "Cash Flow From Financial Activities": {"2020-12-31": -214.804, "2020-09-30": "208.93900", "2020-06-30": -108.767, "2020-03-31": -97.153, "2019-12-31": -30.412, "2019-09-30": "-67.06200", "2019-06-30": -94.37, "2019-03-31": 700.97, "2018-12-31": -53.256, "2018-09-30": "26.21200", "2018-06-30": -23.168, "2018-03-31": -85.075, "2017-12-31": -26.907, "2017-09-30": "-71.36600", "2017-06-30": -50.899, "2017-03-31": -86.983, "2016-12-31": -40.862, "2016-09-30": "-61.24200", "2016-06-30": -31.097, "2016-03-31": 489.319, "2015-12-31": 0.355, "2015-09-30": "-77.07000", "2015-06-30": -15.335, "2015-03-31": -87.813, "2014-12-31": -46.084, "2014-09-30": "-73.27600", "2014-06-30": -40.799, "2014-03-31": -144.359, "2013-12-31": 817.661, "2013-09-30": "14.17200", "2013-06-30": -87.347, "2013-03-31": -23.533, "2012-12-31": 27.282, "2012-09-30": "10.57300", "2012-06-30": -148.611, "2012-03-31": -21.146, "2011-12-31": 38.014, "2011-09-30": "-83.73800", "2011-06-30": -11.971, "2011-03-31": -19.341, "2010-12-31": 2.911, "2010-09-30": "-144.46900", "2010-06-30": -0.603, "2010-03-31": 1.47, "2009-12-31": 0.591, "2009-09-30": "-48.47100", "2009-06-30": -0.407, "2009-03-31": 0.484, "2008-12-31": -1.167, "2008-09-30": "-20.01100", "2008-06-30": 2.495, "2008-03-31": -9.4, "2007-12-31": 10.845, "2007-09-30": "0.13400", "2007-06-30": 218.864, "2007-03-31": 10.182, "2006-12-31": 2.686, "2006-09-30": "-23.78100", "2006-06-30": 8.269, "2006-03-31": 31.953, "2005-12-31": -0.394, "2005-09-30": "3.48200", "2005-06-30": 1.272, "2005-03-31": -41.261}, "Net Cash Flow": {"2020-12-31": -22.748, "2020-09-30": "17.62600", "2020-06-30": 30.08, "2020-03-31": 8.511, "2019-12-31": -14.537, "2019-09-30": "11.15400", "2019-06-30": -21.778, "2019-03-31": 23.078, "2018-12-31": -4.759, "2018-09-30": "9.29300", "2018-06-30": 10.224, "2018-03-31": -0.358, "2017-12-31": -10.715, "2017-09-30": "1.50400", "2017-06-30": 11.168, "2017-03-31": -18.279, "2016-12-31": 22.982, "2016-09-30": "0.58600", "2016-06-30": 14.269, "2016-03-31": -34.184, "2015-12-31": 39.998, "2015-09-30": "-6.36500", "2015-06-30": 1.812, "2015-03-31": 2.678, "2014-12-31": -69.118, "2014-09-30": "35.53100", "2014-06-30": 16.092, "2014-03-31": -49.804, "2013-12-31": -4.552, "2013-09-30": "38.38800", "2013-06-30": 8.081, "2013-03-31": 18.747, "2012-12-31": -11.082, "2012-09-30": "32.85100", "2012-06-30": -33.189, "2012-03-31": 24.884, "2011-12-31": -4.537, "2011-09-30": "-136.23500", "2011-06-30": 66.469, "2011-03-31": 51.677, "2010-12-31": -63.475, "2010-09-30": "-144.39700", "2010-06-30": 79.796, "2010-03-31": 26.9, "2009-12-31": -51.993, "2009-09-30": "-8.64800", "2009-06-30": 34.181, "2009-03-31": 68.991, "2008-12-31": -6.651, "2008-09-30": "-8.42900", "2008-06-30": 68.126, "2008-03-31": 40.58, "2007-12-31": -241.772, "2007-09-30": "-32.22000", "2007-06-30": 161.953, "2007-03-31": 54.394, "2006-12-31": 28.745, "2006-09-30": "15.94000", "2006-06-30": -49.266, "2006-03-31": -63.242, "2005-12-31": -33.772, "2005-09-30": "37.96500", "2005-06-30": 58.127, "2005-03-31": 11.809}, "Stock-Based Compensation": {"2020-12-31": 7.194, "2020-09-30": "7.84700", "2020-06-30": 7.098, "2020-03-31": 7.705, "2019-12-31": 7.461, "2019-09-30": "7.03800", "2019-06-30": 6.921, "2019-03-31": 6.304, "2018-12-31": 6.349, "2018-09-30": "5.69800", "2018-06-30": 5.445, "2018-03-31": 5.794, "2017-12-31": 6.038, "2017-09-30": "6.35100", "2017-06-30": 5.831, "2017-03-31": 5.557, "2016-12-31": 5.66, "2016-09-30": "4.89700", "2016-06-30": 4.59, "2016-03-31": 4.856, "2015-12-31": 4.835, "2015-09-30": "3.63800", "2015-06-30": 4.021, "2015-03-31": 3.857, "2014-12-31": 3.574, "2014-09-30": "2.62000", "2014-06-30": 2.667, "2014-03-31": 3.105, "2013-12-31": 3.301, "2013-09-30": "2.48400", "2013-06-30": 2.438, "2013-03-31": 0.493, "2012-12-31": 3.501, "2012-09-30": "2.40000", "2012-06-30": 4.404, "2012-03-31": 3.852, "2011-12-31": 4.031, "2011-09-30": "3.21200", "2011-06-30": 4.806, "2011-03-31": 4.696, "2010-12-31": 3.507, "2010-09-30": "4.90600", "2010-06-30": 12.8, "2010-03-31": 5.205, "2009-12-31": 6.074, "2009-09-30": "6.67100", "2009-06-30": 3.737, "2009-03-31": 4.007, "2008-12-31": 3.933, "2008-09-30": "5.14400", "2008-06-30": 3.955, "2008-03-31": 3.672, "2007-12-31": 4.305, "2007-09-30": "5.70700", "2007-06-30": 3.06, "2007-03-31": 2.69, "2006-12-31": 2.836, "2006-09-30": "4.43300", "2006-06-30": 2.861, "2006-03-31": 2.952, "2005-12-31": 2.67, "2005-09-30": "7.01300", "2005-06-30": 2.606, "2005-03-31": 8.601}, "Common Stock Dividends Paid": {"2020-12-31": 0, "2020-09-30": "", "2020-06-30": 0, "2020-03-31": 0, "2019-12-31": 0, "2019-09-30": "", "2019-06-30": 0, "2019-03-31": 0, "2018-12-31": 0, "2018-09-30": "", "2018-06-30": 0, "2018-03-31": 0, "2017-12-31": 0, "2017-09-30": "", "2017-06-30": 0, "2017-03-31": 0, "2016-12-31": 0, "2016-09-30": "", "2016-06-30": 0, "2016-03-31": 0, "2015-12-31": 0, "2015-09-30": "", "2015-06-30": 0, "2015-03-31": 0, "2014-12-31": 0, "2014-09-30": "", "2014-06-30": 0, "2014-03-31": 0, "2013-12-31": 0, "2013-09-30": "", "2013-06-30": 0, "2013-03-31": 0, "2012-12-31": 0, "2012-09-30": "", "2012-06-30": 0, "2012-03-31": 0, "2011-12-31": 0, "2011-09-30": "", "2011-06-30": 0, "2011-03-31": 0, "2010-12-31": 0, "2010-09-30": "", "2010-06-30": 0, "2010-03-31": 0, "2009-12-31": 0, "2009-09-30": "", "2009-06-30": 0, "2009-03-31": 0, "2008-12-31": 0, "2008-09-30": "", "2008-06-30": 0, "2008-03-31": 0, "2007-12-31": 0, "2007-09-30": "", "2007-06-30": 0, "2007-03-31": 0, "2006-12-31": 0, "2006-09-30": "", "2006-06-30": 0, "2006-03-31": 0, "2005-12-31": 0, "2005-09-30": "", "2005-06-30": 0, "2005-03-31": 0}}, "financial ratios": {"Current Ratio": {"2020-06-30": "1.41180", "2019-06-30": "1.49120", "2018-06-30": "1.72770", "2017-06-30": "1.67050", "2016-06-30": "1.63110", "2015-06-30": "1.66660", "2014-06-30": "1.74130", "2013-06-30": "0.97480", "2012-06-30": "1.41420", "2011-06-30": "1.78870", "2010-06-30": "1.27690", "2009-06-30": "2.28000", "2008-06-30": "2.07680", "2007-06-30": "2.40320", "2006-06-30": "2.12820", "2005-06-30": "2.36140"}, "Long-term Debt / Capital": {"2020-06-30": "0.33780", "2019-06-30": "0.40560", "2018-06-30": "0.32520", "2017-06-30": "0.39630", "2016-06-30": "0.46590", "2015-06-30": "0.40900", "2014-06-30": "0.47680", "2013-06-30": "0.19940", "2012-06-30": "0.31170", "2011-06-30": "0.23510", "2010-06-30": "0.17710", "2009-06-30": "0.35640", "2008-06-30": "0.41050", "2007-06-30": "0.43860", "2006-06-30": "0.32830", "2005-06-30": "0.35570"}, "Debt/Equity Ratio": {"2020-06-30": "0.52770", "2019-06-30": "0.70210", "2018-06-30": "0.50420", "2017-06-30": "0.68660", "2016-06-30": "0.90590", "2015-06-30": "0.71850", "2014-06-30": "0.94200", "2013-06-30": "0.49380", "2012-06-30": "0.45930", "2011-06-30": "0.31300", "2010-06-30": "0.45270", "2009-06-30": "0.56290", "2008-06-30": "0.70010", "2007-06-30": "0.79060", "2006-06-30": "0.49350", "2005-06-30": "0.55790"}, "Gross Margin": {"2020-06-30": "34.98200", "2019-06-30": "33.73790", "2018-06-30": "33.33260", "2017-06-30": "32.60480", "2016-06-30": "33.55780", "2015-06-30": "33.79760", "2014-06-30": "31.92660", "2013-06-30": "31.13490", "2012-06-30": "31.14560", "2011-06-30": "29.32320", "2010-06-30": "29.89890", "2009-06-30": "31.43690", "2008-06-30": "32.84170", "2007-06-30": "34.58740", "2006-06-30": "35.34240", "2005-06-30": "37.18820"}, "Operating Margin": {"2020-06-30": "8.00160", "2019-06-30": "7.57800", "2018-06-30": "7.62560", "2017-06-30": "6.82630", "2016-06-30": "7.07120", "2015-06-30": "7.13400", "2014-06-30": "7.22120", "2013-06-30": "7.35580", "2012-06-30": "7.94410", "2011-06-30": "7.02670", "2010-06-30": "6.18530", "2009-06-30": "6.74370", "2008-06-30": "6.72700", "2007-06-30": "7.52610", "2006-06-30": "8.56140", "2005-06-30": "8.75700"}, "EBIT Margin": {"2020-06-30": "8.00160", "2019-06-30": "7.57800", "2018-06-30": "7.62560", "2017-06-30": "6.82630", "2016-06-30": "7.07120", "2015-06-30": "7.13400", "2014-06-30": "7.22120", "2013-06-30": "7.35580", "2012-06-30": "7.94410", "2011-06-30": "7.02670", "2010-06-30": "6.18530", "2009-06-30": "6.74370", "2008-06-30": "6.72700", "2007-06-30": "7.52610", "2006-06-30": "8.56140", "2005-06-30": "8.75700"}, "EBITDA Margin": {"2020-06-30": "9.97770", "2019-06-30": "9.34850", "2018-06-30": "9.33240", "2017-06-30": "8.57720", "2016-06-30": "8.88710", "2015-06-30": "9.20800", "2014-06-30": "9.13220", "2013-06-30": "8.88090", "2012-06-30": "9.48600", "2011-06-30": "8.67170", "2010-06-30": "7.94430", "2009-06-30": "8.54380", "2008-06-30": "8.78270", "2007-06-30": "9.62550", "2006-06-30": "10.54720", "2005-06-30": "10.81280"}, "Pre-Tax Profit Margin": {"2020-06-30": "7.02160", "2019-06-30": "6.57610", "2018-06-30": "6.68470", "2017-06-30": "5.70930", "2016-06-30": "5.97250", "2015-06-30": "6.08500", "2014-06-30": "6.15070", "2013-06-30": "6.65460", "2012-06-30": "7.30560", "2011-06-30": "6.37990", "2010-06-30": "5.34840", "2009-06-30": "5.60370", "2008-06-30": "5.33910", "2007-06-30": "6.46390", "2006-06-30": "7.57700", "2005-06-30": "7.84730"}, "Net Profit Margin": {"2020-06-30": "5.62020", "2019-06-30": "5.32660", "2018-06-30": "6.74080", "2017-06-30": "3.75860", "2016-06-30": "3.81400", "2015-06-30": "3.80860", "2014-06-30": "3.79610", "2013-06-30": "4.11980", "2012-06-30": "4.43650", "2011-06-30": "4.03090", "2010-06-30": "3.38240", "2009-06-30": "3.28540", "2008-06-30": "3.21970", "2007-06-30": "4.05230", "2006-06-30": "4.83330", "2005-06-30": "4.91200"}, "Asset Turnover": {"2020-06-30": "1.03200", "2019-06-30": "0.98020", "2018-06-30": "1.10750", "2017-06-30": "1.11340", "2016-06-30": "0.93900", "2015-06-30": "1.02200", "2014-06-30": "1.06120", "2013-06-30": "1.47450", "2012-06-30": "1.58050", "2011-06-30": "1.54210", "2010-06-30": "1.40290", "2009-06-30": "1.36090", "2008-06-30": "1.27220", "2007-06-30": "1.08150", "2006-06-30": "1.28300", "2005-06-30": "1.34510"}, "Inventory Turnover Ratio": {"2020-06-30": "", "2019-06-30": "", "2018-06-30": "", "2017-06-30": "", "2016-06-30": "", "2015-06-30": "", "2014-06-30": "", "2013-06-30": "", "2012-06-30": "", "2011-06-30": "", "2010-06-30": "", "2009-06-30": "", "2008-06-30": "", "2007-06-30": "", "2006-06-30": "", "2005-06-30": ""}, "Receiveable Turnover": {"2020-06-30": "6.79960", "2019-06-30": "5.73250", "2018-06-30": "5.53730", "2017-06-30": "5.74990", "2016-06-30": "4.65780", "2015-06-30": "5.55800", "2014-06-30": "5.79060", "2013-06-30": "5.99070", "2012-06-30": "6.00230", "2011-06-30": "6.24350", "2010-06-30": "5.93020", "2009-06-30": "5.72330", "2008-06-30": "5.47970", "2007-06-30": "5.01870", "2006-06-30": "4.47770", "2005-06-30": "4.80120"}, "Days Sales In Receivables": {"2020-06-30": "53.67930", "2019-06-30": "63.67230", "2018-06-30": "65.91700", "2017-06-30": "63.47960", "2016-06-30": "78.36250", "2015-06-30": "65.67070", "2014-06-30": "63.03350", "2013-06-30": "60.92760", "2012-06-30": "60.81040", "2011-06-30": "58.46090", "2010-06-30": "61.54940", "2009-06-30": "63.77430", "2008-06-30": "66.61010", "2007-06-30": "72.72800", "2006-06-30": "81.51470", "2005-06-30": "76.02300"}, "ROE - Return On Equity": {"2020-06-30": "12.07980", "2019-06-30": "11.20000", "2018-06-30": "14.29460", "2017-06-30": "9.12470", "2016-06-30": "8.88430", "2015-06-30": "8.53190", "2014-06-30": "10.00020", "2013-06-30": "12.64320", "2012-06-30": "14.44560", "2011-06-30": "11.08360", "2010-06-30": "9.14270", "2009-06-30": "8.78170", "2008-06-30": "8.54250", "2007-06-30": "9.64950", "2006-06-30": "11.38240", "2005-06-30": "12.83750"}, "Return On Tangible Equity": {"2020-06-30": "-27.88970", "2019-06-30": "-18.96190", "2018-06-30": "-39.85310", "2017-06-30": "-16.06060", "2016-06-30": "-11.39290", "2015-06-30": "-13.95960", "2014-06-30": "-12.82480", "2013-06-30": "-40.86830", "2012-06-30": "-47.07520", "2011-06-30": "-224.10030", "2010-06-30": "-110.57090", "2009-06-30": "-59.49620", "2008-06-30": "-28.44910", "2007-06-30": "-52.97520", "2006-06-30": "-97.71370", "2005-06-30": "-511.97990"}, "ROA - Return On Assets": {"2020-06-30": "5.80030", "2019-06-30": "5.22140", "2018-06-30": "7.46540", "2017-06-30": "4.18480", "2016-06-30": "3.58130", "2015-06-30": "3.89560", "2014-06-30": "4.04620", "2013-06-30": "6.11420", "2012-06-30": "7.04340", "2011-06-30": "6.25620", "2010-06-30": "4.77810", "2009-06-30": "4.50720", "2008-06-30": "4.12110", "2007-06-30": "4.38250", "2006-06-30": "6.20130", "2005-06-30": "6.60720"}, "ROI - Return On Investment": {"2020-06-30": "7.99930", "2019-06-30": "6.65750", "2018-06-30": "9.64580", "2017-06-30": "5.50840", "2016-06-30": "4.74510", "2015-06-30": "5.04200", "2014-06-30": "5.23190", "2013-06-30": "10.12200", "2012-06-30": "9.94300", "2011-06-30": "8.47820", "2010-06-30": "7.52370", "2009-06-30": "5.65220", "2008-06-30": "5.03610", "2007-06-30": "5.41740", "2006-06-30": "7.64550", "2005-06-30": "8.27110"}, "Book Value Per Share": {"2020-06-30": "106.05790", "2019-06-30": "95.31620", "2018-06-30": "85.28530", "2017-06-30": "73.32680", "2016-06-30": "66.08200", "2015-06-30": "61.20870", "2014-06-30": "57.83690", "2013-06-30": "52.00120", "2012-06-30": "47.26220", "2011-06-30": "43.37050", "2010-06-30": "38.78330", "2009-06-30": "34.35120", "2008-06-30": "30.37650", "2007-06-30": "27.14720", "2006-06-30": "24.34300", "2005-06-30": "20.70530"}, "Operating Cash Flow Per Share": {"2020-06-30": -1.513, "2019-06-30": 9.1378, "2018-06-30": 1.5096, "2017-06-30": 1.4385, "2016-06-30": 0.4783, "2015-06-30": 1.2135, "2014-06-30": -2.3501, "2013-06-30": 0.7905, "2012-06-30": 2.2631, "2011-06-30": 0.5608, "2010-06-30": 1.8644, "2009-06-30": -0.2705, "2008-06-30": -0.1455, "2007-06-30": 1.9394, "2006-06-30": -0.7035, "2005-06-30": 4.1401}, "Free Cash Flow Per Share": {"2020-06-30": -2.4638, "2019-06-30": 8.8985, "2018-06-30": 1.5885, "2017-06-30": 0.5526, "2016-06-30": 0.3536, "2015-06-30": 1.1056, "2014-06-30": -2.3111, "2013-06-30": 7.4085, "2012-06-30": -4.5416, "2011-06-30": 0.8347, "2010-06-30": 1.5373, "2009-06-30": -0.233, "2008-06-30": -0.3368, "2007-06-30": 1.9923, "2006-06-30": -0.7215, "2005-06-30": 3.8525}}, "financial ratios, quarterly": {"Current Ratio": {"2020-12-31": "1.28840", "2020-09-30": "1.46130", "2020-06-30": "1.41180", "2020-03-31": "1.37890", "2019-12-31": "1.33100", "2019-09-30": "1.34730", "2019-06-30": "1.49120", "2019-03-31": "1.54180", "2018-12-31": "1.81680", "2018-09-30": "1.75910", "2018-06-30": "1.72770", "2018-03-31": "1.51890", "2017-12-31": "1.54910", "2017-09-30": "1.53180", "2017-06-30": "1.67050", "2017-03-31": "1.64130", "2016-12-31": "1.72380", "2016-09-30": "1.71420", "2016-06-30": "1.63110", "2016-03-31": "1.60670", "2015-12-31": "1.69210", "2015-09-30": "1.64830", "2015-06-30": "1.66660", "2015-03-31": "1.53670", "2014-12-31": "1.67680", "2014-09-30": "1.68690", "2014-06-30": "1.74130", "2014-03-31": "1.57800", "2013-12-31": "1.76200", "2013-09-30": "1.06840", "2013-06-30": "0.97480", "2013-03-31": "1.68330", "2012-12-31": "1.60280", "2012-09-30": "1.52830", "2012-06-30": "1.41420", "2012-03-31": "1.65270", "2011-12-31": "1.62280", "2011-09-30": "1.50070", "2011-06-30": "1.78870", "2011-03-31": "1.64130", "2010-12-31": "1.61120", "2010-09-30": "1.41350", "2010-06-30": "1.27690", "2010-03-31": "2.16200", "2009-12-31": "2.07970", "2009-09-30": "2.17510", "2009-06-30": "2.28000", "2009-03-31": "2.34700", "2008-12-31": "2.33960", "2008-09-30": "2.18790", "2008-06-30": "2.07680", "2008-03-31": "1.93260", "2007-12-31": "1.92470", "2007-09-30": "2.65170", "2007-06-30": "2.40320", "2007-03-31": "2.46520", "2006-12-31": "2.31150", "2006-09-30": "2.12020", "2006-06-30": "2.12820", "2006-03-31": "2.21070", "2005-12-31": "2.71450", "2005-09-30": "2.59440", "2005-06-30": "2.36140", "2005-03-31": "2.41720"}, "Long-term Debt / Capital": {"2020-12-31": "0.32220", "2020-09-30": "0.36120", "2020-06-30": "0.33780", "2020-03-31": "0.36360", "2019-12-31": "0.38200", "2019-09-30": "0.39020", "2019-06-30": "0.40560", "2019-03-31": "0.42320", "2018-12-31": "0.30880", "2018-09-30": "0.32390", "2018-06-30": "0.32520", "2018-03-31": "0.32470", "2017-12-31": "0.35020", "2017-09-30": "0.37520", "2017-06-30": "0.39630", "2017-03-31": "0.41380", "2016-12-31": "0.43250", "2016-09-30": "0.44980", "2016-06-30": "0.46590", "2016-03-31": "0.47660", "2015-12-31": "0.38210", "2015-09-30": "0.38760", "2015-06-30": "0.40900", "2015-03-31": "0.42050", "2014-12-31": "0.44450", "2014-09-30": "0.45760", "2014-06-30": "0.47680", "2014-03-31": "0.48900", "2013-12-31": "0.52280", "2013-09-30": "0.20430", "2013-06-30": "0.19940", "2013-03-31": "0.36810", "2012-12-31": "0.38120", "2012-09-30": "0.38070", "2012-06-30": "0.31170", "2012-03-31": "0.31350", "2011-12-31": "0.33200", "2011-09-30": "0.31650", "2011-06-30": "0.23510", "2011-03-31": "0.24150", "2010-12-31": "0.24520", "2010-09-30": "0.17660", "2010-06-30": "0.17710", "2010-03-31": "0.31770", "2009-12-31": "0.32270", "2009-09-30": "0.33010", "2009-06-30": "0.35640", "2009-03-31": "0.39790", "2008-12-31": "0.40570", "2008-09-30": "0.41050", "2008-06-30": "0.41050", "2008-03-31": "0.41680", "2007-12-31": "0.42410", "2007-09-30": "0.43090", "2007-06-30": "0.43860", "2007-03-31": "0.28830", "2006-12-31": "0.29690", "2006-09-30": "0.30520", "2006-06-30": "0.32830", "2006-03-31": "0.34170", "2005-12-31": "0.33620", "2005-09-30": "0.34440", "2005-06-30": "0.35570", "2005-03-31": "0.36870"}, "Debt/Equity Ratio": {"2020-12-31": "0.49170", "2020-09-30": "0.58240", "2020-06-30": "0.52770", "2020-03-31": "0.58960", "2019-12-31": "0.63690", "2019-09-30": "0.65930", "2019-06-30": "0.70210", "2019-03-31": "0.75380", "2018-12-31": "0.46750", "2018-09-30": "0.50050", "2018-06-30": "0.50420", "2018-03-31": "0.52670", "2017-12-31": "0.57970", "2017-09-30": "0.63730", "2017-06-30": "0.68660", "2017-03-31": "0.73680", "2016-12-31": "0.80180", "2016-09-30": "0.85020", "2016-06-30": "0.90590", "2016-03-31": "0.94490", "2015-12-31": "0.64370", "2015-09-30": "0.65870", "2015-06-30": "0.71850", "2015-03-31": "0.75470", "2014-12-31": "0.82990", "2014-09-30": "0.87350", "2014-06-30": "0.94200", "2014-03-31": "0.99640", "2013-12-31": "1.12780", "2013-09-30": "0.49680", "2013-06-30": "0.49380", "2013-03-31": "0.58900", "2012-12-31": "0.62280", "2012-09-30": "0.62170", "2012-06-30": "0.45930", "2012-03-31": "0.46280", "2011-12-31": "0.50330", "2011-09-30": "0.46970", "2011-06-30": "0.31300", "2011-03-31": "0.32440", "2010-12-31": "0.33090", "2010-09-30": "0.34050", "2010-06-30": "0.45270", "2010-03-31": "0.46840", "2009-12-31": "0.48410", "2009-09-30": "0.50040", "2009-06-30": "0.56290", "2009-03-31": "0.66460", "2008-12-31": "0.68650", "2008-09-30": "0.70010", "2008-06-30": "0.70010", "2008-03-31": "0.71860", "2007-12-31": "0.75150", "2007-09-30": "0.76140", "2007-06-30": "0.79060", "2007-03-31": "0.40930", "2006-12-31": "0.42680", "2006-09-30": "0.44400", "2006-06-30": "0.49350", "2006-03-31": "0.52410", "2005-12-31": "0.51180", "2005-09-30": "0.53080", "2005-06-30": "0.55790", "2005-03-31": "0.59020"}, "Gross Margin": {"2020-12-31": "35.51280", "2020-09-30": "35.59920", "2020-06-30": "34.36140", "2020-03-31": "34.93250", "2019-12-31": "35.15680", "2019-09-30": "35.53720", "2019-06-30": "34.02470", "2019-03-31": "34.85760", "2018-12-31": "33.07200", "2018-09-30": "32.86010", "2018-06-30": "33.05400", "2018-03-31": "35.19760", "2017-12-31": "33.15680", "2017-09-30": "31.87800", "2017-06-30": "32.38570", "2017-03-31": "32.60200", "2016-12-31": "33.30490", "2016-09-30": "32.15000", "2016-06-30": "32.16810", "2016-03-31": "33.74540", "2015-12-31": "34.11420", "2015-09-30": "34.65510", "2015-06-30": "34.43770", "2015-03-31": "33.62160", "2014-12-31": "32.95580", "2014-09-30": "34.13690", "2014-06-30": "32.35800", "2014-03-31": "32.72050", "2013-12-31": "32.15370", "2013-09-30": "30.41230", "2013-06-30": "31.29880", "2013-03-31": "31.23730", "2012-12-31": "31.34070", "2012-09-30": "30.66880", "2012-06-30": "31.28790", "2012-03-31": "31.83230", "2011-12-31": "30.19240", "2011-09-30": "31.31390", "2011-06-30": "28.85410", "2011-03-31": "29.33810", "2010-12-31": "29.83380", "2010-09-30": "29.31770", "2010-06-30": "28.98390", "2010-03-31": "29.71020", "2009-12-31": "30.07620", "2009-09-30": "30.96310", "2009-06-30": "30.70470", "2009-03-31": "31.48950", "2008-12-31": "31.37800", "2008-09-30": "32.25840", "2008-06-30": "32.54820", "2008-03-31": "32.99040", "2007-12-31": "33.11910", "2007-09-30": "32.72920", "2007-06-30": "33.16530", "2007-03-31": "34.95730", "2006-12-31": "34.69110", "2006-09-30": "35.69030", "2006-06-30": "34.17710", "2006-03-31": "35.88230", "2005-12-31": "35.46590", "2005-09-30": "35.97890", "2005-06-30": "35.25010", "2005-03-31": "37.40440"}, "Operating Margin": {"2020-12-31": "9.63700", "2020-09-30": "9.21020", "2020-06-30": "8.93810", "2020-03-31": "7.75630", "2019-12-31": "7.89610", "2019-09-30": "7.34620", "2019-06-30": "5.90270", "2019-03-31": "7.50290", "2018-12-31": "8.65430", "2018-09-30": "8.54300", "2018-06-30": "6.86610", "2018-03-31": "9.32250", "2017-12-31": "8.11340", "2017-09-30": "6.19850", "2017-06-30": "7.04190", "2017-03-31": "6.19040", "2016-12-31": "7.58890", "2016-09-30": "6.49020", "2016-06-30": "7.27930", "2016-03-31": "6.51570", "2015-12-31": "6.68120", "2015-09-30": "7.84340", "2015-06-30": "8.67460", "2015-03-31": "6.56830", "2014-12-31": "5.82860", "2014-09-30": "7.37170", "2014-06-30": "7.64420", "2014-03-31": "6.72280", "2013-12-31": "7.43180", "2013-09-30": "7.07910", "2013-06-30": "7.43780", "2013-03-31": "7.57230", "2012-12-31": "7.46890", "2012-09-30": "6.95170", "2012-06-30": "8.08410", "2012-03-31": "7.84310", "2011-12-31": "7.67600", "2011-09-30": "8.18420", "2011-06-30": "8.10710", "2011-03-31": "6.76450", "2010-12-31": "6.85310", "2010-09-30": "6.24690", "2010-06-30": "6.35910", "2010-03-31": "6.03470", "2009-12-31": "6.11040", "2009-09-30": "6.22410", "2009-06-30": "7.21260", "2009-03-31": "6.67280", "2008-12-31": "6.72840", "2008-09-30": "6.31040", "2008-06-30": "7.07860", "2008-03-31": "6.85490", "2007-12-31": "6.63100", "2007-09-30": "6.26450", "2007-06-30": "7.27810", "2007-03-31": "7.28860", "2006-12-31": "7.75100", "2006-09-30": "7.81290", "2006-06-30": "8.53640", "2006-03-31": "8.45690", "2005-12-31": "9.35020", "2005-09-30": "7.91480", "2005-06-30": "8.84690", "2005-03-31": "8.71390"}, "EBIT Margin": {"2020-12-31": "9.63700", "2020-09-30": "9.21020", "2020-06-30": "8.93810", "2020-03-31": "7.75630", "2019-12-31": "7.89610", "2019-09-30": "7.34620", "2019-06-30": "5.90270", "2019-03-31": "7.50290", "2018-12-31": "8.65430", "2018-09-30": "8.54300", "2018-06-30": "6.86610", "2018-03-31": "9.32250", "2017-12-31": "8.11340", "2017-09-30": "6.19850", "2017-06-30": "7.04190", "2017-03-31": "6.19040", "2016-12-31": "7.58890", "2016-09-30": "6.49020", "2016-06-30": "7.27930", "2016-03-31": "6.51570", "2015-12-31": "6.68120", "2015-09-30": "7.84340", "2015-06-30": "8.67460", "2015-03-31": "6.56830", "2014-12-31": "5.82860", "2014-09-30": "7.37170", "2014-06-30": "7.64420", "2014-03-31": "6.72280", "2013-12-31": "7.43180", "2013-09-30": "7.07910", "2013-06-30": "7.43780", "2013-03-31": "7.57230", "2012-12-31": "7.46890", "2012-09-30": "6.95170", "2012-06-30": "8.08410", "2012-03-31": "7.84310", "2011-12-31": "7.67600", "2011-09-30": "8.18420", "2011-06-30": "8.10710", "2011-03-31": "6.76450", "2010-12-31": "6.85310", "2010-09-30": "6.24690", "2010-06-30": "6.35910", "2010-03-31": "6.03470", "2009-12-31": "6.11040", "2009-09-30": "6.22410", "2009-06-30": "7.21260", "2009-03-31": "6.67280", "2008-12-31": "6.72840", "2008-09-30": "6.31040", "2008-06-30": "7.07860", "2008-03-31": "6.85490", "2007-12-31": "6.63100", "2007-09-30": "6.26450", "2007-06-30": "7.27810", "2007-03-31": "7.28860", "2006-12-31": "7.75100", "2006-09-30": "7.81290", "2006-06-30": "8.53640", "2006-03-31": "8.45690", "2005-12-31": "9.35020", "2005-09-30": "7.91480", "2005-06-30": "8.84690", "2005-03-31": "8.71390"}, "EBITDA Margin": {"2020-12-31": "", "2020-09-30": "", "2020-06-30": "", "2020-03-31": "", "2019-12-31": "", "2019-09-30": "", "2019-06-30": "", "2019-03-31": "", "2018-12-31": "", "2018-09-30": "", "2018-06-30": "", "2018-03-31": "", "2017-12-31": "", "2017-09-30": "", "2017-06-30": "", "2017-03-31": "", "2016-12-31": "", "2016-09-30": "", "2016-06-30": "", "2016-03-31": "", "2015-12-31": "", "2015-09-30": "", "2015-06-30": "", "2015-03-31": "", "2014-12-31": "", "2014-09-30": "", "2014-06-30": "", "2014-03-31": "", "2013-12-31": "", "2013-09-30": "", "2013-06-30": "", "2013-03-31": "", "2012-12-31": "", "2012-09-30": "", "2012-06-30": "", "2012-03-31": "", "2011-12-31": "", "2011-09-30": "", "2011-06-30": "", "2011-03-31": "", "2010-12-31": "", "2010-09-30": "", "2010-06-30": "", "2010-03-31": "", "2009-12-31": "", "2009-09-30": "", "2009-06-30": "", "2009-03-31": "", "2008-12-31": "", "2008-09-30": "", "2008-06-30": "", "2008-03-31": "", "2007-12-31": "", "2007-09-30": "", "2007-06-30": "", "2007-03-31": "", "2006-12-31": "", "2006-09-30": "", "2006-06-30": "", "2006-03-31": "", "2005-12-31": "", "2005-09-30": "", "2005-06-30": "", "2005-03-31": ""}, "Pre-Tax Profit Margin": {"2020-12-31": "9.01820", "2020-09-30": "8.52640", "2020-06-30": "8.23950", "2020-03-31": "6.79510", "2019-12-31": "6.84160", "2019-09-30": "6.11310", "2019-06-30": "4.57910", "2019-03-31": "6.43830", "2018-12-31": "7.85700", "2018-09-30": "7.78080", "2018-06-30": "6.07420", "2018-03-31": "8.38250", "2017-12-31": "7.10620", "2017-09-30": "5.16270", "2017-06-30": "6.01140", "2017-03-31": "5.07600", "2016-12-31": "6.42350", "2016-09-30": "5.32660", "2016-06-30": "6.14270", "2016-03-31": "5.37830", "2015-12-31": "5.69620", "2015-09-30": "6.72690", "2015-06-30": "7.68040", "2015-03-31": "5.53220", "2014-12-31": "4.77400", "2014-09-30": "6.25720", "2014-06-30": "6.55840", "2014-03-31": "5.44780", "2013-12-31": "6.37430", "2013-09-30": "6.22420", "2013-06-30": "6.72470", "2013-03-31": "6.87770", "2012-12-31": "6.80000", "2012-09-30": "6.22350", "2012-06-30": "7.47410", "2012-03-31": "7.17770", "2011-12-31": "7.00420", "2011-09-30": "7.57840", "2011-06-30": "7.52090", "2011-03-31": "6.14330", "2010-12-31": "6.16230", "2010-09-30": "5.54740", "2010-06-30": "5.71360", "2010-03-31": "5.20730", "2009-12-31": "5.19320", "2009-09-30": "5.24210", "2009-06-30": "6.19380", "2009-03-31": "5.55440", "2008-12-31": "5.52290", "2008-09-30": "5.08030", "2008-06-30": "4.79560", "2008-03-31": "5.79040", "2007-12-31": "5.46480", "2007-09-30": "5.33380", "2007-06-30": "6.49400", "2007-03-31": "6.24560", "2006-12-31": "6.62660", "2006-09-30": "6.48510", "2006-06-30": "7.37520", "2006-03-31": "7.45870", "2005-12-31": "8.44990", "2005-09-30": "7.06090", "2005-06-30": "7.95810", "2005-03-31": "7.83380"}, "Net Profit Margin": {"2020-12-31": "7.24980", "2020-09-30": "6.41610", "2020-06-30": "6.26720", "2020-03-31": "5.49790", "2019-12-31": "5.67520", "2019-09-30": "4.98590", "2019-06-30": "3.64150", "2019-03-31": "5.38710", "2018-12-31": "5.80510", "2018-09-30": "6.76180", "2018-06-30": "4.42970", "2018-03-31": "5.73780", "2017-12-31": "13.12620", "2017-09-30": "3.87230", "2017-06-30": "3.88880", "2017-03-31": "3.71470", "2016-12-31": "4.01120", "2016-09-30": "3.41600", "2016-06-30": "3.91410", "2016-03-31": "3.49090", "2015-12-31": "3.66700", "2015-09-30": "4.21090", "2015-06-30": "4.78150", "2015-03-31": "3.55090", "2014-12-31": "3.02200", "2014-09-30": "3.82090", "2014-06-30": "4.03370", "2014-03-31": "3.42380", "2013-12-31": "3.90990", "2013-09-30": "3.81730", "2013-06-30": "4.15560", "2013-03-31": "4.23390", "2012-12-31": "4.25880", "2012-09-30": "3.83450", "2012-06-30": "4.57350", "2012-03-31": "4.40280", "2011-12-31": "4.21900", "2011-09-30": "4.55870", "2011-06-30": "4.76570", "2011-03-31": "3.98820", "2010-12-31": "3.83210", "2010-09-30": "3.43600", "2010-06-30": "3.52300", "2010-03-31": "3.40590", "2009-12-31": "3.35410", "2009-09-30": "3.22580", "2009-06-30": "3.77060", "2009-03-31": "3.26000", "2008-12-31": "3.07240", "2008-09-30": "2.99040", "2008-06-30": "2.77260", "2008-03-31": "3.51520", "2007-12-31": "3.32130", "2007-09-30": "3.30430", "2007-06-30": "4.00170", "2007-03-31": "3.89850", "2006-12-31": "4.29080", "2006-09-30": "4.02100", "2006-06-30": "4.62780", "2006-03-31": "4.90560", "2005-12-31": "5.30830", "2005-09-30": "4.51970", "2005-06-30": "5.10940", "2005-03-31": "4.89100"}, "Asset Turnover": {"2020-12-31": "0.25100", "2020-09-30": "0.24530", "2020-06-30": "0.26980", "2020-03-31": "0.26420", "2019-12-31": "0.25250", "2019-09-30": "0.25070", "2019-06-30": "0.27010", "2019-03-31": "0.24640", "2018-12-31": "0.27540", "2018-09-30": "0.27420", "2018-06-30": "0.29000", "2018-03-31": "0.27770", "2017-12-31": "0.27300", "2017-09-30": "0.27380", "2017-06-30": "0.29080", "2017-03-31": "0.27930", "2016-12-31": "0.27140", "2016-09-30": "0.27430", "2016-06-30": "0.27940", "2016-03-31": "0.24560", "2015-12-31": "0.25530", "2015-09-30": "0.25660", "2015-06-30": "0.26700", "2015-03-31": "0.25020", "2014-12-31": "0.24710", "2014-09-30": "0.24540", "2014-06-30": "0.26960", "2014-03-31": "0.26550", "2013-12-31": "0.25410", "2013-09-30": "0.33890", "2013-06-30": "0.36560", "2013-03-31": "0.36000", "2012-12-31": "0.37270", "2012-09-30": "0.38230", "2012-06-30": "0.39730", "2012-03-31": "0.37580", "2011-12-31": "0.40330", "2011-09-30": "0.40130", "2011-06-30": "0.41510", "2011-03-31": "0.40230", "2010-12-31": "0.39380", "2010-09-30": "0.39350", "2010-06-30": "0.37810", "2010-03-31": "0.36130", "2009-12-31": "0.36310", "2009-09-30": "0.36670", "2009-06-30": "0.36330", "2009-03-31": "0.34810", "2008-12-31": "0.35730", "2008-09-30": "0.34780", "2008-06-30": "0.34430", "2008-03-31": "0.34020", "2007-12-31": "0.31740", "2007-09-30": "0.30900", "2007-06-30": "0.29040", "2007-03-31": "0.33040", "2006-12-31": "0.34180", "2006-09-30": "0.34210", "2006-06-30": "0.34890", "2006-03-31": "0.32980", "2005-12-31": "0.33930", "2005-09-30": "0.34400", "2005-06-30": "0.35620", "2005-03-31": "0.35530"}, "Inventory Turnover Ratio": {"2020-12-31": "", "2020-09-30": "", "2020-06-30": "", "2020-03-31": "", "2019-12-31": "", "2019-09-30": "", "2019-06-30": "", "2019-03-31": "", "2018-12-31": "", "2018-09-30": "", "2018-06-30": "", "2018-03-31": "", "2017-12-31": "", "2017-09-30": "", "2017-06-30": "", "2017-03-31": "", "2016-12-31": "", "2016-09-30": "", "2016-06-30": "", "2016-03-31": "", "2015-12-31": "", "2015-09-30": "", "2015-06-30": "", "2015-03-31": "", "2014-12-31": "", "2014-09-30": "", "2014-06-30": "", "2014-03-31": "", "2013-12-31": "", "2013-09-30": "", "2013-06-30": "", "2013-03-31": "", "2012-12-31": "", "2012-09-30": "", "2012-06-30": "", "2012-03-31": "", "2011-12-31": "", "2011-09-30": "", "2011-06-30": "", "2011-03-31": "", "2010-12-31": "", "2010-09-30": "", "2010-06-30": "", "2010-03-31": "", "2009-12-31": "", "2009-09-30": "", "2009-06-30": "", "2009-03-31": "", "2008-12-31": "", "2008-09-30": "", "2008-06-30": "", "2008-03-31": "", "2007-12-31": "", "2007-09-30": "", "2007-06-30": "", "2007-03-31": "", "2006-12-31": "", "2006-09-30": "", "2006-06-30": "", "2006-03-31": "", "2005-12-31": "", "2005-09-30": "", "2005-06-30": "", "2005-03-31": ""}, "Receiveable Turnover": {"2020-12-31": "1.96390", "2020-09-30": "1.77950", "2020-06-30": "1.77790", "2020-03-31": "1.74660", "2019-12-31": "1.68370", "2019-09-30": "1.60690", "2019-06-30": "1.57950", "2019-03-31": "1.42180", "2018-12-31": "1.16190", "2018-09-30": "1.23300", "2018-06-30": "1.45020", "2018-03-31": "1.37080", "2017-12-31": "1.43490", "2017-09-30": "1.37660", "2017-06-30": "1.50180", "2017-03-31": "1.49580", "2016-12-31": "1.47350", "2016-09-30": "1.47590", "2016-06-30": "1.38580", "2016-03-31": "1.27660", "2015-12-31": "1.48000", "2015-09-30": "1.50360", "2015-06-30": "1.45180", "2015-03-31": "1.37640", "2014-12-31": "1.31660", "2014-09-30": "1.43600", "2014-06-30": "1.47130", "2014-03-31": "1.40260", "2013-12-31": "1.25760", "2013-09-30": "1.36080", "2013-06-30": "1.48540", "2013-03-31": "1.44240", "2012-12-31": "1.52730", "2012-09-30": "1.58410", "2012-06-30": "1.50890", "2012-03-31": "1.38650", "2011-12-31": "1.47740", "2011-09-30": "1.54660", "2011-06-30": "1.68080", "2011-03-31": "1.59370", "2010-12-31": "1.53670", "2010-09-30": "1.51480", "2010-06-30": "1.59820", "2010-03-31": "1.49590", "2009-12-31": "1.45200", "2009-09-30": "1.50800", "2009-06-30": "1.52800", "2009-03-31": "1.46380", "2008-12-31": "1.41520", "2008-09-30": "1.46870", "2008-06-30": "1.48280", "2008-03-31": "1.33160", "2007-12-31": "1.22340", "2007-09-30": "1.33470", "2007-06-30": "1.34760", "2007-03-31": "1.30620", "2006-12-31": "1.26070", "2006-09-30": "1.21980", "2006-06-30": "1.21760", "2006-03-31": "1.20780", "2005-12-31": "1.24420", "2005-09-30": "1.29890", "2005-06-30": "1.27130", "2005-03-31": "1.17100"}, "Days Sales In Receivables": {"2020-12-31": "45.82660", "2020-09-30": "50.57470", "2020-06-30": "50.62280", "2020-03-31": "51.52990", "2019-12-31": "53.45270", "2019-09-30": "56.00860", "2019-06-30": "56.98150", "2019-03-31": "63.29820", "2018-12-31": "77.45760", "2018-09-30": "72.99370", "2018-06-30": "62.06240", "2018-03-31": "65.65590", "2017-12-31": "62.72190", "2017-09-30": "65.38040", "2017-06-30": "59.92730", "2017-03-31": "60.16970", "2016-12-31": "61.08090", "2016-09-30": "60.97790", "2016-06-30": "64.94620", "2016-03-31": "70.49770", "2015-12-31": "60.80920", "2015-09-30": "59.85440", "2015-06-30": "61.99140", "2015-03-31": "65.38700", "2014-12-31": "68.35700", "2014-09-30": "62.67320", "2014-06-30": "61.16940", "2014-03-31": "64.16670", "2013-12-31": "71.56350", "2013-09-30": "66.13870", "2013-06-30": "60.59110", "2013-03-31": "62.39430", "2012-12-31": "58.92620", "2012-09-30": "56.81460", "2012-06-30": "59.64530", "2012-03-31": "64.91080", "2011-12-31": "60.91620", "2011-09-30": "58.19230", "2011-06-30": "53.54630", "2011-03-31": "56.47230", "2010-12-31": "58.56570", "2010-09-30": "59.41350", "2010-06-30": "56.31200", "2010-03-31": "60.16390", "2009-12-31": "61.98340", "2009-09-30": "59.68140", "2009-06-30": "58.90000", "2009-03-31": "61.48270", "2008-12-31": "63.59470", "2008-09-30": "61.27820", "2008-06-30": "60.69450", "2008-03-31": "67.58560", "2007-12-31": "73.56360", "2007-09-30": "67.43120", "2007-06-30": "66.78420", "2007-03-31": "68.90400", "2006-12-31": "71.39160", "2006-09-30": "73.77960", "2006-06-30": "73.91370", "2006-03-31": "74.51480", "2005-12-31": "72.33380", "2005-09-30": "69.28710", "2005-06-30": "70.79230", "2005-03-31": "76.85420"}, "ROE - Return On Equity": {"2020-12-31": "3.69170", "2020-09-30": "3.37850", "2020-06-30": "3.52200", "2020-03-31": "3.14310", "2019-12-31": "3.15700", "2019-09-30": "2.80290", "2019-06-30": "2.10970", "2019-03-31": "2.92280", "2018-12-31": "3.03960", "2018-09-30": "3.59960", "2018-06-30": "2.46010", "2018-03-31": "3.13390", "2017-12-31": "7.18710", "2017-09-30": "2.29200", "2017-06-30": "2.46590", "2017-03-31": "2.32140", "2016-12-31": "2.50120", "2016-09-30": "2.22860", "2016-06-30": "2.71250", "2016-03-31": "2.17020", "2015-12-31": "1.97120", "2015-09-30": "2.29510", "2015-06-30": "2.79310", "2015-03-31": "2.03470", "2014-12-31": "1.75440", "2014-09-30": "2.25610", "2014-06-30": "2.69340", "2014-03-31": "2.35050", "2013-12-31": "2.71430", "2013-09-30": "2.68040", "2013-06-30": "3.16490", "2013-03-31": "3.31180", "2012-12-31": "3.54300", "2012-09-30": "3.29660", "2012-06-30": "3.75170", "2012-03-31": "3.32060", "2011-12-31": "3.47920", "2011-09-30": "3.69050", "2011-06-30": "3.52120", "2011-03-31": "2.91220", "2010-12-31": "2.71670", "2010-09-30": "2.42210", "2010-06-30": "2.58230", "2010-03-31": "2.37020", "2009-12-31": "2.37280", "2009-09-30": "2.27130", "2009-06-30": "2.69190", "2009-03-31": "2.30310", "2008-12-31": "2.26060", "2008-09-30": "2.13930", "2008-06-30": "2.03030", "2008-03-31": "2.51460", "2007-12-31": "2.22770", "2007-09-30": "2.18140", "2007-06-30": "2.55870", "2007-03-31": "2.21890", "2006-12-31": "2.56050", "2006-09-30": "2.44100", "2006-06-30": "2.96370", "2006-03-31": "3.03570", "2005-12-31": "3.30750", "2005-09-30": "2.93780", "2005-06-30": "3.53590", "2005-03-31": "3.44830"}, "Return On Tangible Equity": {"2020-12-31": "-8.46870", "2020-09-30": "-6.80110", "2020-06-30": "-8.13150", "2020-03-31": "-6.36740", "2019-12-31": "-5.91100", "2019-09-30": "-5.09650", "2019-06-30": "-3.57170", "2019-03-31": "-4.72460", "2018-12-31": "-10.82690", "2018-09-30": "-11.07220", "2018-06-30": "-6.85870", "2018-03-31": "-8.11150", "2017-12-31": "-16.38410", "2017-09-30": "-4.32550", "2017-06-30": "-4.34030", "2017-03-31": "-3.73760", "2016-12-31": "-3.75460", "2016-09-30": "-3.05170", "2016-06-30": "-3.47850", "2016-03-31": "-2.57610", "2015-12-31": "-3.61700", "2015-09-30": "-3.96110", "2015-06-30": "-4.57000", "2015-03-31": "-3.06470", "2014-12-31": "-2.49970", "2014-09-30": "-3.06880", "2014-06-30": "-3.45420", "2014-03-31": "-2.79570", "2013-12-31": "-3.02920", "2013-09-30": "-10.01050", "2013-06-30": "-10.23040", "2013-03-31": "-9.02680", "2012-12-31": "-8.45380", "2012-09-30": "-7.76100", "2012-06-30": "-12.22620", "2012-03-31": "-14.27430", "2011-12-31": "-12.46390", "2011-09-30": "-12.95630", "2011-06-30": "-71.19550", "2011-03-31": "-29.86940", "2010-12-31": "-21.93280", "2010-09-30": "-38.41550", "2010-06-30": "-31.22970", "2010-03-31": "-17.64810", "2009-12-31": "-14.76080", "2009-09-30": "-21.44920", "2009-06-30": "-18.23770", "2009-03-31": "-10.45690", "2008-12-31": "-8.89050", "2008-09-30": "-7.38430", "2008-06-30": "-6.76160", "2008-03-31": "-7.53720", "2007-12-31": "-6.00120", "2007-09-30": "-15.27200", "2007-06-30": "-14.04720", "2007-03-31": "167.42600", "2006-12-31": "-90.52800", "2006-09-30": "-34.06890", "2006-06-30": "-25.44200", "2006-03-31": "-31.28360", "2005-12-31": "143.35400", "2005-09-30": "103.31170", "2005-06-30": "-141.01680", "2005-03-31": "-37.32070"}, "ROA - Return On Assets": {"2020-12-31": "1.81970", "2020-09-30": "1.57380", "2020-06-30": "1.69110", "2020-03-31": "1.45280", "2019-12-31": "1.43300", "2019-09-30": "1.25000", "2019-06-30": "0.98350", "2019-03-31": "1.32760", "2018-12-31": "1.59870", "2018-09-30": "1.85440", "2018-06-30": "1.28480", "2018-03-31": "1.59360", "2017-12-31": "3.58410", "2017-09-30": "1.06020", "2017-06-30": "1.13090", "2017-03-31": "1.03760", "2016-12-31": "1.08850", "2016-09-30": "0.93710", "2016-06-30": "1.09340", "2016-03-31": "0.85730", "2015-12-31": "0.93600", "2015-09-30": "1.08050", "2015-06-30": "1.27530", "2015-03-31": "0.88900", "2014-12-31": "0.74650", "2014-09-30": "0.94140", "2014-06-30": "1.08980", "2014-03-31": "0.91450", "2013-12-31": "0.99190", "2013-09-30": "1.30940", "2013-06-30": "1.53060", "2013-03-31": "1.52890", "2012-12-31": "1.59950", "2012-09-30": "1.47750", "2012-06-30": "1.82930", "2012-03-31": "1.66580", "2011-12-31": "1.71060", "2011-09-30": "1.82830", "2011-06-30": "1.98760", "2011-03-31": "1.61710", "2010-12-31": "1.52110", "2010-09-30": "1.35990", "2010-06-30": "1.34950", "2010-03-31": "1.23370", "2009-12-31": "1.22040", "2009-09-30": "1.19420", "2009-06-30": "1.38160", "2009-03-31": "1.14040", "2008-12-31": "1.11730", "2008-09-30": "1.04050", "2008-06-30": "0.97950", "2008-03-31": "1.19570", "2007-12-31": "1.05420", "2007-09-30": "1.02100", "2007-06-30": "1.16210", "2007-03-31": "1.28810", "2006-12-31": "1.46680", "2006-09-30": "1.37540", "2006-06-30": "1.61470", "2006-03-31": "1.61780", "2005-12-31": "1.80110", "2005-09-30": "1.55500", "2005-06-30": "1.81980", "2005-03-31": "1.73800"}, "ROI - Return On Investment": {"2020-12-31": "2.50210", "2020-09-30": "2.15810", "2020-06-30": "2.33230", "2020-03-31": "2.00030", "2019-12-31": "1.95090", "2019-09-30": "1.70920", "2019-06-30": "1.25400", "2019-03-31": "1.68590", "2018-12-31": "2.10100", "2018-09-30": "2.43360", "2018-06-30": "1.66000", "2018-03-31": "2.11640", "2017-12-31": "4.67010", "2017-09-30": "1.43200", "2017-06-30": "1.48860", "2017-03-31": "1.36090", "2016-12-31": "1.41950", "2016-09-30": "1.22630", "2016-06-30": "1.44880", "2016-03-31": "1.13590", "2015-12-31": "1.21790", "2015-09-30": "1.40560", "2015-06-30": "1.65060", "2015-03-31": "1.17920", "2014-12-31": "0.97450", "2014-09-30": "1.22380", "2014-06-30": "1.40910", "2014-03-31": "1.20110", "2013-12-31": "1.29530", "2013-09-30": "2.13280", "2013-06-30": "2.53380", "2013-03-31": "2.09270", "2012-12-31": "2.19230", "2012-09-30": "2.04150", "2012-06-30": "2.58240", "2012-03-31": "2.27950", "2011-12-31": "2.32420", "2011-09-30": "2.52230", "2011-06-30": "2.69350", "2011-03-31": "2.20880", "2010-12-31": "2.05070", "2010-09-30": "1.99450", "2010-06-30": "2.12500", "2010-03-31": "1.61710", "2009-12-31": "1.60700", "2009-09-30": "1.52160", "2009-06-30": "1.73260", "2009-03-31": "1.38660", "2008-12-31": "1.34340", "2008-09-30": "1.26120", "2008-06-30": "1.19690", "2008-03-31": "1.46660", "2007-12-31": "1.28290", "2007-09-30": "1.24150", "2007-06-30": "1.43650", "2007-03-31": "1.57920", "2006-12-31": "1.80020", "2006-09-30": "1.69590", "2006-06-30": "1.99070", "2006-03-31": "1.99840", "2005-12-31": "2.19540", "2005-09-30": "1.92600", "2005-06-30": "2.27820", "2005-03-31": "2.17690"}, "Book Value Per Share": {"2020-12-31": "114.31490", "2020-09-30": "110.40710", "2020-06-30": "106.05790", "2020-03-31": "102.19360", "2019-12-31": "100.05900", "2019-09-30": "97.17330", "2019-06-30": "95.31620", "2019-03-31": "93.74300", "2018-12-31": "90.77040", "2018-09-30": "88.13820", "2018-06-30": "85.28530", "2018-03-31": "83.34990", "2017-12-31": "80.68300", "2017-09-30": "74.51810", "2017-06-30": "73.32680", "2017-03-31": "71.09200", "2016-12-31": "69.52650", "2016-09-30": "67.49490", "2016-06-30": "66.08200", "2016-03-31": "64.67200", "2015-12-31": "63.70490", "2015-09-30": "62.24540", "2015-06-30": "61.20870", "2015-03-31": "59.06740", "2014-12-31": "58.14570", "2014-09-30": "58.40420", "2014-06-30": "57.83690", "2014-03-31": "56.15740", "2013-12-31": "54.85650", "2013-09-30": "53.18850", "2013-06-30": "52.00120", "2013-03-31": "50.41470", "2012-12-31": "49.14680", "2012-09-30": "47.85510", "2012-06-30": "47.26220", "2012-03-31": "46.54170", "2011-12-31": "44.82810", "2011-09-30": "43.21740", "2011-06-30": "43.37050", "2011-03-31": "41.76440", "2010-12-31": "40.57570", "2010-09-30": "39.54890", "2010-06-30": "38.78330", "2010-03-31": "37.36980", "2009-12-31": "36.50450", "2009-09-30": "35.24700", "2009-06-30": "34.35120", "2009-03-31": "32.00170", "2008-12-31": "31.12090", "2008-09-30": "30.62960", "2008-06-30": "30.37650", "2008-03-31": "29.46820", "2007-12-31": "28.65980", "2007-09-30": "27.94740", "2007-06-30": "27.14720", "2007-03-31": "26.89830", "2006-12-31": "25.98910", "2006-09-30": "25.12460", "2006-06-30": "24.34300", "2006-03-31": "23.16590", "2005-12-31": "22.33390", "2005-09-30": "21.60940", "2005-06-30": "20.70530", "2005-03-31": "19.67080"}, "Operating Cash Flow Per Share": {"2020-12-31": 8.0794, "2020-09-30": "6.94110", "2020-06-30": 6.3089, "2020-03-31": 4.7256, "2019-12-31": 5.2768, "2019-09-30": "4.04210", "2019-06-30": 4.0014, "2019-03-31": 12.3579, "2018-12-31": 2.2383, "2018-09-30": "3.26880", "2018-06-30": 2.7884, "2018-03-31": 3.9074, "2017-12-31": 2.8758, "2017-09-30": "3.15700", "2017-06-30": 2.5964, "2017-03-31": 3.2235, "2016-12-31": 3.0813, "2016-09-30": "2.31780", "2016-06-30": 2.1447, "2016-03-31": 2.1634, "2015-12-31": 2.2645, "2015-09-30": "3.20790", "2015-06-30": 1.539, "2015-03-31": 3.9269, "2014-12-31": -0.7991, "2014-09-30": "4.63540", "2014-06-30": 2.4558, "2014-03-31": 3.8708, "2013-12-31": 0.6627, "2013-09-30": "1.09940", "2013-06-30": 4.1951, "2013-03-31": 2.1635, "2012-12-31": 1.1081, "2012-09-30": "2.97210", "2012-06-30": 4.4928, "2012-03-31": 2.026, "2011-12-31": 1.248, "2011-09-30": "1.88150", "2011-06-30": 2.7318, "2011-03-31": 2.4365, "2010-12-31": 1.9684, "2010-09-30": "0.24850", "2010-06-30": 2.8119, "2010-03-31": 1.8167, "2009-12-31": 0.5245, "2009-09-30": "1.67130", "2009-06-30": 1.8594, "2009-03-31": 2.6341, "2008-12-31": -0.0454, "2008-09-30": "0.51190", "2008-06-30": 2.6623, "2008-03-31": 2.0514, "2007-12-31": -0.2496, "2007-09-30": "0.76640", "2007-06-30": 1.5328, "2007-03-31": 1.6043, "2006-12-31": 0.881, "2006-09-30": "1.35790", "2006-06-30": 0.4224, "2006-03-31": 1.4941, "2005-12-31": 0.2869, "2005-09-30": "1.23320", "2005-06-30": 1.9892, "2005-03-31": 2.1509}, "Free Cash Flow Per Share": {"2020-12-31": 7.466, "2020-09-30": "6.30220", "2020-06-30": 5.6043, "2020-03-31": 4.2065, "2019-12-31": 4.546, "2019-09-30": "3.15950", "2019-06-30": 3.2807, "2019-03-31": 11.8953, "2018-12-31": 1.9038, "2018-09-30": "2.90030", "2018-06-30": 2.402, "2018-03-31": 3.5199, "2017-12-31": 2.3003, "2017-09-30": "2.85940", "2017-06-30": 2.2623, "2017-03-31": 2.7023, "2016-12-31": 2.6614, "2016-09-30": "1.86710", "2016-06-30": 1.8382, "2016-03-31": 1.9382, "2015-12-31": 2.1374, "2015-09-30": "3.02670", "2015-06-30": 1.3589, "2015-03-31": 3.6932, "2014-12-31": -0.9612, "2014-09-30": "4.49600", "2014-06-30": 2.2965, "2014-03-31": 3.705, "2013-12-31": 0.502, "2013-09-30": "0.97780", "2013-06-30": 4.0869, "2013-03-31": 2.0516, "2012-12-31": 2.7198, "2012-09-30": "0.93410", "2012-06-30": -2.3161, "2012-03-31": 1.8323, "2011-12-31": 1.09, "2011-09-30": "1.77770", "2011-06-30": 2.5651, "2011-03-31": 2.33, "2010-12-31": 1.8882, "2010-09-30": "0.14220", "2010-06-30": 2.748, "2010-03-31": 1.6738, "2009-12-31": 0.301, "2009-09-30": "1.36800", "2009-06-30": 1.7515, "2009-03-31": 2.4976, "2008-12-31": -0.1307, "2008-09-30": "0.43510", "2008-06-30": 2.5546, "2008-03-31": 1.9598, "2007-12-31": -0.3668, "2007-09-30": "0.63890", "2007-06-30": 1.4582, "2007-03-31": 1.5545, "2006-12-31": 0.8202, "2006-09-30": "1.29040", "2006-06-30": 0.3613, "2006-03-31": 1.4616, "2005-12-31": 0.1461, "2005-09-30": "1.16200", "2005-06-30": 1.9206, "2005-03-31": 1.9319}}, "revenue": {"CACI Annual Revenue (Millions of US $)": {"2020": "$5,720", "2019": "$4,986", "2018": "$4,468", "2017": "$4,355", "2016": "$3,744", "2015": "$3,313", "2014": "$3,565", "2013": "$3,682", "2012": "$3,774", "2011": "$3,578", "2010": "$3,149", "2009": "$2,730", "2008": "$2,421", "2007": "$1,938", "2006": "$1,755", "2005": "$1,623"}, "CACI Quarterly Revenue (Millions of US $)": {"2020-12-31": "$1,469", "2020-09-30": "$1,460", "2020-06-30": "$1,496", "2020-03-31": "$1,466", "2019-12-31": "$1,395", "2019-09-30": "$1,363", "2019-06-30": "$1,374", "2019-03-31": "$1,265", "2018-12-31": "$1,182", "2018-09-30": "$1,166", "2018-06-30": "$1,170", "2018-03-31": "$1,124", "2017-12-31": "$1,088", "2017-09-30": "$1,086", "2017-06-30": "$1,137", "2017-03-31": "$1,086", "2016-12-31": "$1,058", "2016-09-30": "$1,073", "2016-06-30": "$1,114", "2016-03-31": "$977", "2015-12-31": "$830", "2015-09-30": "$822", "2015-06-30": "$866", "2015-03-31": "$818", "2014-12-31": "$815", "2014-09-30": "$815", "2014-06-30": "$906", "2014-03-31": "$900", "2013-12-31": "$894", "2013-09-30": "$864", "2013-06-30": "$913", "2013-03-31": "$906", "2012-12-31": "$932", "2012-09-30": "$931", "2012-06-30": "$949", "2012-03-31": "$928", "2011-12-31": "$973", "2011-09-30": "$924", "2011-06-30": "$963", "2011-03-31": "$913", "2010-12-31": "$867", "2010-09-30": "$834", "2010-06-30": "$849", "2010-03-31": "$784", "2009-12-31": "$777", "2009-09-30": "$740", "2009-06-30": "$729", "2009-03-31": "$674", "2008-12-31": "$673", "2008-09-30": "$655", "2008-06-30": "$655", "2008-03-31": "$634", "2007-12-31": "$578", "2007-09-30": "$554", "2007-06-30": "$520", "2007-03-31": "$473", "2006-12-31": "$477", "2006-09-30": "$468", "2006-06-30": "$477", "2006-03-31": "$435", "2005-12-31": "$420", "2005-09-30": "$423", "2005-06-30": "$430", "2005-03-31": "$415"}}, "gross-profit": {"CACI Annual Gross Profit (Millions of US $)": {"2020": "$2,001", "2019": "$1,682", "2018": "$1,489", "2017": "$1,420", "2016": "$1,256", "2015": "$1,120", "2014": "$1,138", "2013": "$1,146", "2012": "$1,176", "2011": "$1,049", "2010": "$942", "2009": "$858", "2008": "$795", "2007": "$670", "2006": "$620", "2005": "$604"}, "CACI Quarterly Gross Profit (Millions of US $)": {"2020-12-31": "$522", "2020-09-30": "$520", "2020-06-30": "$514", "2020-03-31": "$512", "2019-12-31": "$491", "2019-09-30": "$485", "2019-06-30": "$467", "2019-03-31": "$441", "2018-12-31": "$391", "2018-09-30": "$383", "2018-06-30": "$387", "2018-03-31": "$396", "2017-12-31": "$361", "2017-09-30": "$346", "2017-06-30": "$368", "2017-03-31": "$354", "2016-12-31": "$352", "2016-09-30": "$345", "2016-06-30": "$358", "2016-03-31": "$330", "2015-12-31": "$283", "2015-09-30": "$285", "2015-06-30": "$298", "2015-03-31": "$275", "2014-12-31": "$269", "2014-09-30": "$278", "2014-06-30": "$293", "2014-03-31": "$295", "2013-12-31": "$288", "2013-09-30": "$263", "2013-06-30": "$286", "2013-03-31": "$283", "2012-12-31": "$292", "2012-09-30": "$286", "2012-06-30": "$297", "2012-03-31": "$295", "2011-12-31": "$294", "2011-09-30": "$289", "2011-06-30": "$278", "2011-03-31": "$268", "2010-12-31": "$259", "2010-09-30": "$245", "2010-06-30": "$246", "2010-03-31": "$233", "2009-12-31": "$234", "2009-09-30": "$229", "2009-06-30": "$224", "2009-03-31": "$212", "2008-12-31": "$211", "2008-09-30": "$211", "2008-06-30": "$213", "2008-03-31": "$209", "2007-12-31": "$191", "2007-09-30": "$181", "2007-06-30": "$173", "2007-03-31": "$165", "2006-12-31": "$165", "2006-09-30": "$167", "2006-06-30": "$163", "2006-03-31": "$156", "2005-12-31": "$149", "2005-09-30": "$152", "2005-06-30": "$151", "2005-03-31": "$155"}}, "operating-income": {"CACI Annual Operating Income (Millions of US $)": {"2020": "$458", "2019": "$378", "2018": "$341", "2017": "$297", "2016": "$265", "2015": "$236", "2014": "$257", "2013": "$271", "2012": "$300", "2011": "$251", "2010": "$195", "2009": "$184", "2008": "$163", "2007": "$146", "2006": "$150", "2005": "$142"}, "CACI Quarterly Operating Income (Millions of US $)": {"2020-12-31": "$142", "2020-09-30": "$134", "2020-06-30": "$134", "2020-03-31": "$114", "2019-12-31": "$110", "2019-09-30": "$100", "2019-06-30": "$81", "2019-03-31": "$95", "2018-12-31": "$102", "2018-09-30": "$100", "2018-06-30": "$80", "2018-03-31": "$105", "2017-12-31": "$88", "2017-09-30": "$67", "2017-06-30": "$80", "2017-03-31": "$67", "2016-12-31": "$80", "2016-09-30": "$70", "2016-06-30": "$81", "2016-03-31": "$64", "2015-12-31": "$55", "2015-09-30": "$65", "2015-06-30": "$75", "2015-03-31": "$54", "2014-12-31": "$48", "2014-09-30": "$60", "2014-06-30": "$69", "2014-03-31": "$61", "2013-12-31": "$66", "2013-09-30": "$61", "2013-06-30": "$68", "2013-03-31": "$69", "2012-12-31": "$70", "2012-09-30": "$65", "2012-06-30": "$77", "2012-03-31": "$73", "2011-12-31": "$75", "2011-09-30": "$76", "2011-06-30": "$78", "2011-03-31": "$62", "2010-12-31": "$59", "2010-09-30": "$52", "2010-06-30": "$54", "2010-03-31": "$47", "2009-12-31": "$47", "2009-09-30": "$46", "2009-06-30": "$53", "2009-03-31": "$45", "2008-12-31": "$45", "2008-09-30": "$41", "2008-06-30": "$46", "2008-03-31": "$43", "2007-12-31": "$38", "2007-09-30": "$35", "2007-06-30": "$38", "2007-03-31": "$34", "2006-12-31": "$37", "2006-09-30": "$37", "2006-06-30": "$41", "2006-03-31": "$37", "2005-12-31": "$39", "2005-09-30": "$33", "2005-06-30": "$38", "2005-03-31": "$36"}}, "ebitda": {"CACI Annual EBITDA (Millions of US $)": {"2020": "$571", "2019": "$466", "2018": "$417", "2017": "$374", "2016": "$333", "2015": "$305", "2014": "$326", "2013": "$327", "2012": "$358", "2011": "$310", "2010": "$250", "2009": "$233", "2008": "$213", "2007": "$187", "2006": "$185", "2005": "$175"}, "CACI Quarterly EBITDA (Millions of US $)": {"2020-12-31": "$174", "2020-09-30": "$165", "2020-06-30": "$163", "2020-03-31": "$141", "2019-12-31": "$139", "2019-09-30": "$128", "2019-06-30": "$109", "2019-03-31": "$117", "2018-12-31": "$122", "2018-09-30": "$119", "2018-06-30": "$100", "2018-03-31": "$124", "2017-12-31": "$108", "2017-09-30": "$86", "2017-06-30": "$99", "2017-03-31": "$86", "2016-12-31": "$100", "2016-09-30": "$89", "2016-06-30": "$101", "2016-03-31": "$81", "2015-12-31": "$71", "2015-09-30": "$80", "2015-06-30": "$92", "2015-03-31": "$70", "2014-12-31": "$65", "2014-09-30": "$78", "2014-06-30": "$88", "2014-03-31": "$79", "2013-12-31": "$83", "2013-09-30": "$75", "2013-06-30": "$82", "2013-03-31": "$83", "2012-12-31": "$83", "2012-09-30": "$78", "2012-06-30": "$91", "2012-03-31": "$87", "2011-12-31": "$90", "2011-09-30": "$90", "2011-06-30": "$93", "2011-03-31": "$77", "2010-12-31": "$75", "2010-09-30": "$66", "2010-06-30": "$69", "2010-03-31": "$62", "2009-12-31": "$62", "2009-09-30": "$58", "2009-06-30": "$64", "2009-03-31": "$57", "2008-12-31": "$58", "2008-09-30": "$54", "2008-06-30": "$59", "2008-03-31": "$56", "2007-12-31": "$51", "2007-09-30": "$46", "2007-06-30": "$48", "2007-03-31": "$45", "2006-12-31": "$46", "2006-09-30": "$47", "2006-06-30": "$51", "2006-03-31": "$45", "2005-12-31": "$48", "2005-09-30": "$41", "2005-06-30": "$46", "2005-03-31": "$45"}}, "net-income": {"CACI Annual Net Income (Millions of US $)": {"2020": "$321", "2019": "$266", "2018": "$301", "2017": "$164", "2016": "$143", "2015": "$126", "2014": "$135", "2013": "$152", "2012": "$167", "2011": "$144", "2010": "$107", "2009": "$90", "2008": "$78", "2007": "$79", "2006": "$85", "2005": "$80"}, "CACI Quarterly Net Income (Millions of US $)": {"2020-12-31": "$106", "2020-09-30": "$94", "2020-06-30": "$94", "2020-03-31": "$81", "2019-12-31": "$79", "2019-09-30": "$68", "2019-06-30": "$50", "2019-03-31": "$68", "2018-12-31": "$69", "2018-09-30": "$79", "2018-06-30": "$52", "2018-03-31": "$64", "2017-12-31": "$143", "2017-09-30": "$42", "2017-06-30": "$44", "2017-03-31": "$40", "2016-12-31": "$42", "2016-09-30": "$37", "2016-06-30": "$44", "2016-03-31": "$34", "2015-12-31": "$30", "2015-09-30": "$35", "2015-06-30": "$41", "2015-03-31": "$29", "2014-12-31": "$25", "2014-09-30": "$31", "2014-06-30": "$37", "2014-03-31": "$31", "2013-12-31": "$35", "2013-09-30": "$33", "2013-06-30": "$38", "2013-03-31": "$38", "2012-12-31": "$40", "2012-09-30": "$36", "2012-06-30": "$43", "2012-03-31": "$41", "2011-12-31": "$41", "2011-09-30": "$42", "2011-06-30": "$46", "2011-03-31": "$36", "2010-12-31": "$33", "2010-09-30": "$29", "2010-06-30": "$30", "2010-03-31": "$27", "2009-12-31": "$26", "2009-09-30": "$24", "2009-06-30": "$27", "2009-03-31": "$22", "2008-12-31": "$21", "2008-09-30": "$20", "2008-06-30": "$18", "2008-03-31": "$22", "2007-12-31": "$19", "2007-09-30": "$18", "2007-06-30": "$21", "2007-03-31": "$18", "2006-12-31": "$20", "2006-09-30": "$19", "2006-06-30": "$22", "2006-03-31": "$21", "2005-12-31": "$22", "2005-09-30": "$19", "2005-06-30": "$22", "2005-03-31": "$20"}}, "eps-earnings-per-share-diluted": {"CACI Annual EPS": {"2020": "$12.61", "2019": "$10.46", "2018": "$11.93", "2017": "$6.53", "2016": "$5.76", "2015": "$5.17", "2014": "$5.38", "2013": "$6.35", "2012": "$5.96", "2011": "$4.61", "2010": "$3.47", "2009": "$2.95", "2008": "$2.55", "2007": "$2.51", "2006": "$2.72", "2005": "$2.61"}, "CACI Quarterly EPS": {"2020-12-31": "$4.18", "2020-09-30": "$3.67", "2020-06-30": "$3.68", "2020-03-31": "$3.16", "2019-12-31": "$3.11", "2019-09-30": "$2.66", "2019-06-30": "$1.96", "2019-03-31": "$2.69", "2018-12-31": "$2.71", "2018-09-30": "$3.10", "2018-06-30": "$2.04", "2018-03-31": "$2.56", "2017-12-31": "$5.66", "2017-09-30": "$1.67", "2017-06-30": "$1.76", "2017-03-31": "$1.61", "2016-12-31": "$1.69", "2016-09-30": "$1.47", "2016-06-30": "$1.75", "2016-03-31": "$1.38", "2015-12-31": "$1.23", "2015-09-30": "$1.40", "2015-06-30": "$1.69", "2015-03-31": "$1.18", "2014-12-31": "$1.01", "2014-09-30": "$1.29", "2014-06-30": "$1.48", "2014-03-31": "$1.19", "2013-12-31": "$1.38", "2013-09-30": "$1.33", "2013-06-30": "$1.55", "2013-03-31": "$1.62", "2012-12-31": "$1.69", "2012-09-30": "$1.49", "2012-06-30": "$1.59", "2012-03-31": "$1.45", "2011-12-31": "$1.51", "2011-09-30": "$1.41", "2011-06-30": "$1.45", "2011-03-31": "$1.16", "2010-12-31": "$1.08", "2010-09-30": "$0.92", "2010-06-30": "$0.97", "2010-03-31": "$0.87", "2009-12-31": "$0.85", "2009-09-30": "$0.78", "2009-06-30": "$0.91", "2009-03-31": "$0.72", "2008-12-31": "$0.68", "2008-09-30": "$0.64", "2008-06-30": "$0.59", "2008-03-31": "$0.73", "2007-12-31": "$0.63", "2007-09-30": "$0.60", "2007-06-30": "$0.67", "2007-03-31": "$0.59", "2006-12-31": "$0.65", "2006-09-30": "$0.60", "2006-06-30": "$0.69", "2006-03-31": "$0.69", "2005-12-31": "$0.72", "2005-09-30": "$0.62", "2005-06-30": "$0.71", "2005-03-31": "$0.66"}}, "shares-outstanding": {"CACI Annual Shares Outstanding (Millions of Shares)": {"2020": "25", "2019": "25", "2018": "25", "2017": "25", "2016": "25", "2015": "24", "2014": "25", "2013": "24", "2012": "28", "2011": "31", "2010": "31", "2009": "30", "2008": "31", "2007": "31", "2006": "31", "2005": "31"}, "CACI Quarterly Shares Outstanding (Millions of Shares)": {"2020-12-31": "25", "2020-09-30": "25", "2020-06-30": "25", "2020-03-31": "25", "2019-12-31": "25", "2019-09-30": "26", "2019-06-30": "25", "2019-03-31": "25", "2018-12-31": "25", "2018-09-30": "25", "2018-06-30": "25", "2018-03-31": "25", "2017-12-31": "25", "2017-09-30": "25", "2017-06-30": "25", "2017-03-31": "25", "2016-12-31": "25", "2016-09-30": "25", "2016-06-30": "25", "2016-03-31": "25", "2015-12-31": "25", "2015-09-30": "25", "2015-06-30": "24", "2015-03-31": "25", "2014-12-31": "24", "2014-09-30": "24", "2014-06-30": "25", "2014-03-31": "26", "2013-12-31": "25", "2013-09-30": "25", "2013-06-30": "24", "2013-03-31": "24", "2012-12-31": "24", "2012-09-30": "24", "2012-06-30": "28", "2012-03-31": "28", "2011-12-31": "27", "2011-09-30": "30", "2011-06-30": "31", "2011-03-31": "31", "2010-12-31": "31", "2010-09-30": "31", "2010-06-30": "31", "2010-03-31": "31", "2009-12-31": "31", "2009-09-30": "30", "2009-06-30": "30", "2009-03-31": "30", "2008-12-31": "30", "2008-09-30": "31", "2008-06-30": "31", "2008-03-31": "31", "2007-12-31": "31", "2007-09-30": "31", "2007-06-30": "31", "2007-03-31": "31", "2006-12-31": "31", "2006-09-30": "31", "2006-06-30": "31", "2006-03-31": "31", "2005-12-31": "31", "2005-09-30": "31", "2005-06-30": "31", "2005-03-31": "31"}}, "total-assets": {"CACI Annual Total Assets (Millions of US $)": {"2020": "$5,542", "2019": "$5,087", "2018": "$4,034", "2017": "$3,911", "2016": "$3,987", "2015": "$3,242", "2014": "$3,359", "2013": "$2,497", "2012": "$2,388", "2011": "$2,320", "2010": "$2,245", "2009": "$2,006", "2008": "$1,903", "2007": "$1,792", "2006": "$1,368", "2005": "$1,207"}, "CACI Quarterly Total Assets (Millions of US $)": {"2020-12-31": "$5,851", "2020-09-30": "$5,950", "2020-06-30": "$5,542", "2020-03-31": "$5,546", "2019-12-31": "$5,527", "2019-09-30": "$5,438", "2019-06-30": "$5,087", "2019-03-31": "$5,133", "2018-12-31": "$4,291", "2018-09-30": "$4,251", "2018-06-30": "$4,034", "2018-03-31": "$4,047", "2017-12-31": "$3,984", "2017-09-30": "$3,966", "2017-06-30": "$3,911", "2017-03-31": "$3,889", "2016-12-31": "$3,897", "2016-09-30": "$3,912", "2016-06-30": "$3,987", "2016-03-31": "$3,979", "2015-12-31": "$3,253", "2015-09-30": "$3,205", "2015-06-30": "$3,242", "2015-03-31": "$3,268", "2014-12-31": "$3,300", "2014-09-30": "$3,320", "2014-06-30": "$3,359", "2014-03-31": "$3,391", "2013-12-31": "$3,519", "2013-09-30": "$2,550", "2013-06-30": "$2,497", "2013-03-31": "$2,517", "2012-12-31": "$2,500", "2012-09-30": "$2,436", "2012-06-30": "$2,388", "2012-03-31": "$2,469", "2011-12-31": "$2,413", "2011-09-30": "$2,303", "2011-06-30": "$2,320", "2011-03-31": "$2,270", "2010-12-31": "$2,202", "2010-09-30": "$2,120", "2010-06-30": "$2,245", "2010-03-31": "$2,171", "2009-12-31": "$2,139", "2009-09-30": "$2,016", "2009-06-30": "$2,006", "2009-03-31": "$1,936", "2008-12-31": "$1,882", "2008-09-30": "$1,883", "2008-06-30": "$1,903", "2008-03-31": "$1,864", "2007-12-31": "$1,820", "2007-09-30": "$1,792", "2007-06-30": "$1,792", "2007-03-31": "$1,432", "2006-12-31": "$1,395", "2006-09-30": "$1,367", "2006-06-30": "$1,368", "2006-03-31": "$1,320", "2005-12-31": "$1,236", "2005-09-30": "$1,230", "2005-06-30": "$1,207", "2005-03-31": "$1,168"}}, "cash-on-hand": {"CACI Annual Cash on Hand (Millions of US $)": {"2020": "$107", "2019": "$72", "2018": "$66", "2017": "$66", "2016": "$49", "2015": "$35", "2014": "$64", "2013": "$64", "2012": "$16", "2011": "$165", "2010": "$255", "2009": "$208", "2008": "$120", "2007": "$286", "2006": "$25", "2005": "$133"}, "CACI Quarterly Cash on Hand (Millions of US $)": {"2020-12-31": "$102", "2020-09-30": "$125", "2020-06-30": "$107", "2020-03-31": "$77", "2019-12-31": "$69", "2019-09-30": "$83", "2019-06-30": "$72", "2019-03-31": "$94", "2018-12-31": "$71", "2018-09-30": "$75", "2018-06-30": "$66", "2018-03-31": "$56", "2017-12-31": "$56", "2017-09-30": "$67", "2017-06-30": "$66", "2017-03-31": "$54", "2016-12-31": "$73", "2016-09-30": "$50", "2016-06-30": "$49", "2016-03-31": "$35", "2015-12-31": "$69", "2015-09-30": "$29", "2015-06-30": "$35", "2015-03-31": "$34", "2014-12-31": "$31", "2014-09-30": "$100", "2014-06-30": "$64", "2014-03-31": "$48", "2013-12-31": "$98", "2013-09-30": "$103", "2013-06-30": "$64", "2013-03-31": "$56", "2012-12-31": "$38", "2012-09-30": "$49", "2012-06-30": "$16", "2012-03-31": "$49", "2011-12-31": "$24", "2011-09-30": "$29", "2011-06-30": "$165", "2011-03-31": "$98", "2010-12-31": "$47", "2010-09-30": "$110", "2010-06-30": "$255", "2010-03-31": "$175", "2009-12-31": "$148", "2009-09-30": "$200", "2009-06-30": "$208", "2009-03-31": "$174", "2008-12-31": "$105", "2008-09-30": "$112", "2008-06-30": "$120", "2008-03-31": "$52", "2007-12-31": "$12", "2007-09-30": "$253", "2007-06-30": "$286", "2007-03-31": "$124", "2006-12-31": "$69", "2006-09-30": "$41", "2006-06-30": "$25", "2006-03-31": "$74", "2005-12-31": "$137", "2005-09-30": "$171", "2005-06-30": "$133", "2005-03-31": "$75"}}, "long-term-debt": {"CACI Annual Long Term Debt (Millions of US $)": {"2020": "$1,358", "2019": "$1,618", "2018": "$1,015", "2017": "$1,178", "2016": "$1,402", "2015": "$1,025", "2014": "$1,239", "2013": "$301", "2012": "$527", "2011": "$402", "2010": "$252", "2009": "$570", "2008": "$639", "2007": "$636", "2006": "$364", "2005": "$343"}, "CACI Quarterly Long Term Debt (Millions of US $)": {"2020-12-31": "$1,371", "2020-09-30": "$1,567", "2020-06-30": "$1,358", "2020-03-31": "$1,465", "2019-12-31": "$1,551", "2019-09-30": "$1,552", "2019-06-30": "$1,618", "2019-03-31": "$1,711", "2018-12-31": "$1,008", "2018-09-30": "$1,049", "2018-06-30": "$1,015", "2018-03-31": "$989", "2017-12-31": "$1,071", "2017-09-30": "$1,102", "2017-06-30": "$1,178", "2017-03-31": "$1,227", "2016-12-31": "$1,292", "2016-09-30": "$1,345", "2016-06-30": "$1,402", "2016-03-31": "$1,431", "2015-12-31": "$955", "2015-09-30": "$955", "2015-06-30": "$1,025", "2015-03-31": "$1,036", "2014-12-31": "$1,124", "2014-09-30": "$1,169", "2014-06-30": "$1,239", "2014-03-31": "$1,263", "2013-12-31": "$1,409", "2013-09-30": "$320", "2013-06-30": "$301", "2013-03-31": "$677", "2012-12-31": "$695", "2012-09-30": "$671", "2012-06-30": "$527", "2012-03-31": "$566", "2011-12-31": "$590", "2011-09-30": "$528", "2011-06-30": "$402", "2011-03-31": "$401", "2010-12-31": "$400", "2010-09-30": "$255", "2010-06-30": "$252", "2010-03-31": "$526", "2009-12-31": "$524", "2009-09-30": "$522", "2009-06-30": "$570", "2009-03-31": "$634", "2008-12-31": "$635", "2008-09-30": "$638", "2008-06-30": "$639", "2008-03-31": "$634", "2007-12-31": "$634", "2007-09-30": "$635", "2007-06-30": "$636", "2007-03-31": "$337", "2006-12-31": "$338", "2006-09-30": "$338", "2006-06-30": "$364", "2006-03-31": "$365", "2005-12-31": "$341", "2005-09-30": "$342", "2005-06-30": "$343", "2005-03-31": "$344"}}, "total-liabilities": {"CACI Annual Total Liabilities (Millions of US $)": {"2020": "$2,881", "2019": "$2,715", "2018": "$1,927", "2017": "$2,117", "2016": "$2,380", "2015": "$1,762", "2014": "$2,000", "2013": "$1,289", "2012": "$1,224", "2011": "$1,011", "2010": "$1,072", "2009": "$976", "2008": "$985", "2007": "$978", "2006": "$623", "2005": "$586"}, "CACI Quarterly Total Liabilities (Millions of US $)": {"2020-12-31": "$2,967", "2020-09-30": "$3,179", "2020-06-30": "$2,881", "2020-03-31": "$2,983", "2019-12-31": "$3,018", "2019-09-30": "$3,013", "2019-06-30": "$2,715", "2019-03-31": "$2,802", "2018-12-31": "$2,034", "2018-09-30": "$2,061", "2018-06-30": "$1,927", "2018-03-31": "$1,989", "2017-12-31": "$1,997", "2017-09-30": "$2,132", "2017-06-30": "$2,117", "2017-03-31": "$2,151", "2016-12-31": "$2,201", "2016-09-30": "$2,267", "2016-06-30": "$2,380", "2016-03-31": "$2,407", "2015-12-31": "$1,708", "2015-09-30": "$1,696", "2015-06-30": "$1,762", "2015-03-31": "$1,840", "2014-12-31": "$1,896", "2014-09-30": "$1,935", "2014-06-30": "$2,000", "2014-03-31": "$2,071", "2013-12-31": "$2,233", "2013-09-30": "$1,304", "2013-06-30": "$1,289", "2013-03-31": "$1,355", "2012-12-31": "$1,371", "2012-09-30": "$1,344", "2012-06-30": "$1,224", "2012-03-31": "$1,230", "2011-12-31": "$1,227", "2011-09-30": "$1,162", "2011-06-30": "$1,011", "2011-03-31": "$1,010", "2010-12-31": "$969", "2010-09-30": "$930", "2010-06-30": "$1,072", "2010-03-31": "$1,041", "2009-12-31": "$1,039", "2009-09-30": "$956", "2009-06-30": "$976", "2009-03-31": "$978", "2008-12-31": "$952", "2008-09-30": "$967", "2008-06-30": "$985", "2008-03-31": "$978", "2007-12-31": "$959", "2007-09-30": "$953", "2007-06-30": "$978", "2007-03-31": "$601", "2006-12-31": "$596", "2006-09-30": "$597", "2006-06-30": "$623", "2006-03-31": "$617", "2005-12-31": "$563", "2005-09-30": "$579", "2005-06-30": "$586", "2005-03-31": "$579"}}, "total-share-holder-equity": {"CACI Annual Share Holder Equity (Millions of US $)": {"2020": "$2,661", "2019": "$2,371", "2018": "$2,107", "2017": "$1,794", "2016": "$1,607", "2015": "$1,480", "2014": "$1,359", "2013": "$1,208", "2012": "$1,164", "2011": "$1,310", "2010": "$1,173", "2009": "$1,030", "2008": "$918", "2007": "$814", "2006": "$745", "2005": "$621"}, "CACI Quarterly Share Holder Equity (Millions of US $)": {"2020-12-31": "$2,884", "2020-09-30": "$2,772", "2020-06-30": "$2,661", "2020-03-31": "$2,564", "2019-12-31": "$2,509", "2019-09-30": "$2,425", "2019-06-30": "$2,371", "2019-03-31": "$2,331", "2018-12-31": "$2,257", "2018-09-30": "$2,190", "2018-06-30": "$2,107", "2018-03-31": "$2,058", "2017-12-31": "$1,987", "2017-09-30": "$1,834", "2017-06-30": "$1,794", "2017-03-31": "$1,738", "2016-12-31": "$1,696", "2016-09-30": "$1,645", "2016-06-30": "$1,607", "2016-03-31": "$1,572", "2015-12-31": "$1,545", "2015-09-30": "$1,509", "2015-06-30": "$1,480", "2015-03-31": "$1,428", "2014-12-31": "$1,404", "2014-09-30": "$1,385", "2014-06-30": "$1,359", "2014-03-31": "$1,319", "2013-12-31": "$1,286", "2013-09-30": "$1,246", "2013-06-30": "$1,208", "2013-03-31": "$1,162", "2012-12-31": "$1,128", "2012-09-30": "$1,092", "2012-06-30": "$1,164", "2012-03-31": "$1,239", "2011-12-31": "$1,186", "2011-09-30": "$1,141", "2011-06-30": "$1,310", "2011-03-31": "$1,261", "2010-12-31": "$1,233", "2010-09-30": "$1,190", "2010-06-30": "$1,173", "2010-03-31": "$1,130", "2009-12-31": "$1,100", "2009-09-30": "$1,060", "2009-06-30": "$1,030", "2009-03-31": "$959", "2008-12-31": "$930", "2008-09-30": "$916", "2008-06-30": "$918", "2008-03-31": "$886", "2007-12-31": "$861", "2007-09-30": "$839", "2007-06-30": "$814", "2007-03-31": "$831", "2006-12-31": "$799", "2006-09-30": "$770", "2006-06-30": "$745", "2006-03-31": "$704", "2005-12-31": "$673", "2005-09-30": "$651", "2005-06-30": "$621", "2005-03-31": "$589"}}, "profit-margins": {"current": "6.36%"}, "gross margin": {"2020-12-31": "35.10%", "2020-09-30": "35.02%", "2020-06-30": "35.00%", "2020-03-31": "34.92%", "2019-12-31": "34.91%", "2019-09-30": "34.41%", "2019-06-30": "33.73%", "2019-03-31": "33.49%", "2018-12-31": "33.54%", "2018-09-30": "33.58%", "2018-06-30": "33.35%", "2018-03-31": "33.17%", "2017-12-31": "32.50%", "2017-09-30": "32.52%", "2017-06-30": "32.59%", "2017-03-31": "32.53%", "2016-12-31": "32.80%", "2016-09-30": "32.95%", "2016-06-30": "33.56%", "2016-03-31": "34.22%", "2015-12-31": "34.20%", "2015-09-30": "33.94%", "2015-06-30": "33.80%", "2015-03-31": "33.24%", "2014-12-31": "33.03%", "2014-09-30": "32.83%", "2014-06-30": "31.96%", "2014-03-31": "31.70%", "2013-12-31": "31.31%", "2013-09-30": "31.09%", "2013-06-30": "31.15%", "2013-03-31": "31.15%", "2012-12-31": "31.28%", "2012-09-30": "31.00%", "2012-06-30": "31.13%", "2012-03-31": "30.52%", "2011-12-31": "29.92%", "2011-09-30": "29.83%", "2011-06-30": "29.35%", "2011-03-31": "29.40%", "2010-12-31": "29.48%", "2010-09-30": "29.53%", "2010-06-30": "29.90%", "2010-03-31": "30.36%", "2009-12-31": "30.79%", "2009-09-30": "31.11%", "2009-06-30": "31.42%", "2009-03-31": "31.88%", "2008-12-31": "32.25%", "2008-09-30": "32.67%", "2008-06-30": "32.80%", "2008-03-31": "32.98%", "2007-12-31": "33.41%", "2007-09-30": "33.79%", "2007-06-30": "34.57%", "2007-03-31": "34.83%", "2006-12-31": "35.06%", "2006-09-30": "35.28%", "2006-06-30": "35.33%", "2006-03-31": "35.60%", "2005-12-31": "35.96%"}, "operating margin": {"2020-12-31": "8.89%", "2020-09-30": "8.46%", "2020-06-30": "8.01%", "2020-03-31": "7.23%", "2019-12-31": "7.15%", "2019-09-30": "7.29%", "2019-06-30": "7.58%", "2019-03-31": "7.88%", "2018-12-31": "8.34%", "2018-09-30": "8.20%", "2018-06-30": "7.61%", "2018-03-31": "7.67%", "2017-12-31": "6.87%", "2017-09-30": "6.73%", "2017-06-30": "6.82%", "2017-03-31": "6.88%", "2016-12-31": "6.99%", "2016-09-30": "6.76%", "2016-06-30": "7.08%", "2016-03-31": "7.41%", "2015-12-31": "7.46%", "2015-09-30": "7.29%", "2015-06-30": "7.15%", "2015-03-31": "6.89%", "2014-12-31": "6.93%", "2014-09-30": "7.28%", "2014-06-30": "7.21%", "2014-03-31": "7.17%", "2013-12-31": "7.38%", "2013-09-30": "7.41%", "2013-06-30": "7.39%", "2013-03-31": "7.56%", "2012-12-31": "7.62%", "2012-09-30": "7.67%", "2012-06-30": "7.98%", "2012-03-31": "7.97%", "2011-12-31": "7.71%", "2011-09-30": "7.50%", "2011-06-30": "7.02%", "2011-03-31": "6.56%", "2010-12-31": "6.36%", "2010-09-30": "6.17%", "2010-06-30": "6.16%", "2010-03-31": "6.37%", "2009-12-31": "6.54%", "2009-09-30": "6.71%", "2009-06-30": "6.74%", "2009-03-31": "6.66%", "2008-12-31": "6.69%", "2008-09-30": "6.66%", "2008-06-30": "6.69%", "2008-03-31": "6.74%", "2007-12-31": "6.82%", "2007-09-30": "7.11%", "2007-06-30": "7.53%", "2007-03-31": "7.86%", "2006-12-31": "8.19%", "2006-09-30": "8.56%", "2006-06-30": "8.55%", "2006-03-31": "8.61%", "2005-12-31": "8.65%"}, "ebitda margin": {"2020-12-31": "10.91%", "2020-09-30": "10.45%", "2020-06-30": "9.98%", "2020-03-31": "9.24%", "2019-12-31": "9.13%", "2019-09-30": "9.18%", "2019-06-30": "9.36%", "2019-03-31": "9.58%", "2018-12-31": "10.02%", "2018-09-30": "9.92%", "2018-06-30": "9.36%", "2018-03-31": "9.40%", "2017-12-31": "8.62%", "2017-09-30": "8.50%", "2017-06-30": "8.59%", "2017-03-31": "8.68%", "2016-12-31": "8.79%", "2016-09-30": "8.56%", "2016-06-30": "8.90%", "2016-03-31": "9.27%", "2015-12-31": "9.38%", "2015-09-30": "9.24%", "2015-06-30": "9.20%", "2015-03-31": "8.97%", "2014-12-31": "9.02%", "2014-09-30": "9.33%", "2014-06-30": "9.12%", "2014-03-31": "8.93%", "2013-12-31": "9.03%", "2013-09-30": "8.93%", "2013-06-30": "8.85%", "2013-03-31": "9.01%", "2012-12-31": "9.06%", "2012-09-30": "9.15%", "2012-06-30": "9.49%", "2012-03-31": "9.50%", "2011-12-31": "9.28%", "2011-09-30": "9.14%", "2011-06-30": "8.69%", "2011-03-31": "8.29%", "2010-12-31": "8.16%", "2010-09-30": "7.98%", "2010-06-30": "7.97%", "2010-03-31": "8.12%", "2009-12-31": "8.25%", "2009-09-30": "8.42%", "2009-06-30": "8.53%", "2009-03-31": "8.58%", "2008-12-31": "8.67%", "2008-09-30": "8.72%", "2008-06-30": "8.76%", "2008-03-31": "8.79%", "2007-12-31": "8.94%", "2007-09-30": "9.14%", "2007-06-30": "9.60%", "2007-03-31": "9.97%", "2006-12-31": "10.18%", "2006-09-30": "10.61%", "2006-06-30": "10.54%", "2006-03-31": "10.54%", "2005-12-31": "10.66%"}, "pre tax profit margin": {"2020-12-31": "8.13%", "2020-09-30": "7.60%", "2020-06-30": "7.01%", "2020-03-31": "6.09%", "2019-12-31": "5.97%", "2019-09-30": "6.17%", "2019-06-30": "6.58%", "2019-03-31": "7.02%", "2018-12-31": "7.52%", "2018-09-30": "7.32%", "2018-06-30": "6.67%", "2018-03-31": "6.65%", "2017-12-31": "5.82%", "2017-09-30": "5.66%", "2017-06-30": "5.70%", "2017-03-31": "5.73%", "2016-12-31": "5.83%", "2016-09-30": "5.63%", "2016-06-30": "5.96%", "2016-03-31": "6.32%", "2015-12-31": "6.38%", "2015-09-30": "6.17%", "2015-06-30": "6.07%", "2015-03-31": "5.78%", "2014-12-31": "5.76%", "2014-09-30": "6.15%", "2014-06-30": "6.14%", "2014-03-31": "6.19%", "2013-12-31": "6.54%", "2013-09-30": "6.64%", "2013-06-30": "6.63%", "2013-03-31": "6.83%", "2012-12-31": "6.93%", "2012-09-30": "6.98%", "2012-06-30": "7.31%", "2012-03-31": "7.31%", "2011-12-31": "7.05%", "2011-09-30": "6.84%", "2011-06-30": "6.35%", "2011-03-31": "5.86%", "2010-12-31": "5.64%", "2010-09-30": "5.39%", "2010-06-30": "5.33%", "2010-03-31": "5.45%", "2009-12-31": "5.51%", "2009-09-30": "5.61%", "2009-06-30": "5.57%", "2009-03-31": "5.19%", "2008-12-31": "5.27%", "2008-09-30": "5.27%", "2008-06-30": "5.37%", "2008-03-31": "5.82%", "2007-12-31": "5.93%", "2007-09-30": "6.23%", "2007-06-30": "6.50%", "2007-03-31": "6.70%", "2006-12-31": "6.95%", "2006-09-30": "7.33%", "2006-06-30": "7.52%", "2006-03-31": "7.67%", "2005-12-31": "7.82%"}, "net profit margin": {"2020-12-31": "6.37%", "2020-09-30": "5.98%", "2020-06-30": "5.63%", "2020-03-31": "4.97%", "2019-12-31": "4.91%", "2019-09-30": "4.92%", "2019-06-30": "5.33%", "2019-03-31": "5.60%", "2018-12-31": "5.69%", "2018-09-30": "7.43%", "2018-06-30": "6.74%", "2018-03-31": "6.61%", "2017-12-31": "6.12%", "2017-09-30": "3.85%", "2017-06-30": "3.74%", "2017-03-31": "3.76%", "2016-12-31": "3.72%", "2016-09-30": "3.63%", "2016-06-30": "3.82%", "2016-03-31": "4.01%", "2015-12-31": "4.05%", "2015-09-30": "3.91%", "2015-06-30": "3.80%", "2015-03-31": "3.64%", "2014-12-31": "3.61%", "2014-09-30": "3.81%", "2014-06-30": "3.82%", "2014-03-31": "3.84%", "2013-12-31": "4.03%", "2013-09-30": "4.12%", "2013-06-30": "4.13%", "2013-03-31": "4.22%", "2012-12-31": "4.28%", "2012-09-30": "4.26%", "2012-06-30": "4.43%", "2012-03-31": "4.49%", "2011-12-31": "4.37%", "2011-09-30": "4.28%", "2011-06-30": "4.03%", "2011-03-31": "3.70%", "2010-12-31": "3.57%", "2010-09-30": "3.45%", "2010-06-30": "3.40%", "2010-03-31": "3.43%", "2009-12-31": "3.39%", "2009-09-30": "3.34%", "2009-06-30": "3.30%", "2009-03-31": "3.05%", "2008-12-31": "3.10%", "2008-09-30": "3.13%", "2008-06-30": "3.18%", "2008-03-31": "3.50%", "2007-12-31": "3.58%", "2007-09-30": "3.80%", "2007-06-30": "4.02%", "2007-03-31": "4.17%", "2006-12-31": "4.42%", "2006-09-30": "4.67%", "2006-06-30": "4.79%", "2006-03-31": "4.92%", "2005-12-31": "4.92%"}, "pe ratio": {"current": "16.17", "2021-02-05": "22.60", "2020-12-31": "23.72", "2020-09-30": "15.65", "2020-06-30": "17.20", "2020-03-31": "19.39", "2019-12-31": "23.99", "2019-09-30": "23.08", "2019-06-30": "19.56", "2019-03-31": "17.25", "2018-12-31": "13.82", "2018-09-30": "13.77", "2018-06-30": "14.12", "2018-03-31": "12.99", "2017-12-31": "12.37", "2017-09-30": "20.71", "2017-06-30": "19.15", "2017-03-31": "17.99", "2016-12-31": "19.76", "2016-09-30": "17.31", "2016-06-30": "15.78", "2016-03-31": "18.85", "2015-12-31": "16.99", "2015-09-30": "14.12", "2015-06-30": "15.68", "2015-03-31": "18.09", "2014-12-31": "17.31", "2014-09-30": "13.32", "2014-06-30": "13.03", "2014-03-31": "13.52", "2013-12-31": "12.43", "2013-09-30": "11.15", "2013-06-30": "9.98", "2013-03-31": "9.06", "2012-12-31": "8.85", "2012-09-30": "8.57", "2012-06-30": "9.23", "2012-03-31": "10.72", "2011-12-31": "10.13", "2011-09-30": "9.81", "2011-06-30": "13.71", "2011-03-31": "14.88", "2010-12-31": "13.94", "2010-09-30": "12.57", "2010-06-30": "12.28", "2010-03-31": "14.16", "2009-12-31": "14.58", "2009-09-30": "14.63", "2009-06-30": "13.60", "2009-03-31": "12.33", "2008-12-31": "15.44", "2008-09-30": "17.77", "2008-06-30": "16.77", "2008-03-31": "17.32", "2007-12-31": "17.98", "2007-09-30": "20.35", "2007-06-30": "19.46", "2007-03-31": "18.38", "2006-12-31": "21.32"}, "price sales": {"2021-02-05": "1.03", "2020-12-31": "1.08", "2020-09-30": "0.93", "2020-06-30": "0.97", "2020-03-31": "0.96", "2019-12-31": "1.18", "2019-09-30": "1.13", "2019-06-30": "1.04", "2019-03-31": "0.96", "2018-12-31": "0.79", "2018-09-30": "1.02", "2018-06-30": "0.95", "2018-03-31": "0.86", "2017-12-31": "0.76", "2017-09-30": "0.80", "2017-06-30": "0.72", "2017-03-31": "0.68", "2016-12-31": "0.73", "2016-09-30": "0.63", "2016-06-30": "0.60", "2016-03-31": "0.75", "2015-12-31": "0.68", "2015-09-30": "0.55", "2015-06-30": "0.59", "2015-03-31": "0.66", "2014-12-31": "0.62", "2014-09-30": "0.51", "2014-06-30": "0.50", "2014-03-31": "0.52", "2013-12-31": "0.50", "2013-09-30": "0.46", "2013-06-30": "0.41", "2013-03-31": "0.38", "2012-12-31": "0.38", "2012-09-30": "0.37", "2012-06-30": "0.41", "2012-03-31": "0.48", "2011-12-31": "0.44", "2011-09-30": "0.42", "2011-06-30": "0.55", "2011-03-31": "0.55", "2010-12-31": "0.49", "2010-09-30": "0.43", "2010-06-30": "0.41", "2010-03-31": "0.49", "2009-12-31": "0.51", "2009-09-30": "0.51", "2009-06-30": "0.48", "2009-03-31": "0.42", "2008-12-31": "0.53", "2008-09-30": "0.61", "2008-06-30": "0.58", "2008-03-31": "0.61", "2007-12-31": "0.65", "2007-09-30": "0.79", "2007-06-30": "0.79", "2007-03-31": "0.77", "2006-12-31": "0.95"}, "price book": {"current": "2.08", "2021-02-05": "2.08", "2020-12-31": "2.18", "2020-09-30": "1.93", "2020-06-30": "2.04", "2020-03-31": "2.07", "2019-12-31": "2.50", "2019-09-30": "2.38", "2019-06-30": "2.15", "2019-03-31": "1.94", "2018-12-31": "1.59", "2018-09-30": "2.09", "2018-06-30": "1.98", "2018-03-31": "1.82", "2017-12-31": "1.64", "2017-09-30": "1.87", "2017-06-30": "1.71", "2017-03-31": "1.65", "2016-12-31": "1.79", "2016-09-30": "1.49", "2016-06-30": "1.37", "2016-03-31": "1.65", "2015-12-31": "1.46", "2015-09-30": "1.19", "2015-06-30": "1.32", "2015-03-31": "1.52", "2014-12-31": "1.48", "2014-09-30": "1.22", "2014-06-30": "1.21", "2014-03-31": "1.31", "2013-12-31": "1.33", "2013-09-30": "1.30", "2013-06-30": "1.22", "2013-03-31": "1.15", "2012-12-31": "1.12", "2012-09-30": "1.08", "2012-06-30": "1.16", "2012-03-31": "1.34", "2011-12-31": "1.25", "2011-09-30": "1.16", "2011-06-30": "1.45", "2011-03-31": "1.47", "2010-12-31": "1.32", "2010-09-30": "1.14", "2010-06-30": "1.10", "2010-03-31": "1.31", "2009-12-31": "1.34", "2009-09-30": "1.34", "2009-06-30": "1.24", "2009-03-31": "1.14", "2008-12-31": "1.45", "2008-09-30": "1.64", "2008-06-30": "1.51", "2008-03-31": "1.55", "2007-12-31": "1.56", "2007-09-30": "1.83", "2007-06-30": "1.80", "2007-03-31": "1.74", "2006-12-31": "2.17", "2006-09-30": "2.19", "2006-06-30": "2.40", "2006-03-31": "2.84"}, "price fcf": {"2021-02-05": "", "2020-12-31": "$23.58", "2020-09-30": "$20.66", "2020-06-30": "$17.52", "2020-03-31": "$15.19", "2019-12-31": "$22.88", "2019-09-30": "$20.24", "2019-06-30": "$19.98", "2019-03-31": "$19.10", "2018-12-31": "$10.73", "2018-09-30": "$11.12", "2018-06-30": "$11.08", "2018-03-31": "$10.94", "2017-12-31": "$10.12", "2017-09-30": "$10.49", "2017-06-30": "$9.49", "2017-03-31": "$9.07", "2016-12-31": "$8.30", "2016-09-30": "$7.78", "2016-06-30": "$8.94", "2016-03-31": "$8.46", "2015-12-31": "$10.22", "2015-09-30": "$7.12", "2015-06-30": "$8.59", "2015-03-31": "$9.52", "2014-12-31": "$9.54", "2014-09-30": "$11.00", "2014-06-30": "$7.48", "2014-03-31": "$9.27", "2013-12-31": "$7.62", "2013-09-30": "$9.84", "2013-06-30": "$9.79", "2013-03-31": "$3.39", "2012-12-31": "$3.17", "2012-09-30": "$1.54", "2012-06-30": "$2.38", "2012-03-31": "$7.27", "2011-12-31": "$7.76", "2011-09-30": "$8.56", "2011-06-30": "$6.93", "2011-03-31": "$7.11", "2010-12-31": "$6.45", "2010-09-30": "$4.87", "2010-06-30": "$6.09", "2010-03-31": "$5.09", "2009-12-31": "$5.92", "2009-09-30": "$5.49", "2009-06-30": "$4.55", "2009-03-31": "$5.36", "2008-12-31": "$4.82", "2008-09-30": "$4.58", "2008-06-30": "$4.79", "2008-03-31": "$3.69", "2007-12-31": "$3.28", "2007-09-30": "$4.47", "2007-06-30": "$5.12", "2007-03-31": "$4.03", "2006-12-31": "$5.24"}, "net worth": {"value": "$5.99B"}, "current ratio": {"current": "1.29", "2020-12-31": "1.29", "2020-09-30": "1.46", "2020-06-30": "1.41", "2020-03-31": "1.38", "2019-12-31": "1.33", "2019-09-30": "1.35", "2019-06-30": "1.49", "2019-03-31": "1.54", "2018-12-31": "1.82", "2018-09-30": "1.76", "2018-06-30": "1.73", "2018-03-31": "1.52", "2017-12-31": "1.55", "2017-09-30": "1.53", "2017-06-30": "1.67", "2017-03-31": "1.64", "2016-12-31": "1.72", "2016-09-30": "1.71", "2016-06-30": "1.63", "2016-03-31": "1.61", "2015-12-31": "1.69", "2015-09-30": "1.65", "2015-06-30": "1.67", "2015-03-31": "1.54", "2014-12-31": "1.68", "2014-09-30": "1.69", "2014-06-30": "1.74", "2014-03-31": "1.58", "2013-12-31": "1.76", "2013-09-30": "1.07", "2013-06-30": "0.98", "2013-03-31": "1.68", "2012-12-31": "1.60", "2012-09-30": "1.53", "2012-06-30": "1.41", "2012-03-31": "1.65", "2011-12-31": "1.62", "2011-09-30": "1.50", "2011-06-30": "1.79", "2011-03-31": "1.64", "2010-12-31": "1.61", "2010-09-30": "1.41", "2010-06-30": "1.28", "2010-03-31": "2.16", "2009-12-31": "2.08", "2009-09-30": "2.18", "2009-06-30": "2.28", "2009-03-31": "2.35", "2008-12-31": "2.34", "2008-09-30": "2.19", "2008-06-30": "2.08", "2008-03-31": "1.93", "2007-12-31": "1.93", "2007-09-30": "2.65", "2007-06-30": "2.40", "2007-03-31": "2.47", "2006-12-31": "2.31", "2006-09-30": "2.12", "2006-06-30": "2.13", "2006-03-31": "2.21", "2005-12-31": "2.71", "2005-09-30": "2.59", "2005-06-30": "2.36", "2005-03-31": "2.42"}, "quick ratio": {"2020-12-31": "0.00", "2020-09-30": "0.00", "2020-06-30": "0.00", "2020-03-31": "0.00", "2019-12-31": "0.00", "2019-09-30": "0.00", "2019-06-30": "0.00", "2019-03-31": "0.00", "2018-12-31": "0.00", "2018-09-30": "0.00", "2018-06-30": "0.00", "2018-03-31": "0.00", "2017-12-31": "0.00", "2017-09-30": "0.00", "2017-06-30": "0.00", "2017-03-31": "0.00", "2016-12-31": "0.00", "2016-09-30": "0.00", "2016-06-30": "0.00", "2016-03-31": "0.00", "2015-12-31": "0.00", "2015-09-30": "0.00", "2015-06-30": "0.00", "2015-03-31": "0.00", "2014-12-31": "0.00", "2014-09-30": "0.00", "2014-06-30": "0.00", "2014-03-31": "0.00", "2013-12-31": "0.00", "2013-09-30": "0.00", "2013-06-30": "0.00", "2013-03-31": "0.00", "2012-12-31": "0.00", "2012-09-30": "0.00", "2012-06-30": "0.00", "2012-03-31": "0.00", "2011-12-31": "0.00", "2011-09-30": "0.00", "2011-06-30": "0.00", "2011-03-31": "0.00", "2010-12-31": "0.00", "2010-09-30": "0.00", "2010-06-30": "0.00", "2010-03-31": "0.00", "2009-12-31": "0.00", "2009-09-30": "0.00", "2009-06-30": "0.00", "2009-03-31": "0.00", "2008-12-31": "0.00", "2008-09-30": "0.00", "2008-06-30": "0.00", "2008-03-31": "0.00", "2007-12-31": "0.00", "2007-09-30": "0.00", "2007-06-30": "0.00", "2007-03-31": "0.00", "2006-12-31": "0.00", "2006-09-30": "0.00", "2006-06-30": "0.00", "2006-03-31": "0.00", "2005-12-31": "0.00", "2005-09-30": "0.00", "2005-06-30": "0.00", "2005-03-31": "0.00"}, "debt equity ratio": {"current": "0.48", "2020-12-31": "1.03", "2020-09-30": "1.15", "2020-06-30": "1.08", "2020-03-31": "1.16", "2019-12-31": "1.20", "2019-09-30": "1.24", "2019-06-30": "1.15", "2019-03-31": "1.20", "2018-12-31": "0.90", "2018-09-30": "0.94", "2018-06-30": "0.92", "2018-03-31": "0.97", "2017-12-31": "1.01", "2017-09-30": "1.16", "2017-06-30": "1.18", "2017-03-31": "1.24", "2016-12-31": "1.30", "2016-09-30": "1.38", "2016-06-30": "1.48", "2016-03-31": "1.53", "2015-12-31": "1.11", "2015-09-30": "1.12", "2015-06-30": "1.19", "2015-03-31": "1.29", "2014-12-31": "1.35", "2014-09-30": "1.40", "2014-06-30": "1.47", "2014-03-31": "1.57", "2013-12-31": "1.74", "2013-09-30": "1.05", "2013-06-30": "1.07", "2013-03-31": "1.17", "2012-12-31": "1.22", "2012-09-30": "1.23", "2012-06-30": "1.05", "2012-03-31": "0.99", "2011-12-31": "1.03", "2011-09-30": "1.02", "2011-06-30": "0.77", "2011-03-31": "0.80", "2010-12-31": "0.79", "2010-09-30": "0.78", "2010-06-30": "0.91", "2010-03-31": "0.92", "2009-12-31": "0.94", "2009-09-30": "0.90", "2009-06-30": "0.95", "2009-03-31": "1.02", "2008-12-31": "1.02", "2008-09-30": "1.06", "2008-06-30": "1.07", "2008-03-31": "1.10", "2007-12-31": "1.11", "2007-09-30": "1.14", "2007-06-30": "1.20", "2007-03-31": "0.72", "2006-12-31": "0.75", "2006-09-30": "0.78", "2006-06-30": "0.84", "2006-03-31": "0.88", "2005-12-31": "0.84", "2005-09-30": "0.89", "2005-06-30": "0.94", "2005-03-31": "0.98"}, "return on equity": {"2020-12-31": "13.79%", "2020-09-30": "13.25%", "2020-06-30": "12.68%", "2020-03-31": "11.27%", "2019-12-31": "11.00%", "2019-09-30": "10.87%", "2019-06-30": "11.63%", "2019-03-31": "12.07%", "2018-12-31": "12.26%", "2018-09-30": "16.21%", "2018-06-30": "15.08%", "2018-03-31": "15.27%", "2017-12-31": "14.63%", "2017-09-30": "9.52%", "2017-06-30": "9.49%", "2017-03-31": "9.75%", "2016-12-31": "9.63%", "2016-09-30": "9.11%", "2016-06-30": "9.18%", "2016-03-31": "9.17%", "2015-12-31": "9.06%", "2015-09-30": "8.93%", "2015-06-30": "8.85%", "2015-03-31": "8.75%", "2014-12-31": "9.07%", "2014-09-30": "10.02%", "2014-06-30": "10.44%", "2014-03-31": "10.83%", "2013-12-31": "11.75%", "2013-09-30": "12.56%", "2013-06-30": "13.25%", "2013-03-31": "13.81%", "2012-12-31": "13.84%", "2012-09-30": "13.76%", "2012-06-30": "14.12%", "2012-03-31": "13.95%", "2011-12-31": "13.47%", "2011-09-30": "12.70%", "2011-06-30": "11.53%", "2011-03-31": "10.54%", "2010-12-31": "10.07%", "2010-09-30": "9.75%", "2010-06-30": "9.59%", "2010-03-31": "9.63%", "2009-12-31": "9.54%", "2009-09-30": "9.45%", "2009-06-30": "9.39%", "2009-03-31": "8.70%", "2008-12-31": "8.88%", "2008-09-30": "8.82%", "2008-06-30": "8.79%", "2008-03-31": "9.41%", "2007-12-31": "9.09%", "2007-09-30": "9.38%", "2007-06-30": "9.71%", "2007-03-31": "10.05%", "2006-12-31": "10.87%", "2006-09-30": "11.62%", "2006-06-30": "12.12%", "2006-03-31": "12.68%", "2005-12-31": "13.10%"}, "return on assets": {"2020-12-31": "6.55%", "2020-09-30": "6.17%", "2020-06-30": "5.84%", "2020-03-31": "5.15%", "2019-12-31": "5.00%", "2019-09-30": "5.11%", "2019-06-30": "5.67%", "2019-03-31": "6.05%", "2018-12-31": "6.35%", "2018-09-30": "8.29%", "2018-06-30": "7.51%", "2018-03-31": "7.37%", "2017-12-31": "6.83%", "2017-09-30": "4.29%", "2017-06-30": "4.18%", "2017-03-31": "4.16%", "2016-12-31": "3.98%", "2016-09-30": "3.83%", "2016-06-30": "3.97%", "2016-03-31": "4.09%", "2015-12-31": "4.16%", "2015-09-30": "4.00%", "2015-06-30": "3.84%", "2015-03-31": "3.68%", "2014-12-31": "3.71%", "2014-09-30": "3.94%", "2014-06-30": "4.24%", "2014-03-31": "4.58%", "2013-12-31": "5.20%", "2013-09-30": "5.92%", "2013-06-30": "6.11%", "2013-03-31": "6.38%", "2012-12-31": "6.54%", "2012-09-30": "6.64%", "2012-06-30": "6.98%", "2012-03-31": "7.15%", "2011-12-31": "7.09%", "2011-09-30": "6.90%", "2011-06-30": "6.46%", "2011-03-31": "5.79%", "2010-12-31": "5.45%", "2010-09-30": "5.16%", "2010-06-30": "4.99%", "2010-03-31": "4.99%", "2009-12-31": "4.89%", "2009-09-30": "4.80%", "2009-06-30": "4.67%", "2009-03-31": "4.26%", "2008-12-31": "4.30%", "2008-09-30": "4.23%", "2008-06-30": "4.17%", "2008-03-31": "4.40%", "2007-12-31": "4.45%", "2007-09-30": "4.80%", "2007-06-30": "5.21%", "2007-03-31": "5.68%", "2006-12-31": "6.02%", "2006-09-30": "6.35%", "2006-06-30": "6.52%", "2006-03-31": "6.73%", "2005-12-31": "6.86%"}, "return on investments": {"2020-12-31": "12.59%", "2020-09-30": "11.97%", "2020-06-30": "11.39%", "2020-03-31": "10.09%", "2019-12-31": "9.61%", "2019-09-30": "9.90%", "2019-06-30": "10.40%", "2019-03-31": "11.03%", "2018-12-31": "12.21%", "2018-09-30": "11.97%", "2018-06-30": "11.18%", "2018-03-31": "11.32%", "2017-12-31": "10.13%", "2017-09-30": "9.92%", "2017-06-30": "9.97%", "2017-03-31": "9.97%", "2016-12-31": "9.84%", "2016-09-30": "9.39%", "2016-06-30": "9.66%", "2016-03-31": "9.89%", "2015-12-31": "10.03%", "2015-09-30": "9.72%", "2015-06-30": "9.43%", "2015-03-31": "9.11%", "2014-12-31": "9.28%", "2014-09-30": "9.82%", "2014-06-30": "10.89%", "2014-03-31": "12.26%", "2013-12-31": "13.88%", "2013-09-30": "15.91%", "2013-06-30": "15.69%", "2013-03-31": "15.79%", "2012-12-31": "16.09%", "2012-09-30": "16.49%", "2012-06-30": "17.34%", "2012-03-31": "17.35%", "2011-12-31": "17.07%", "2011-09-30": "16.47%", "2011-06-30": "15.56%", "2011-03-31": "14.72%", "2010-12-31": "13.76%", "2010-09-30": "13.01%", "2010-06-30": "12.34%", "2010-03-31": "11.94%", "2009-12-31": "11.94%", "2009-09-30": "11.92%", "2009-06-30": "11.66%", "2009-03-31": "11.30%", "2008-12-31": "11.30%", "2008-09-30": "10.97%", "2008-06-30": "10.72%", "2008-03-31": "10.37%", "2007-12-31": "10.38%", "2007-09-30": "11.02%", "2007-06-30": "12.01%", "2007-03-31": "13.17%", "2006-12-31": "13.74%", "2006-09-30": "14.32%", "2006-06-30": "14.33%", "2006-03-31": "14.55%", "2005-12-31": "14.96%"}, "return on tangible equity": {"2020-12-31": "-29.69%", "2020-09-30": "-27.11%", "2020-06-30": "-25.29%", "2020-03-31": "-20.82%", "2019-12-31": "-19.21%", "2019-09-30": "-21.20%", "2019-06-30": "-25.40%", "2019-03-31": "-30.25%", "2018-12-31": "-36.45%", "2018-09-30": "-43.13%", "2018-06-30": "-35.46%", "2018-03-31": "-32.04%", "2017-12-31": "-27.29%", "2017-09-30": "-16.00%", "2017-06-30": "-14.72%", "2017-03-31": "-13.98%", "2016-12-31": "-12.80%", "2016-09-30": "-12.55%", "2016-06-30": "-13.32%", "2016-03-31": "-14.20%", "2015-12-31": "-15.13%", "2015-09-30": "-14.00%", "2015-06-30": "-13.06%", "2015-03-31": "-12.16%", "2014-12-31": "-11.88%", "2014-09-30": "-12.35%", "2014-06-30": "-14.88%", "2014-03-31": "-18.46%", "2013-12-31": "-25.20%", "2013-09-30": "-37.09%", "2013-06-30": "-35.00%", "2013-03-31": "-36.51%", "2012-12-31": "-40.46%", "2012-09-30": "-44.72%", "2012-06-30": "-51.35%", "2012-03-31": "-67.39%", "2011-12-31": "-78.20%", "2011-09-30": "-94.29%", "2011-06-30": "-138.46%", "2011-03-31": "-114.29%", "2010-12-31": "-99.79%", "2010-09-30": "-89.42%", "2010-06-30": "-79.55%", "2010-03-31": "-70.15%", "2009-12-31": "-60.74%", "2009-09-30": "-52.81%", "2009-06-30": "-41.62%", "2009-03-31": "-32.76%", "2008-12-31": "-30.17%", "2008-09-30": "-27.31%", "2008-06-30": "-30.43%", "2008-03-31": "-36.20%", "2007-12-31": "-52.69%", "2007-09-30": "-110.00%", "2007-06-30": "-145.12%", "2007-03-31": "-205.19%", "2006-12-31": "-140.77%", "2006-09-30": "-173.20%", "2006-06-30": "-280.00%", "2006-03-31": "-685.71%", "2005-12-31": "-948.57%"}, "dividend yield history": {"last payout": "$0.00", "last yield": "0.00%"}}