{"ticker": "CZR", "price": {"title": "Caesars Entertainment Historical Annual Stock Price Data", "value": 82.88, "historical": {"2020": {"Average Stock Price": "45.3526", "Year Open": "59.5100", "Year High": "77.0600", "Year Low": "7.1000", "Year Close": "74.2700", "Annual % Change": "24.53%"}, "2019": {"Average Stock Price": "46.6539", "Year Open": "37.9500", "Year High": "59.6400", "Year Low": "35.4200", "Year Close": "59.6400", "Annual % Change": "64.71%"}, "2018": {"Average Stock Price": "40.0309", "Year Open": "31.6500", "Year High": "49.7500", "Year Low": "30.1500", "Year Close": "36.2100", "Annual % Change": "9.23%"}, "2017": {"Average Stock Price": "22.0514", "Year Open": "17.0500", "Year High": "33.9500", "Year Low": "15.1000", "Year Close": "33.1500", "Annual % Change": "95.58%"}, "2016": {"Average Stock Price": "13.1422", "Year Open": "10.5900", "Year High": "16.9500", "Year Low": "9.1700", "Year Close": "16.9500", "Annual % Change": "54.09%"}, "2015": {"Average Stock Price": "7.6766", "Year Open": "4.0400", "Year High": "11.4000", "Year Low": "3.8900", "Year Close": "11.0000", "Annual % Change": "171.60%"}, "2014": {"Average Stock Price": "4.1772", "Year Open": "4.3500", "Year High": "4.4000", "Year Low": "3.9600", "Year Close": "4.0500", "Annual % Change": "0.00%"}}}, "market cap": {"value": "$17.26B"}, "income statement": {"Revenue": {"2019-12-31": "2528.24900", "2018-12-31": "2056.00700", "2017-12-31": "1480.79800", "2016-12-31": "900.46500", "2015-12-31": "719.78400", "2014-12-31": "361.82300", "2013-12-31": "247.18600", "2012-12-31": "254.74000", "2011-12-31": "256.07200"}, "Cost Of Goods Sold": {"2019-12-31": "1140.21100", "2018-12-31": "1016.91600", "2017-12-31": "781.51200", "2016-12-31": "516.03000", "2015-12-31": "431.45800", "2014-12-31": "216.15000", "2013-12-31": "138.78600", "2012-12-31": "141.15900", "2011-12-31": "160.24200"}, "Gross Profit": {"2019-12-31": "1388.03800", "2018-12-31": "1039.09100", "2017-12-31": "699.28590", "2016-12-31": "384.43500", "2015-12-31": "288.32600", "2014-12-31": "145.67300", "2013-12-31": "108.40000", "2012-12-31": "113.58100", "2011-12-31": "95.83000"}, "Research And Development Expenses": {"2019-12-31": "", "2018-12-31": "", "2017-12-31": "", "2016-12-31": "", "2015-12-31": "", "2014-12-31": "", "2013-12-31": "", "2012-12-31": "", "2011-12-31": ""}, "SG&A Expenses": {"2019-12-31": "606.12400", "2018-12-31": "455.75900", "2017-12-31": "324.21100", "2016-12-31": "171.61000", "2015-12-31": "128.09700", "2014-12-31": "80.72000", "2013-12-31": "61.45300", "2012-12-31": "63.66000", "2011-12-31": "47.91900"}, "Other Operating Income Or Expenses": {"2019-12-31": "-149.45800", "2018-12-31": "-102.19800", "2017-12-31": "-136.35800", "2016-12-31": "-60.67600", "2015-12-31": "-28.34000", "2014-12-31": "-11.34400", "2013-12-31": "-4.16100", "2012-12-31": "-16.42900", "2011-12-31": "-41.20500"}, "Operating Expenses": {"2019-12-31": "2118.27600", "2018-12-31": "1745.90400", "2017-12-31": "1385.98800", "2016-12-31": "811.76500", "2015-12-31": "647.26800", "2014-12-31": "344.26800", "2013-12-31": "224.60400", "2012-12-31": "238.89900", "2011-12-31": "269.14600"}, "Operating Income": {"2019-12-31": "409.97290", "2018-12-31": "310.10300", "2017-12-31": "94.80990", "2016-12-31": "88.70000", "2015-12-31": "72.51600", "2014-12-31": "17.55500", "2013-12-31": "22.58200", "2012-12-31": "15.84100", "2011-12-31": "-13.07400"}, "Total Non-Operating Income/Expense": {"2019-12-31": "-284.99500", "2018-12-31": "-174.48100", "2017-12-31": "-138.19900", "2016-12-31": "-51.07200", "2015-12-31": "-27.91300", "2014-12-31": "-30.10900", "2013-12-31": "-3.68500", "2012-12-31": "-16.83200", "2011-12-31": "-15.94600"}, "Pre-Tax Income": {"2019-12-31": "124.97800", "2018-12-31": "135.62200", "2017-12-31": "-43.38900", "2016-12-31": "37.62800", "2015-12-31": "44.60300", "2014-12-31": "-12.55400", "2013-12-31": "18.89700", "2012-12-31": "-0.99100", "2011-12-31": "-29.02000"}, "Income Taxes": {"2019-12-31": "43.97700", "2018-12-31": "40.38700", "2017-12-31": "-116.76900", "2016-12-31": "13.10100", "2015-12-31": "-69.58000", "2014-12-31": "1.76800", "2013-12-31": "", "2012-12-31": "", "2011-12-31": ""}, "Income After Taxes": {"2019-12-31": "81.00100", "2018-12-31": "95.23500", "2017-12-31": "73.38000", "2016-12-31": "24.52700", "2015-12-31": "114.18300", "2014-12-31": "-14.32200", "2013-12-31": "18.89700", "2012-12-31": "-0.99100", "2011-12-31": "-29.02000"}, "Other Income": {"2019-12-31": "", "2018-12-31": "", "2017-12-31": "", "2016-12-31": "", "2015-12-31": "", "2014-12-31": "", "2013-12-31": "", "2012-12-31": "", "2011-12-31": ""}, "Income From Continuous Operations": {"2019-12-31": "81.00100", "2018-12-31": "95.23500", "2017-12-31": "73.38000", "2016-12-31": "24.52700", "2015-12-31": "114.18300", "2014-12-31": "-14.32200", "2013-12-31": "18.89700", "2012-12-31": "-0.99100", "2011-12-31": "-29.02000"}, "Income From Discontinued Operations": {"2019-12-31": "", "2018-12-31": "", "2017-12-31": "", "2016-12-31": "", "2015-12-31": "", "2014-12-31": "", "2013-12-31": "", "2012-12-31": "", "2011-12-31": ""}, "Net Income": {"2019-12-31": "81.00100", "2018-12-31": "95.23500", "2017-12-31": "73.38000", "2016-12-31": "24.52700", "2015-12-31": "114.18300", "2014-12-31": "-14.42500", "2013-12-31": "18.89700", "2012-12-31": "-0.99100", "2011-12-31": "-24.21300"}, "EBITDA": {"2019-12-31": "653.81890", "2018-12-31": "489.98400", "2017-12-31": "245.00590", "2016-12-31": "155.66900", "2015-12-31": "125.06500", "2014-12-31": "43.93700", "2013-12-31": "40.46700", "2012-12-31": "34.49800", "2011-12-31": "7.30700"}, "EBIT": {"2019-12-31": "409.97290", "2018-12-31": "310.10300", "2017-12-31": "94.80990", "2016-12-31": "88.70000", "2015-12-31": "72.51600", "2014-12-31": "17.55500", "2013-12-31": "22.58200", "2012-12-31": "15.84100", "2011-12-31": "-13.07400"}, "Basic Shares Outstanding": {"2019-12-31": "77.67700", "2018-12-31": "77.45900", "2017-12-31": "67.13400", "2016-12-31": "47.03300", "2015-12-31": "46.55000", "2014-12-31": "29.90100", "2013-12-31": "23.31100", "2012-12-31": "23.31150", "2011-12-31": ""}, "Shares Outstanding": {"2019-12-31": "78.59400", "2018-12-31": "78.28200", "2017-12-31": "68.10300", "2016-12-31": "47.70200", "2015-12-31": "47.00900", "2014-12-31": "29.90100", "2013-12-31": "23.31100", "2012-12-31": "23.31150", "2011-12-31": ""}, "Basic EPS": {"2019-12-31": "1.04000", "2018-12-31": "1.23000", "2017-12-31": "1.09000", "2016-12-31": "0.52000", "2015-12-31": "2.45000", "2014-12-31": "-0.48000", "2013-12-31": "0.81000", "2012-12-31": "-0.04000", "2011-12-31": ""}, "EPS - Earnings Per Share": {"2019-12-31": "1.03000", "2018-12-31": "1.22000", "2017-12-31": "1.08000", "2016-12-31": "0.51000", "2015-12-31": "2.43000", "2014-12-31": "-0.48000", "2013-12-31": "0.81000", "2012-12-31": "-0.04000", "2011-12-31": "0.00000"}}, "income statement, quarterly": {"Revenue": {"2020-09-30": "1377.00000", "2020-06-30": "126.47000", "2020-03-31": "473.06900", "2019-12-31": "592.30510", "2019-09-30": "663.00000", "2019-06-30": "637.12100", "2019-03-31": "635.82300", "2018-12-31": "671.76010", "2018-09-30": "487.25300", "2018-06-30": "456.80200", "2018-03-31": "440.19200", "2017-12-31": "429.90090", "2017-09-30": "472.87800", "2017-06-30": "375.62600", "2017-03-31": "202.39300", "2016-12-31": "214.01900", "2016-09-30": "241.56500", "2016-06-30": "231.31500", "2016-03-31": "213.56600", "2015-12-31": "186.16000", "2015-09-30": "183.54000", "2015-06-30": "182.63300", "2015-03-31": "167.45100", "2014-12-31": "164.09500", "2014-09-30": "78.94900", "2014-06-30": "61.74900", "2014-03-31": "57.03000", "2013-12-31": "", "2013-09-30": "63.63100", "2013-03-31": "62.17900", "2012-12-31": "", "2011-12-31": ""}, "Cost Of Goods Sold": {"2020-09-30": "615.00000", "2020-06-30": "57.45000", "2020-03-31": "234.67900", "2019-12-31": "241.99700", "2019-09-30": "316.00000", "2019-06-30": "287.87300", "2019-03-31": "294.34100", "2018-12-31": "322.25290", "2018-09-30": "239.42000", "2018-06-30": "228.41000", "2018-03-31": "226.83300", "2017-12-31": "225.70500", "2017-09-30": "240.71200", "2017-06-30": "198.81000", "2017-03-31": "116.28500", "2016-12-31": "123.74000", "2016-09-30": "135.78000", "2016-06-30": "132.06700", "2016-03-31": "124.44300", "2015-12-31": "111.53500", "2015-09-30": "108.82400", "2015-06-30": "108.47400", "2015-03-31": "102.62500", "2014-12-31": "102.89400", "2014-09-30": "45.68700", "2014-06-30": "34.62900", "2014-03-31": "32.94000", "2013-12-31": "", "2013-09-30": "35.32600", "2013-03-31": "38.62900", "2012-12-31": "", "2011-12-31": ""}, "Gross Profit": {"2020-09-30": "762.00000", "2020-06-30": "69.02000", "2020-03-31": "238.39000", "2019-12-31": "350.30800", "2019-09-30": "347.00000", "2019-06-30": "349.24800", "2019-03-31": "341.48200", "2018-12-31": "349.50720", "2018-09-30": "247.83300", "2018-06-30": "228.39200", "2018-03-31": "213.35900", "2017-12-31": "204.19590", "2017-09-30": "232.16600", "2017-06-30": "176.81600", "2017-03-31": "86.10800", "2016-12-31": "90.27900", "2016-09-30": "105.78500", "2016-06-30": "99.24800", "2016-03-31": "89.12300", "2015-12-31": "74.62510", "2015-09-30": "74.71600", "2015-06-30": "74.15900", "2015-03-31": "64.82600", "2014-12-31": "61.20100", "2014-09-30": "33.26200", "2014-06-30": "27.12000", "2014-03-31": "24.09000", "2013-12-31": "", "2013-09-30": "28.30500", "2013-03-31": "23.55000", "2012-12-31": "", "2011-12-31": ""}, "Research And Development Expenses": {"2020-09-30": "", "2020-06-30": "", "2020-03-31": "", "2019-12-31": "", "2019-09-30": "", "2019-06-30": "", "2019-03-31": "", "2018-12-31": "", "2018-09-30": "", "2018-06-30": "", "2018-03-31": "", "2017-12-31": "", "2017-09-30": "", "2017-06-30": "", "2017-03-31": "", "2016-12-31": "", "2016-09-30": "", "2016-06-30": "", "2016-03-31": "", "2015-12-31": "", "2015-09-30": "", "2015-06-30": "", "2015-03-31": "", "2014-12-31": "", "2014-09-30": "", "2014-06-30": "", "2014-03-31": "", "2013-12-31": "", "2013-09-30": "", "2013-03-31": "", "2012-12-31": "", "2011-12-31": ""}, "SG&A Expenses": {"2020-09-30": "330.00000", "2020-06-30": "69.96700", "2020-03-31": "116.62800", "2019-12-31": "174.42400", "2019-09-30": "130.00000", "2019-06-30": "149.51100", "2019-03-31": "152.18900", "2018-12-31": "165.95800", "2018-09-30": "98.72100", "2018-06-30": "95.57700", "2018-03-31": "95.50300", "2017-12-31": "97.77500", "2017-09-30": "102.08900", "2017-06-30": "82.41800", "2017-03-31": "41.92900", "2016-12-31": "42.81800", "2016-09-30": "45.41700", "2016-06-30": "42.14600", "2016-03-31": "41.22900", "2015-12-31": "35.89400", "2015-09-30": "31.10100", "2015-06-30": "30.45700", "2015-03-31": "30.64500", "2014-12-31": "30.55700", "2014-09-30": "19.64900", "2014-06-30": "15.56500", "2014-03-31": "14.94900", "2013-12-31": "", "2013-09-30": "15.71000", "2013-03-31": "11.58200", "2012-12-31": "", "2011-12-31": ""}, "Other Operating Income Or Expenses": {"2020-09-30": "-361.00000", "2020-06-30": "-28.44100", "2020-03-31": "-33.75100", "2019-12-31": "-62.83000", "2019-09-30": "-39.00000", "2019-06-30": "-40.65400", "2019-03-31": "-6.97400", "2018-12-31": "-38.59800", "2018-09-30": "-17.79600", "2018-06-30": "-23.49100", "2018-03-31": "-22.31300", "2017-12-31": "-2.39200", "2017-09-30": "-19.46300", "2017-06-30": "-99.95600", "2017-03-31": "-14.54700", "2016-12-31": "-24.26200", "2016-09-30": "-11.69900", "2016-06-30": "-11.80800", "2016-03-31": "-12.90700", "2015-12-31": "-9.24800", "2015-09-30": "-5.18900", "2015-06-30": "-6.35900", "2015-03-31": "-7.54400", "2014-12-31": "-8.61300", "2014-09-30": "-1.08900", "2014-06-30": "0.38700", "2014-03-31": "-2.02900", "2013-12-31": "", "2013-09-30": "0.21000", "2013-03-31": "-1.60300", "2012-12-31": "", "2011-12-31": ""}, "Operating Expenses": {"2020-09-30": "1529.00000", "2020-06-30": "204.79700", "2020-03-31": "596.24900", "2019-12-31": "533.48610", "2019-09-30": "538.00000", "2019-06-30": "534.57100", "2019-03-31": "512.21900", "2018-12-31": "585.03410", "2018-09-30": "395.48400", "2018-06-30": "379.38800", "2018-03-31": "385.99800", "2017-12-31": "400.14400", "2017-09-30": "391.38600", "2017-06-30": "406.09300", "2017-03-31": "188.36500", "2016-12-31": "201.34610", "2016-09-30": "213.45600", "2016-06-30": "201.66000", "2016-03-31": "195.30300", "2015-12-31": "172.87900", "2015-09-30": "159.44800", "2015-06-30": "159.57400", "2015-03-31": "155.36700", "2014-12-31": "157.64500", "2014-09-30": "76.17100", "2014-06-30": "54.97400", "2014-03-31": "55.47800", "2013-12-31": "", "2013-09-30": "56.53900", "2013-03-31": "56.15400", "2012-12-31": "", "2011-12-31": ""}, "Operating Income": {"2020-09-30": "-152.00000", "2020-06-30": "-78.32700", "2020-03-31": "-123.18000", "2019-12-31": "58.81900", "2019-09-30": "125.00000", "2019-06-30": "102.55000", "2019-03-31": "123.60400", "2018-12-31": "86.72610", "2018-09-30": "91.76900", "2018-06-30": "77.41400", "2018-03-31": "54.19400", "2017-12-31": "29.75690", "2017-09-30": "81.49190", "2017-06-30": "-30.46700", "2017-03-31": "14.02800", "2016-12-31": "12.67300", "2016-09-30": "28.10900", "2016-06-30": "29.65500", "2016-03-31": "18.26300", "2015-12-31": "13.28100", "2015-09-30": "24.09200", "2015-06-30": "23.05900", "2015-03-31": "12.08400", "2014-12-31": "6.45000", "2014-09-30": "2.77800", "2014-06-30": "6.77500", "2014-03-31": "1.55200", "2013-12-31": "", "2013-09-30": "7.09200", "2013-03-31": "6.02500", "2012-12-31": "", "2011-12-31": ""}, "Total Non-Operating Income/Expense": {"2020-09-30": "-637.00000", "2020-06-30": "-55.33000", "2020-03-31": "-89.63000", "2019-12-31": "-66.82900", "2019-09-30": "-70.00000", "2019-06-30": "-73.19600", "2019-03-31": "-74.97000", "2018-12-31": "-77.74000", "2018-09-30": "-34.08500", "2018-06-30": "-31.40500", "2018-03-31": "-31.25100", "2017-12-31": "-31.47200", "2017-09-30": "-39.21300", "2017-06-30": "-54.84400", "2017-03-31": "-12.67000", "2016-12-31": "-12.54200", "2016-09-30": "-12.58900", "2016-06-30": "-12.88400", "2016-03-31": "-13.05700", "2015-12-31": "22.82300", "2015-09-30": "-16.27200", "2015-06-30": "-17.23200", "2015-03-31": "-17.23200", "2014-12-31": "-16.71100", "2014-09-30": "-5.64700", "2014-06-30": "-3.86600", "2014-03-31": "-3.88500", "2013-12-31": "", "2013-09-30": "-3.90800", "2013-03-31": "-3.93800", "2012-12-31": "", "2011-12-31": ""}, "Pre-Tax Income": {"2020-09-30": "-789.00000", "2020-06-30": "-133.65700", "2020-03-31": "-212.81000", "2019-12-31": "-8.01000", "2019-09-30": "55.00000", "2019-06-30": "29.35400", "2019-03-31": "48.63400", "2018-12-31": "8.98600", "2018-09-30": "57.68400", "2018-06-30": "46.00900", "2018-03-31": "22.94300", "2017-12-31": "-1.71500", "2017-09-30": "42.27900", "2017-06-30": "-85.31100", "2017-03-31": "1.35800", "2016-12-31": "0.13100", "2016-09-30": "15.52000", "2016-06-30": "16.77100", "2016-03-31": "5.20600", "2015-12-31": "36.10400", "2015-09-30": "7.82000", "2015-06-30": "5.82700", "2015-03-31": "-5.14800", "2014-12-31": "-10.26100", "2014-09-30": "-2.86900", "2014-06-30": "2.90900", "2014-03-31": "-2.33300", "2013-12-31": "", "2013-09-30": "3.18400", "2013-03-31": "2.08700", "2012-12-31": "", "2011-12-31": ""}, "Income Taxes": {"2020-09-30": "135.00000", "2020-06-30": "-33.66100", "2020-03-31": "-37.17200", "2019-12-31": "5.15400", "2019-09-30": "18.00000", "2019-06-30": "10.41800", "2019-03-31": "10.40500", "2018-12-31": "9.10600", "2018-09-30": "19.98000", "2018-06-30": "9.21300", "2018-03-31": "2.08800", "2017-12-31": "-90.65300", "2017-09-30": "12.59200", "2017-06-30": "-39.12100", "2017-03-31": "0.41300", "2016-12-31": "-0.55300", "2016-09-30": "5.83800", "2016-06-30": "5.98000", "2016-03-31": "1.83600", "2015-12-31": "-74.04900", "2015-09-30": "2.42100", "2015-06-30": "1.03200", "2015-03-31": "1.01600", "2014-12-31": "0.57300", "2014-09-30": "1.19500", "2014-06-30": "", "2014-03-31": "", "2013-12-31": "", "2013-09-30": "", "2013-03-31": "", "2012-12-31": "", "2011-12-31": ""}, "Income After Taxes": {"2020-09-30": "-924.00000", "2020-06-30": "-99.99600", "2020-03-31": "-175.63800", "2019-12-31": "-13.16400", "2019-09-30": "37.00000", "2019-06-30": "18.93600", "2019-03-31": "38.22900", "2018-12-31": "-0.12000", "2018-09-30": "37.70400", "2018-06-30": "36.79600", "2018-03-31": "20.85500", "2017-12-31": "88.93800", "2017-09-30": "29.68700", "2017-06-30": "-46.19000", "2017-03-31": "0.94500", "2016-12-31": "0.68400", "2016-09-30": "9.68200", "2016-06-30": "10.79100", "2016-03-31": "3.37000", "2015-12-31": "110.15300", "2015-09-30": "5.39900", "2015-06-30": "4.79500", "2015-03-31": "-6.16400", "2014-12-31": "-10.83400", "2014-09-30": "-4.06400", "2014-06-30": "2.90900", "2014-03-31": "-2.33300", "2013-12-31": "", "2013-09-30": "3.18400", "2013-03-31": "2.08700", "2012-12-31": "", "2011-12-31": ""}, "Other Income": {"2020-09-30": "", "2020-06-30": "", "2020-03-31": "", "2019-12-31": "", "2019-09-30": "", "2019-06-30": "", "2019-03-31": "", "2018-12-31": "", "2018-09-30": "", "2018-06-30": "", "2018-03-31": "", "2017-12-31": "", "2017-09-30": "", "2017-06-30": "", "2017-03-31": "", "2016-12-31": "", "2016-09-30": "", "2016-06-30": "", "2016-03-31": "", "2015-12-31": "", "2015-09-30": "", "2015-06-30": "", "2015-03-31": "", "2014-12-31": "", "2014-09-30": "", "2014-06-30": "", "2014-03-31": "", "2013-12-31": "", "2013-09-30": "", "2013-03-31": "", "2012-12-31": "", "2011-12-31": ""}, "Income From Continuous Operations": {"2020-09-30": "-924.00000", "2020-06-30": "-99.99600", "2020-03-31": "-175.63800", "2019-12-31": "-13.16400", "2019-09-30": "37.00000", "2019-06-30": "18.93600", "2019-03-31": "38.22900", "2018-12-31": "-0.12000", "2018-09-30": "37.70400", "2018-06-30": "36.79600", "2018-03-31": "20.85500", "2017-12-31": "88.93800", "2017-09-30": "29.68700", "2017-06-30": "-46.19000", "2017-03-31": "0.94500", "2016-12-31": "0.68400", "2016-09-30": "9.68200", "2016-06-30": "10.79100", "2016-03-31": "3.37000", "2015-12-31": "110.15300", "2015-09-30": "5.39900", "2015-06-30": "4.79500", "2015-03-31": "-6.16400", "2014-12-31": "-10.83400", "2014-09-30": "-4.06400", "2014-06-30": "2.90900", "2014-03-31": "-2.33300", "2013-12-31": "", "2013-09-30": "3.18400", "2013-03-31": "2.08700", "2012-12-31": "", "2011-12-31": ""}, "Income From Discontinued Operations": {"2020-09-30": "-1.00000", "2020-06-30": "", "2020-03-31": "", "2019-12-31": "", "2019-09-30": "", "2019-06-30": "", "2019-03-31": "", "2018-12-31": "", "2018-09-30": "", "2018-06-30": "", "2018-03-31": "", "2017-12-31": "", "2017-09-30": "", "2017-06-30": "", "2017-03-31": "", "2016-12-31": "", "2016-09-30": "", "2016-06-30": "", "2016-03-31": "", "2015-12-31": "", "2015-09-30": "", "2015-06-30": "", "2015-03-31": "", "2014-12-31": "", "2014-09-30": "", "2014-06-30": "", "2014-03-31": "", "2013-12-31": "", "2013-09-30": "", "2013-03-31": "", "2012-12-31": "", "2011-12-31": ""}, "Net Income": {"2020-09-30": "-926.00000", "2020-06-30": "-99.99600", "2020-03-31": "-175.63800", "2019-12-31": "-13.16400", "2019-09-30": "37.00000", "2019-06-30": "18.93600", "2019-03-31": "38.22900", "2018-12-31": "-0.12000", "2018-09-30": "37.70400", "2018-06-30": "36.79600", "2018-03-31": "20.85500", "2017-12-31": "88.93800", "2017-09-30": "29.68700", "2017-06-30": "-46.19000", "2017-03-31": "0.94500", "2016-12-31": "0.68400", "2016-09-30": "9.68200", "2016-06-30": "10.79100", "2016-03-31": "3.37000", "2015-12-31": "110.15300", "2015-09-30": "5.39900", "2015-06-30": "4.79500", "2015-03-31": "-6.16400", "2014-12-31": "-10.93700", "2014-09-30": "-4.06400", "2014-06-30": "2.90900", "2014-03-31": "-2.33300", "2013-12-31": "", "2013-09-30": "3.18400", "2013-03-31": "2.08700", "2012-12-31": "", "2011-12-31": ""}, "EBITDA": {"2020-09-30": "-152.00000", "2020-06-30": "-24.23400", "2020-03-31": "93.05300", "2019-12-31": "58.81900", "2019-09-30": "125.00000", "2019-06-30": "164.37900", "2019-03-31": "187.54100", "2018-12-31": "148.76310", "2018-09-30": "132.96700", "2018-06-30": "111.26500", "2018-03-31": "96.98900", "2017-12-31": "105.27690", "2017-09-30": "112.62090", "2017-06-30": "-3.40100", "2017-03-31": "30.50900", "2016-12-31": "29.43100", "2016-09-30": "44.77900", "2016-06-30": "46.14500", "2016-03-31": "35.31400", "2015-12-31": "28.63500", "2015-09-30": "37.83100", "2015-06-30": "34.56900", "2015-03-31": "24.03000", "2014-12-31": "18.80200", "2014-09-30": "8.10700", "2014-06-30": "11.07400", "2014-03-31": "5.95400", "2013-12-31": "", "2013-09-30": "7.09200", "2013-03-31": "10.57900", "2012-12-31": "", "2011-12-31": ""}, "EBIT": {"2020-09-30": "-152.00000", "2020-06-30": "-78.32700", "2020-03-31": "-123.18000", "2019-12-31": "58.81890", "2019-09-30": "125.00000", "2019-06-30": "102.55000", "2019-03-31": "123.60400", "2018-12-31": "86.72600", "2018-09-30": "91.76900", "2018-06-30": "77.41400", "2018-03-31": "54.19400", "2017-12-31": "29.75700", "2017-09-30": "81.49190", "2017-06-30": "-30.46700", "2017-03-31": "14.02800", "2016-12-31": "12.67300", "2016-09-30": "28.10900", "2016-06-30": "29.65500", "2016-03-31": "18.26300", "2015-12-31": "13.28100", "2015-09-30": "24.09200", "2015-06-30": "23.05900", "2015-03-31": "12.08400", "2014-12-31": "6.45000", "2014-09-30": "2.77800", "2014-06-30": "6.77500", "2014-03-31": "1.55200", "2013-12-31": "", "2013-09-30": "7.09200", "2013-03-31": "6.02500", "2012-12-31": "", "2011-12-31": ""}, "Basic Shares Outstanding": {"2020-09-30": "152.00000", "2020-06-30": "80.05400", "2020-03-31": "77.95400", "2019-12-31": "77.67700", "2019-09-30": "78.00000", "2019-06-30": "77.68300", "2019-03-31": "77.56700", "2018-12-31": "77.45900", "2018-09-30": "77.52300", "2018-06-30": "77.45900", "2018-03-31": "77.35400", "2017-12-31": "67.13400", "2017-09-30": "76.90200", "2017-06-30": "67.45300", "2017-03-31": "47.12100", "2016-12-31": "47.03300", "2016-09-30": "47.19300", "2016-06-30": "47.07200", "2016-03-31": "46.93300", "2015-12-31": "46.55000", "2015-09-30": "46.51700", "2015-06-30": "46.51700", "2015-03-31": "46.49500", "2014-12-31": "29.90100", "2014-09-30": "26.07500", "2014-06-30": "23.31100", "2014-03-31": "23.31100", "2013-12-31": "", "2013-09-30": "23.31100", "2013-03-31": "", "2012-12-31": "", "2011-12-31": ""}, "Shares Outstanding": {"2020-09-30": "152.00000", "2020-06-30": "80.05400", "2020-03-31": "77.95400", "2019-12-31": "78.59400", "2019-09-30": "79.00000", "2019-06-30": "78.72500", "2019-03-31": "78.58900", "2018-12-31": "78.28200", "2018-09-30": "78.28400", "2018-06-30": "78.25900", "2018-03-31": "78.08000", "2017-12-31": "68.10300", "2017-09-30": "77.96000", "2017-06-30": "67.45300", "2017-03-31": "48.08100", "2016-12-31": "47.70200", "2016-09-30": "47.83500", "2016-06-30": "47.72100", "2016-03-31": "47.53500", "2015-12-31": "47.00900", "2015-09-30": "46.76400", "2015-06-30": "46.65800", "2015-03-31": "46.49500", "2014-12-31": "29.90100", "2014-09-30": "26.07500", "2014-06-30": "23.31100", "2014-03-31": "23.31100", "2013-12-31": "", "2013-09-30": "23.31100", "2013-03-31": "", "2012-12-31": "", "2011-12-31": ""}, "Basic EPS": {"2020-09-30": "-6.09000", "2020-06-30": "-1.25000", "2020-03-31": "-2.25000", "2019-12-31": "-0.17000", "2019-09-30": "0.48000", "2019-06-30": "0.24000", "2019-03-31": "0.49000", "2018-12-31": "-0.01000", "2018-09-30": "0.49000", "2018-06-30": "0.48000", "2018-03-31": "0.27000", "2017-12-31": "1.36000", "2017-09-30": "0.39000", "2017-06-30": "-0.68000", "2017-03-31": "0.02000", "2016-12-31": "0.01000", "2016-09-30": "0.21000", "2016-06-30": "0.23000", "2016-03-31": "0.07000", "2015-12-31": "2.36000", "2015-09-30": "0.12000", "2015-06-30": "0.10000", "2015-03-31": "-0.13000", "2014-12-31": "-0.34000", "2014-09-30": "-0.16000", "2014-06-30": "0.12000", "2014-03-31": "-0.10000", "2013-12-31": "", "2013-09-30": "0.14000", "2013-03-31": "", "2012-12-31": "", "2011-12-31": ""}, "EPS - Earnings Per Share": {"2020-09-30": "-6.09000", "2020-06-30": "-1.25000", "2020-03-31": "-2.25000", "2019-12-31": "-0.17000", "2019-09-30": "0.47000", "2019-06-30": "0.24000", "2019-03-31": "0.49000", "2018-12-31": "0.00000", "2018-09-30": "0.48000", "2018-06-30": "0.47000", "2018-03-31": "0.27000", "2017-12-31": "1.36000", "2017-09-30": "0.38000", "2017-06-30": "-0.68000", "2017-03-31": "0.02000", "2016-12-31": "0.01000", "2016-09-30": "0.20000", "2016-06-30": "0.23000", "2016-03-31": "0.07000", "2015-12-31": "2.34000", "2015-09-30": "0.12000", "2015-06-30": "0.10000", "2015-03-31": "-0.13000", "2014-12-31": "-0.34000", "2014-09-30": "-0.16000", "2014-06-30": "0.12000", "2014-03-31": "-0.10000", "2013-12-31": "0.00000", "2013-09-30": "0.14000", "2013-03-31": "0.00000", "2012-12-31": "0.00000", "2011-12-31": "0.00000"}}, "balance sheet": {"Cash On Hand": {"2019-12-31": "244.45800", "2018-12-31": "272.60100", "2017-12-31": "155.49400", "2016-12-31": "63.44300", "2015-12-31": "83.54900", "2014-12-31": "93.33800", "2013-12-31": "30.11800", "2012-12-31": "25.52500", "2011-12-31": ""}, "Receivables": {"2019-12-31": "53.89900", "2018-12-31": "60.16900", "2017-12-31": "45.79700", "2016-12-31": "14.69400", "2015-12-31": "9.98100", "2014-12-31": "7.11200", "2013-12-31": "3.24000", "2012-12-31": "3.53800", "2011-12-31": ""}, "Inventory": {"2019-12-31": "18.37900", "2018-12-31": "20.59500", "2017-12-31": "16.87000", "2016-12-31": "11.05500", "2015-12-31": "11.74200", "2014-12-31": "7.23400", "2013-12-31": "3.10900", "2012-12-31": "2.84500", "2011-12-31": ""}, "Pre-Paid Expenses": {"2019-12-31": "30.96600", "2018-12-31": "63.73300", "2017-12-31": "32.62800", "2016-12-31": "12.56100", "2015-12-31": "10.90700", "2014-12-31": "9.44700", "2013-12-31": "2.53200", "2012-12-31": "2.49500", "2011-12-31": ""}, "Other Current Assets": {"2019-12-31": "256.94100", "2018-12-31": "156.09800", "2017-12-31": "0.24300", "2016-12-31": "", "2015-12-31": "", "2014-12-31": "0.36200", "2013-12-31": "0.43000", "2012-12-31": "0.52500", "2011-12-31": ""}, "Total Current Assets": {"2019-12-31": "604.64300", "2018-12-31": "573.19600", "2017-12-31": "251.03200", "2016-12-31": "101.75300", "2015-12-31": "116.17900", "2014-12-31": "117.49300", "2013-12-31": "39.42900", "2012-12-31": "34.92800", "2011-12-31": ""}, "Property, Plant, And Equipment": {"2019-12-31": "2614.52400", "2018-12-31": "2882.60600", "2017-12-31": "1502.81700", "2016-12-31": "612.34200", "2015-12-31": "625.41600", "2014-12-31": "456.13900", "2013-12-31": "180.34200", "2012-12-31": "189.71300", "2011-12-31": ""}, "Long-Term Investments": {"2019-12-31": "135.82800", "2018-12-31": "1.89200", "2017-12-31": "", "2016-12-31": "", "2015-12-31": "1.28600", "2014-12-31": "16.50900", "2013-12-31": "23.34900", "2012-12-31": "10.06600", "2011-12-31": ""}, "Goodwill And Intangible Assets": {"2019-12-31": "2021.11500", "2018-12-31": "2370.32200", "2017-12-31": "1743.92200", "2016-12-31": "554.32400", "2015-12-31": "558.85900", "2014-12-31": "558.73900", "2013-12-31": "20.57400", "2012-12-31": "20.57400", "2011-12-31": "0.00000"}, "Other Long-Term Assets": {"2019-12-31": "76.22400", "2018-12-31": "83.44600", "2017-12-31": "48.70100", "2016-12-31": "11.40600", "2015-12-31": "6.95400", "2014-12-31": "6.26000", "2013-12-31": "6.48800", "2012-12-31": "7.24400", "2011-12-31": ""}, "Total Long-Term Assets": {"2019-12-31": "5035.91000", "2018-12-31": "5338.26600", "2017-12-31": "3295.44000", "2016-12-31": "1192.29100", "2015-12-31": "1208.82900", "2014-12-31": "1054.06600", "2013-12-31": "230.75300", "2012-12-31": "227.59700", "2011-12-31": ""}, "Total Assets": {"2019-12-31": "5640.55300", "2018-12-31": "5911.46200", "2017-12-31": "3546.47200", "2016-12-31": "1294.04400", "2015-12-31": "1325.00800", "2014-12-31": "1171.55900", "2013-12-31": "270.18200", "2012-12-31": "262.52500", "2011-12-31": "0.00000"}, "Total Current Liabilities": {"2019-12-31": "688.44600", "2018-12-31": "402.17700", "2017-12-31": "223.75100", "2016-12-31": "102.04000", "2015-12-31": "105.71000", "2014-12-31": "91.84400", "2013-12-31": "25.14700", "2012-12-31": "27.30100", "2011-12-31": ""}, "Long Term Debt": {"2019-12-31": "3295.06000", "2018-12-31": "4221.10800", "2017-12-31": "2189.57800", "2016-12-31": "795.88100", "2015-12-31": "861.71300", "2014-12-31": "775.05900", "2013-12-31": "168.03500", "2012-12-31": "170.69600", "2011-12-31": ""}, "Other Non-Current Liabilities": {"2019-12-31": "165.59200", "2018-12-31": "59.01400", "2017-12-31": "28.57900", "2016-12-31": "7.28700", "2015-12-31": "8.12100", "2014-12-31": "8.59500", "2013-12-31": "1.42500", "2012-12-31": "3.52500", "2011-12-31": ""}, "Total Long Term Liabilities": {"2019-12-31": "3834.85000", "2018-12-31": "4480.13200", "2017-12-31": "2381.12400", "2016-12-31": "893.55300", "2015-12-31": "948.63100", "2014-12-31": "928.09300", "2013-12-31": "169.46000", "2012-12-31": "174.22100", "2011-12-31": ""}, "Total Liabilities": {"2019-12-31": "4523.29600", "2018-12-31": "4882.30900", "2017-12-31": "2604.87500", "2016-12-31": "995.59300", "2015-12-31": "1054.34100", "2014-12-31": "1019.93700", "2013-12-31": "194.60700", "2012-12-31": "201.52200", "2011-12-31": "0.00000"}, "Common Stock Net": {"2019-12-31": "0.00100", "2018-12-31": "0.00100", "2017-12-31": "", "2016-12-31": "", "2015-12-31": "", "2014-12-31": "", "2013-12-31": "", "2012-12-31": "", "2011-12-31": "0.00000"}, "Retained Earnings (Accumulated Deficit)": {"2019-12-31": "366.46300", "2018-12-31": "290.20600", "2017-12-31": "194.97100", "2016-12-31": "124.56000", "2015-12-31": "99.75800", "2014-12-31": "-14.42500", "2013-12-31": "", "2012-12-31": "", "2011-12-31": ""}, "Comprehensive Income": {"2019-12-31": "0.37700", "2018-12-31": "0.00100", "2017-12-31": "0.07900", "2016-12-31": "0.01200", "2015-12-31": "0.01200", "2014-12-31": "0.08700", "2013-12-31": "1.77200", "2012-12-31": "", "2011-12-31": ""}, "Other Share Holders Equity": {"2019-12-31": "", "2018-12-31": "", "2017-12-31": "", "2016-12-31": "", "2015-12-31": "", "2014-12-31": "", "2013-12-31": "", "2012-12-31": "", "2011-12-31": "0.00000"}, "Share Holder Equity": {"2019-12-31": "1117.25700", "2018-12-31": "1029.15300", "2017-12-31": "941.59700", "2016-12-31": "298.45100", "2015-12-31": "270.66700", "2014-12-31": "151.62200", "2013-12-31": "75.57500", "2012-12-31": "61.00300", "2011-12-31": "0.00000"}, "Total Liabilities And Share Holders Equity": {"2019-12-31": "5640.55300", "2018-12-31": "5911.46200", "2017-12-31": "3546.47200", "2016-12-31": "1294.04400", "2015-12-31": "1325.00800", "2014-12-31": "1171.55900", "2013-12-31": "270.18200", "2012-12-31": "262.52500", "2011-12-31": "0.00000"}}, "balance sheet, quarterly": {"Cash On Hand": {"2020-09-30": "3296.00000", "2020-06-30": "995.58890", "2020-03-31": "710.74500", "2019-12-31": "210.00000", "2019-09-30": "251.50600", "2019-06-30": "230.53600", "2019-03-31": "259.01800", "2018-12-31": "272.60100", "2018-09-30": "182.76500", "2018-06-30": "223.76500", "2018-03-31": "204.03300", "2017-12-31": "155.49400", "2017-09-30": "173.67100", "2017-06-30": "143.62700", "2017-03-31": "46.63600", "2016-12-31": "63.44300", "2016-09-30": "47.00400", "2016-06-30": "40.97500", "2016-03-31": "53.15300", "2015-12-31": "83.54900", "2015-09-30": "50.39100", "2015-06-30": "95.76700", "2015-03-31": "80.27000", "2014-12-31": "93.33800", "2014-09-30": "92.67700", "2014-06-30": "", "2014-03-31": "34.90900", "2013-12-31": "", "2013-09-30": "", "2013-03-31": "", "2012-12-31": "25.52000", "2011-12-31": ""}, "Receivables": {"2020-09-30": "385.00000", "2020-06-30": "44.30500", "2020-03-31": "43.69300", "2019-12-31": "54.00000", "2019-09-30": "48.15000", "2019-06-30": "60.05900", "2019-03-31": "65.60400", "2018-12-31": "60.16900", "2018-09-30": "42.00200", "2018-06-30": "34.80800", "2018-03-31": "33.73800", "2017-12-31": "45.79700", "2017-09-30": "33.12900", "2017-06-30": "21.86200", "2017-03-31": "8.82900", "2016-12-31": "14.69400", "2016-09-30": "17.06100", "2016-06-30": "14.52400", "2016-03-31": "9.53400", "2015-12-31": "9.98100", "2015-09-30": "9.14600", "2015-06-30": "8.50500", "2015-03-31": "5.60800", "2014-12-31": "7.11200", "2014-09-30": "9.00500", "2014-06-30": "", "2014-03-31": "3.58200", "2013-12-31": "", "2013-09-30": "", "2013-03-31": "", "2012-12-31": "3.53000", "2011-12-31": ""}, "Inventory": {"2020-09-30": "49.00000", "2020-06-30": "17.36900", "2020-03-31": "17.07000", "2019-12-31": "18.00000", "2019-09-30": "17.68400", "2019-06-30": "19.01600", "2019-03-31": "20.77500", "2018-12-31": "20.59500", "2018-09-30": "15.25800", "2018-06-30": "14.84700", "2018-03-31": "15.21000", "2017-12-31": "16.87000", "2017-09-30": "16.50500", "2017-06-30": "17.06700", "2017-03-31": "11.30600", "2016-12-31": "11.05500", "2016-09-30": "11.47700", "2016-06-30": "11.69600", "2016-03-31": "11.31900", "2015-12-31": "11.74200", "2015-09-30": "7.16500", "2015-06-30": "6.95000", "2015-03-31": "7.14900", "2014-12-31": "7.23400", "2014-09-30": "7.35700", "2014-06-30": "", "2014-03-31": "3.20300", "2013-12-31": "", "2013-09-30": "", "2013-03-31": "", "2012-12-31": "2.84000", "2011-12-31": ""}, "Pre-Paid Expenses": {"2020-09-30": "265.00000", "2020-06-30": "33.09600", "2020-03-31": "27.74100", "2019-12-31": "66.00000", "2019-09-30": "37.42900", "2019-06-30": "40.33500", "2019-03-31": "34.46300", "2018-12-31": "63.73300", "2018-09-30": "30.08200", "2018-06-30": "30.65600", "2018-03-31": "23.23200", "2017-12-31": "32.62800", "2017-09-30": "34.10200", "2017-06-30": "36.42100", "2017-03-31": "13.91500", "2016-12-31": "12.56100", "2016-09-30": "16.39600", "2016-06-30": "13.74200", "2016-03-31": "11.95600", "2015-12-31": "10.90700", "2015-09-30": "9.75700", "2015-06-30": "10.94400", "2015-03-31": "8.63200", "2014-12-31": "9.44700", "2014-09-30": "10.17400", "2014-06-30": "", "2014-03-31": "2.74600", "2013-12-31": "", "2013-09-30": "", "2013-03-31": "", "2012-12-31": "", "2011-12-31": ""}, "Other Current Assets": {"2020-09-30": "2303.00000", "2020-06-30": "444.37800", "2020-03-31": "443.15700", "2019-12-31": "257.00000", "2019-09-30": "608.77000", "2019-06-30": "352.69200", "2019-03-31": "3.13000", "2018-12-31": "156.09800", "2018-09-30": "156.10100", "2018-06-30": "201.32700", "2018-03-31": "199.09600", "2017-12-31": "0.24300", "2017-09-30": "143.56700", "2017-06-30": "143.59200", "2017-03-31": "", "2016-12-31": "", "2016-09-30": "", "2016-06-30": "", "2016-03-31": "", "2015-12-31": "", "2015-09-30": "55.87900", "2015-06-30": "0.45300", "2015-03-31": "0.31200", "2014-12-31": "0.36200", "2014-09-30": "0.22300", "2014-06-30": "", "2014-03-31": "0.32500", "2013-12-31": "", "2013-09-30": "", "2013-03-31": "", "2012-12-31": "3.02000", "2011-12-31": ""}, "Total Current Assets": {"2020-09-30": "6298.00000", "2020-06-30": "1534.73700", "2020-03-31": "1242.40600", "2019-12-31": "605.00000", "2019-09-30": "963.53900", "2019-06-30": "702.63800", "2019-03-31": "382.99000", "2018-12-31": "573.19600", "2018-09-30": "426.20800", "2018-06-30": "505.40300", "2018-03-31": "475.30900", "2017-12-31": "251.03200", "2017-09-30": "400.97400", "2017-06-30": "362.56900", "2017-03-31": "80.68600", "2016-12-31": "101.75300", "2016-09-30": "91.93800", "2016-06-30": "80.93700", "2016-03-31": "85.96200", "2015-12-31": "116.17900", "2015-09-30": "132.33800", "2015-06-30": "122.61900", "2015-03-31": "101.97100", "2014-12-31": "117.49300", "2014-09-30": "119.43600", "2014-06-30": "", "2014-03-31": "44.76500", "2013-12-31": "", "2013-09-30": "", "2013-03-31": "", "2012-12-31": "34.92000", "2011-12-31": ""}, "Property, Plant, And Equipment": {"2020-09-30": "14630.00000", "2020-06-30": "2418.68700", "2020-03-31": "2455.33200", "2019-12-31": "2615.00000", "2019-09-30": "2635.11100", "2019-06-30": "2713.80500", "2019-03-31": "2870.12000", "2018-12-31": "2882.60600", "2018-09-30": "1488.86600", "2018-06-30": "1400.08800", "2018-03-31": "1396.28600", "2017-12-31": "1502.81700", "2017-09-30": "1446.35400", "2017-06-30": "1455.81100", "2017-03-31": "605.73400", "2016-12-31": "612.34200", "2016-09-30": "609.79500", "2016-06-30": "615.01100", "2016-03-31": "618.12100", "2015-12-31": "625.41600", "2015-09-30": "442.22100", "2015-06-30": "447.89100", "2015-03-31": "449.75400", "2014-12-31": "456.13900", "2014-09-30": "441.91900", "2014-06-30": "", "2014-03-31": "176.93100", "2013-12-31": "", "2013-09-30": "", "2013-03-31": "", "2012-12-31": "438.45000", "2011-12-31": ""}, "Long-Term Investments": {"2020-09-30": "170.00000", "2020-06-30": "134.93900", "2020-03-31": "135.89800", "2019-12-31": "136.00000", "2019-09-30": "129.79600", "2019-06-30": "131.38200", "2019-03-31": "132.24000", "2018-12-31": "1.89200", "2018-09-30": "", "2018-06-30": "", "2018-03-31": "", "2017-12-31": "", "2017-09-30": "", "2017-06-30": "1.00500", "2017-03-31": "1.06400", "2016-12-31": "", "2016-09-30": "1.28600", "2016-06-30": "1.28600", "2016-03-31": "1.28600", "2015-12-31": "1.28600", "2015-09-30": "17.14500", "2015-06-30": "17.09700", "2015-03-31": "15.99100", "2014-12-31": "16.50900", "2014-09-30": "20.21400", "2014-06-30": "", "2014-03-31": "22.77800", "2013-12-31": "", "2013-09-30": "", "2013-03-31": "", "2012-12-31": "10.06000", "2011-12-31": ""}, "Goodwill And Intangible Assets": {"2020-09-30": "13916.00000", "2020-06-30": "1866.61600", "2020-03-31": "1873.35600", "2019-12-31": "2021.00000", "2019-09-30": "2028.57200", "2019-06-30": "2186.77500", "2019-03-31": "2362.68000", "2018-12-31": "2370.32200", "2018-09-30": "1909.71900", "2018-06-30": "1635.19000", "2018-03-31": "1636.36500", "2017-12-31": "1743.92200", "2017-09-30": "1701.44400", "2017-06-30": "1703.17200", "2017-03-31": "553.84600", "2016-12-31": "554.32400", "2016-09-30": "555.24700", "2016-06-30": "556.45600", "2016-03-31": "557.65700", "2015-12-31": "558.85900", "2015-09-30": "553.61800", "2015-06-30": "555.12500", "2015-03-31": "556.80400", "2014-12-31": "558.73900", "2014-09-30": "561.67900", "2014-06-30": "", "2014-03-31": "20.57400", "2013-12-31": "", "2013-09-30": "0.00000", "2013-03-31": "0.00000", "2012-12-31": "20.57000", "2011-12-31": "0.00000"}, "Other Long-Term Assets": {"2020-09-30": "1224.00000", "2020-06-30": "65.91800", "2020-03-31": "54.29100", "2019-12-31": "264.00000", "2019-09-30": "78.87900", "2019-06-30": "347.40200", "2019-03-31": "366.48800", "2018-12-31": "83.44600", "2018-09-30": "634.50100", "2018-06-30": "45.03500", "2018-03-31": "30.23000", "2017-12-31": "48.70100", "2017-09-30": "18.41600", "2017-06-30": "17.31400", "2017-03-31": "390.25400", "2016-12-31": "11.40600", "2016-09-30": "6.39000", "2016-06-30": "6.77700", "2016-03-31": "6.78300", "2015-12-31": "6.95400", "2015-09-30": "7.20400", "2015-06-30": "9.85200", "2015-03-31": "9.51300", "2014-12-31": "6.26000", "2014-09-30": "9.71600", "2014-06-30": "", "2014-03-31": "6.25700", "2013-12-31": "", "2013-09-30": "", "2013-03-31": "", "2012-12-31": "7.24000", "2011-12-31": ""}, "Total Long-Term Assets": {"2020-09-30": "29941.00000", "2020-06-30": "4613.71000", "2020-03-31": "4648.76600", "2019-12-31": "5036.00000", "2019-09-30": "5117.70200", "2019-06-30": "5379.36400", "2019-03-31": "5731.52800", "2018-12-31": "5338.26600", "2018-09-30": "4050.96600", "2018-06-30": "3094.34300", "2018-03-31": "3076.91100", "2017-12-31": "3295.44000", "2017-09-30": "3184.28300", "2017-06-30": "3195.37100", "2017-03-31": "1565.11700", "2016-12-31": "1192.29100", "2016-09-30": "1186.93600", "2016-06-30": "1193.74800", "2016-03-31": "1200.10600", "2015-12-31": "1208.82900", "2015-09-30": "1036.60700", "2015-06-30": "1046.38400", "2015-03-31": "1048.48100", "2014-12-31": "1054.06600", "2014-09-30": "1049.94700", "2014-06-30": "", "2014-03-31": "226.54000", "2013-12-31": "", "2013-09-30": "", "2013-03-31": "", "2012-12-31": "476.32000", "2011-12-31": ""}, "Total Assets": {"2020-09-30": "36239.00000", "2020-06-30": "6148.44700", "2020-03-31": "5891.17200", "2019-12-31": "5641.00000", "2019-09-30": "6081.24100", "2019-06-30": "6082.00200", "2019-03-31": "6114.51800", "2018-12-31": "5911.46200", "2018-09-30": "4477.17400", "2018-06-30": "3599.74600", "2018-03-31": "3552.22000", "2017-12-31": "3546.47200", "2017-09-30": "3585.25700", "2017-06-30": "3557.94000", "2017-03-31": "1645.80300", "2016-12-31": "1294.04400", "2016-09-30": "1278.87400", "2016-06-30": "1274.68500", "2016-03-31": "1286.06800", "2015-12-31": "1325.00800", "2015-09-30": "1168.94500", "2015-06-30": "1169.00300", "2015-03-31": "1150.45200", "2014-12-31": "1171.55900", "2014-09-30": "1169.38300", "2014-06-30": "0.00000", "2014-03-31": "271.30500", "2013-12-31": "0.00000", "2013-09-30": "0.00000", "2013-03-31": "0.00000", "2012-12-31": "262.52000", "2011-12-31": "0.00000"}, "Total Current Liabilities": {"2020-09-30": "2470.00000", "2020-06-30": "476.00200", "2020-03-31": "771.00800", "2019-12-31": "688.00000", "2019-09-30": "414.97100", "2019-06-30": "383.24000", "2019-03-31": "389.34400", "2018-12-31": "402.17700", "2018-09-30": "261.93600", "2018-06-30": "217.69200", "2018-03-31": "217.29000", "2017-12-31": "223.75100", "2017-09-30": "225.07500", "2017-06-30": "252.36000", "2017-03-31": "85.69500", "2016-12-31": "102.04000", "2016-09-30": "97.63500", "2016-06-30": "105.65000", "2016-03-31": "95.85300", "2015-12-31": "105.71000", "2015-09-30": "69.96700", "2015-06-30": "90.28700", "2015-03-31": "74.69800", "2014-12-31": "91.84400", "2014-09-30": "75.37600", "2014-06-30": "", "2014-03-31": "28.56200", "2013-12-31": "", "2013-09-30": "", "2013-03-31": "", "2012-12-31": "27.30000", "2011-12-31": ""}, "Long Term Debt": {"2020-09-30": "27750.00000", "2020-06-30": "3646.53100", "2020-03-31": "3753.81300", "2019-12-31": "3296.00000", "2019-09-30": "3918.93700", "2019-06-30": "3983.66300", "2019-03-31": "4019.65600", "2018-12-31": "4221.10800", "2018-09-30": "2967.43400", "2018-06-30": "2190.74900", "2018-03-31": "2190.11000", "2017-12-31": "2189.57800", "2017-09-30": "2224.05400", "2017-06-30": "2211.02300", "2017-03-31": "1160.81400", "2016-12-31": "795.88100", "2016-09-30": "786.11200", "2016-06-30": "789.38900", "2016-03-31": "826.79800", "2015-12-31": "861.71300", "2015-09-30": "786.29800", "2015-06-30": "773.35400", "2015-03-31": "776.09100", "2014-12-31": "775.05900", "2014-09-30": "792.48700", "2014-06-30": "", "2014-03-31": "168.03300", "2013-12-31": "", "2013-09-30": "", "2013-03-31": "", "2012-12-31": "170.69000", "2011-12-31": ""}, "Other Non-Current Liabilities": {"2020-09-30": "1549.00000", "2020-06-30": "166.45200", "2020-03-31": "168.55900", "2019-12-31": "343.00000", "2019-09-30": "166.38100", "2019-06-30": "437.45200", "2019-03-31": "438.23200", "2018-12-31": "59.01400", "2018-09-30": "17.16300", "2018-06-30": "17.97500", "2018-03-31": "18.59400", "2017-12-31": "28.57900", "2017-09-30": "30.21500", "2017-06-30": "30.12300", "2017-03-31": "7.10400", "2016-12-31": "7.28700", "2016-09-30": "7.00100", "2016-06-30": "7.11000", "2016-03-31": "8.06900", "2015-12-31": "8.12100", "2015-09-30": "8.22800", "2015-06-30": "8.34200", "2015-03-31": "8.54200", "2014-12-31": "8.59500", "2014-09-30": "6.65400", "2014-06-30": "", "2014-03-31": "1.46800", "2013-12-31": "", "2013-09-30": "", "2013-03-31": "", "2012-12-31": "3.52000", "2011-12-31": ""}, "Total Long Term Liabilities": {"2020-09-30": "30380.00000", "2020-06-30": "4055.99600", "2020-03-31": "4179.95500", "2019-12-31": "3836.00000", "2019-09-30": "4539.49200", "2019-06-30": "4613.24300", "2019-03-31": "4661.91000", "2018-12-31": "4480.13200", "2018-09-30": "3179.08700", "2018-06-30": "2385.33100", "2018-03-31": "2376.29900", "2017-12-31": "2381.12400", "2017-09-30": "2506.24700", "2017-06-30": "2480.65600", "2017-03-31": "1258.64800", "2016-12-31": "893.55300", "2016-09-30": "884.34200", "2016-06-30": "882.59200", "2016-03-31": "915.25890", "2015-12-31": "948.63100", "2015-09-30": "942.17100", "2015-06-30": "927.64200", "2015-03-31": "929.70600", "2014-12-31": "928.09300", "2014-09-30": "930.01400", "2014-06-30": "", "2014-03-31": "169.50100", "2013-12-31": "", "2013-09-30": "", "2013-03-31": "", "2012-12-31": "174.21000", "2011-12-31": ""}, "Total Liabilities": {"2020-09-30": "32850.00000", "2020-06-30": "4531.99800", "2020-03-31": "4950.96300", "2019-12-31": "4524.00000", "2019-09-30": "4954.46300", "2019-06-30": "4996.48300", "2019-03-31": "5051.25400", "2018-12-31": "4882.30900", "2018-09-30": "3441.02300", "2018-06-30": "2603.02300", "2018-03-31": "2593.58900", "2017-12-31": "2604.87500", "2017-09-30": "2731.32200", "2017-06-30": "2733.01600", "2017-03-31": "1344.34300", "2016-12-31": "995.59300", "2016-09-30": "981.97700", "2016-06-30": "988.24200", "2016-03-31": "1011.11200", "2015-12-31": "1054.34100", "2015-09-30": "1012.13800", "2015-06-30": "1017.92900", "2015-03-31": "1004.40400", "2014-12-31": "1019.93700", "2014-09-30": "1005.39000", "2014-06-30": "", "2014-03-31": "198.06300", "2013-12-31": "", "2013-09-30": "0.00000", "2013-03-31": "0.00000", "2012-12-31": "201.52000", "2011-12-31": "0.00000"}, "Common Stock Net": {"2020-09-30": "", "2020-06-30": "0.00100", "2020-03-31": "0.00100", "2019-12-31": "", "2019-09-30": "0.00100", "2019-06-30": "0.00100", "2019-03-31": "0.00100", "2018-12-31": "0.00100", "2018-09-30": "0.00100", "2018-06-30": "0.00100", "2018-03-31": "0.00100", "2017-12-31": "", "2017-09-30": "", "2017-06-30": "", "2017-03-31": "", "2016-12-31": "", "2016-09-30": "", "2016-06-30": "", "2016-03-31": "", "2015-12-31": "", "2015-09-30": "", "2015-06-30": "", "2015-03-31": "", "2014-12-31": "", "2014-09-30": "", "2014-06-30": "", "2014-03-31": "", "2013-12-31": "", "2013-09-30": "0.00000", "2013-03-31": "0.00000", "2012-12-31": "0.00000", "2011-12-31": "0.00000"}, "Retained Earnings (Accumulated Deficit)": {"2020-09-30": "-836.00000", "2020-06-30": "90.82900", "2020-03-31": "190.82500", "2019-12-31": "366.00000", "2019-09-30": "379.68200", "2019-06-30": "342.62700", "2019-03-31": "323.69100", "2018-12-31": "290.20600", "2018-09-30": "290.32600", "2018-06-30": "252.62300", "2018-03-31": "215.82700", "2017-12-31": "194.97100", "2017-09-30": "108.80600", "2017-06-30": "79.25300", "2017-03-31": "125.58100", "2016-12-31": "124.56000", "2016-09-30": "123.60000", "2016-06-30": "113.91800", "2016-03-31": "103.12800", "2015-12-31": "99.75800", "2015-09-30": "-10.39500", "2015-06-30": "-15.79400", "2015-03-31": "-20.58900", "2014-12-31": "-14.42500", "2014-09-30": "-3.48800", "2014-06-30": "", "2014-03-31": "", "2013-12-31": "", "2013-09-30": "", "2013-03-31": "", "2012-12-31": "", "2011-12-31": ""}, "Comprehensive Income": {"2020-09-30": "15.00000", "2020-06-30": "0.37700", "2020-03-31": "0.37700", "2019-12-31": "", "2019-09-30": "0.00100", "2019-06-30": "0.00100", "2019-03-31": "0.00100", "2018-12-31": "0.00100", "2018-09-30": "0.07900", "2018-06-30": "0.07900", "2018-03-31": "0.07900", "2017-12-31": "0.07900", "2017-09-30": "0.01200", "2017-06-30": "0.01200", "2017-03-31": "0.01200", "2016-12-31": "0.01200", "2016-09-30": "0.01200", "2016-06-30": "0.01200", "2016-03-31": "0.01200", "2015-12-31": "0.01200", "2015-09-30": "0.08700", "2015-06-30": "0.08700", "2015-03-31": "0.08700", "2014-12-31": "0.08700", "2014-09-30": "1.60700", "2014-06-30": "", "2014-03-31": "", "2013-12-31": "", "2013-09-30": "", "2013-03-31": "", "2012-12-31": "", "2011-12-31": ""}, "Other Share Holders Equity": {"2020-09-30": "", "2020-06-30": "", "2020-03-31": "", "2019-12-31": "", "2019-09-30": "", "2019-06-30": "", "2019-03-31": "", "2018-12-31": "", "2018-09-30": "", "2018-06-30": "", "2018-03-31": "", "2017-12-31": "", "2017-09-30": "", "2017-06-30": "", "2017-03-31": "", "2016-12-31": "", "2016-09-30": "", "2016-06-30": "", "2016-03-31": "", "2015-12-31": "", "2015-09-30": "", "2015-06-30": "", "2015-03-31": "", "2014-12-31": "", "2014-09-30": "", "2014-06-30": "", "2014-03-31": "", "2013-12-31": "", "2013-09-30": "0.00000", "2013-03-31": "0.00000", "2012-12-31": "0.00000", "2011-12-31": "0.00000"}, "Share Holder Equity": {"2020-09-30": "3389.00000", "2020-06-30": "1616.44900", "2020-03-31": "940.20900", "2019-12-31": "1117.00000", "2019-09-30": "1126.77800", "2019-06-30": "1085.51900", "2019-03-31": "1063.26400", "2018-12-31": "1029.15300", "2018-09-30": "1036.15100", "2018-06-30": "996.72300", "2018-03-31": "958.63100", "2017-12-31": "941.59700", "2017-09-30": "853.93500", "2017-06-30": "824.92400", "2017-03-31": "301.46000", "2016-12-31": "298.45100", "2016-09-30": "296.89700", "2016-06-30": "286.44300", "2016-03-31": "274.95600", "2015-12-31": "270.66700", "2015-09-30": "156.80700", "2015-06-30": "151.07400", "2015-03-31": "146.04800", "2014-12-31": "151.62200", "2014-09-30": "163.99300", "2014-06-30": "", "2014-03-31": "73.24200", "2013-12-31": "", "2013-09-30": "0.00000", "2013-03-31": "0.00000", "2012-12-31": "61.00000", "2011-12-31": "0.00000"}, "Total Liabilities And Share Holders Equity": {"2020-09-30": "36239.00000", "2020-06-30": "6148.44700", "2020-03-31": "5891.17200", "2019-12-31": "5641.00000", "2019-09-30": "6081.24100", "2019-06-30": "6082.00200", "2019-03-31": "6114.51800", "2018-12-31": "5911.46200", "2018-09-30": "4477.17400", "2018-06-30": "3599.74600", "2018-03-31": "3552.22000", "2017-12-31": "3546.47200", "2017-09-30": "3585.25700", "2017-06-30": "3557.94000", "2017-03-31": "1645.80300", "2016-12-31": "1294.04400", "2016-09-30": "1278.87400", "2016-06-30": "1274.68500", "2016-03-31": "1286.06800", "2015-12-31": "1325.00800", "2015-09-30": "1168.94500", "2015-06-30": "1169.00300", "2015-03-31": "1150.45200", "2014-12-31": "1171.55900", "2014-09-30": "1169.38300", "2014-06-30": "", "2014-03-31": "271.30500", "2013-12-31": "", "2013-09-30": "0.00000", "2013-03-31": "0.00000", "2012-12-31": "262.52000", "2011-12-31": "0.00000"}}, "cash flow statement": {"Net Income/Loss": {"2019-12-31": "81.00100", "2018-12-31": "95.23500", "2017-12-31": "73.38000", "2016-12-31": "24.52700", "2015-12-31": "114.18300", "2014-12-31": "-14.32200", "2013-12-31": "18.89700", "2012-12-31": "-0.99100", "2011-12-31": "-29.02000"}, "Total Depreciation And Amortization - Cash Flow": {"2019-12-31": "243.84600", "2018-12-31": "179.88100", "2017-12-31": "150.19600", "2016-12-31": "66.96900", "2015-12-31": "52.54900", "2014-12-31": "26.38200", "2013-12-31": "17.88500", "2012-12-31": "18.65700", "2011-12-31": "20.38100"}, "Other Non-Cash Items": {"2019-12-31": "-35.49500", "2018-12-31": "52.22900", "2017-12-31": "-66.55600", "2016-12-31": "15.75100", "2015-12-31": "-106.31200", "2014-12-31": "-0.06800", "2013-12-31": "-12.63600", "2012-12-31": "11.09100", "2011-12-31": "35.79600"}, "Total Non-Cash Items": {"2019-12-31": "208.35100", "2018-12-31": "232.11000", "2017-12-31": "83.64000", "2016-12-31": "82.72000", "2015-12-31": "-53.76300", "2014-12-31": "26.31400", "2013-12-31": "5.24900", "2012-12-31": "29.74800", "2011-12-31": "56.17700"}, "Change In Accounts Receivable": {"2019-12-31": "4.58600", "2018-12-31": "6.10400", "2017-12-31": "-19.11000", "2016-12-31": "-4.87400", "2015-12-31": "2.95500", "2014-12-31": "0.35800", "2013-12-31": "-0.45400", "2012-12-31": "-0.21300", "2011-12-31": "-0.18100"}, "Change In Inventories": {"2019-12-31": "", "2018-12-31": "", "2017-12-31": "", "2016-12-31": "0.68700", "2015-12-31": "-0.07100", "2014-12-31": "-0.01200", "2013-12-31": "-0.26400", "2012-12-31": "0.28400", "2011-12-31": "0.09100"}, "Change In Accounts Payable": {"2019-12-31": "", "2018-12-31": "", "2017-12-31": "", "2016-12-31": "-6.34900", "2015-12-31": "4.85500", "2014-12-31": "1.81100", "2013-12-31": "0.40000", "2012-12-31": "-1.47300", "2011-12-31": "0.23400"}, "Change In Assets/Liabilities": {"2019-12-31": "9.53100", "2018-12-31": "0.05600", "2017-12-31": "-0.42300", "2016-12-31": "-0.99500", "2015-12-31": "-11.30700", "2014-12-31": "18.29300", "2013-12-31": "-0.12000", "2012-12-31": "-0.19100", "2011-12-31": "-6.76900"}, "Total Change In Assets/Liabilities": {"2019-12-31": "23.17400", "2018-12-31": "-4.06500", "2017-12-31": "-27.13400", "2016-12-31": "-11.87500", "2015-12-31": "-3.70500", "2014-12-31": "19.61400", "2013-12-31": "-0.61000", "2012-12-31": "-0.39100", "2011-12-31": "-5.98600"}, "Cash Flow From Operating Activities": {"2019-12-31": "312.52600", "2018-12-31": "323.28000", "2017-12-31": "129.88600", "2016-12-31": "95.37200", "2015-12-31": "56.71500", "2014-12-31": "31.60600", "2013-12-31": "23.53600", "2012-12-31": "28.36600", "2011-12-31": "21.17100"}, "Net Change In Property, Plant, And Equipment": {"2019-12-31": "365.36700", "2018-12-31": "-146.41300", "2017-12-31": "-83.02600", "2016-12-31": "-41.61300", "2015-12-31": "-36.60900", "2014-12-31": "-10.56100", "2013-12-31": "-7.39400", "2012-12-31": "-9.17100", "2011-12-31": "-7.79700"}, "Net Change In Intangible Assets": {"2019-12-31": "", "2018-12-31": "", "2017-12-31": "", "2016-12-31": "", "2015-12-31": "", "2014-12-31": "", "2013-12-31": "", "2012-12-31": "", "2011-12-31": ""}, "Net Acquisitions/Divestitures": {"2019-12-31": "", "2018-12-31": "-1113.22700", "2017-12-31": "-1313.05100", "2016-12-31": "-0.19400", "2015-12-31": "-125.01600", "2014-12-31": "48.11000", "2013-12-31": "", "2012-12-31": "", "2011-12-31": ""}, "Net Change In Short-term Investments": {"2019-12-31": "", "2018-12-31": "-8.00800", "2017-12-31": "", "2016-12-31": "", "2015-12-31": "", "2014-12-31": "", "2013-12-31": "", "2012-12-31": "", "2011-12-31": ""}, "Net Change In Long-Term Investments": {"2019-12-31": "4.17300", "2018-12-31": "-0.58100", "2017-12-31": "-0.60400", "2016-12-31": "", "2015-12-31": "-1.01000", "2014-12-31": "", "2013-12-31": "", "2012-12-31": "-7.56200", "2011-12-31": "-0.01000"}, "Net Change In Investments - Total": {"2019-12-31": "4.17300", "2018-12-31": "-8.58900", "2017-12-31": "-0.60400", "2016-12-31": "", "2015-12-31": "-1.01000", "2014-12-31": "", "2013-12-31": "", "2012-12-31": "-7.56200", "2011-12-31": "-0.01000"}, "Investing Activities - Other": {"2019-12-31": "", "2018-12-31": "", "2017-12-31": "", "2016-12-31": "", "2015-12-31": "3.88100", "2014-12-31": "2.86400", "2013-12-31": "-0.16600", "2012-12-31": "-5.09900", "2011-12-31": "0.09200"}, "Cash Flow From Investing Activities": {"2019-12-31": "369.54000", "2018-12-31": "-1268.22900", "2017-12-31": "-1396.68100", "2016-12-31": "-41.80700", "2015-12-31": "-158.75400", "2014-12-31": "40.41300", "2013-12-31": "-7.56000", "2012-12-31": "-21.83200", "2011-12-31": "-7.71500"}, "Net Long-Term Debt": {"2019-12-31": "-703.47600", "2018-12-31": "1090.33400", "2017-12-31": "1411.09200", "2016-12-31": "-69.02400", "2015-12-31": "118.53300", "2014-12-31": "-13.75000", "2013-12-31": "-5.36900", "2012-12-31": "-7.35200", "2011-12-31": "-22.48100"}, "Net Current Debt": {"2019-12-31": "", "2018-12-31": "", "2017-12-31": "", "2016-12-31": "", "2015-12-31": "", "2014-12-31": "", "2013-12-31": "", "2012-12-31": "", "2011-12-31": ""}, "Debt Issuance/Retirement Net - Total": {"2019-12-31": "-703.47600", "2018-12-31": "1090.33400", "2017-12-31": "1411.09200", "2016-12-31": "-69.02400", "2015-12-31": "118.53300", "2014-12-31": "-13.75000", "2013-12-31": "-5.36900", "2012-12-31": "-7.35200", "2011-12-31": "-22.48100"}, "Net Common Equity Issued/Repurchased": {"2019-12-31": "", "2018-12-31": "-8.97700", "2017-12-31": "2.90000", "2016-12-31": "0.38500", "2015-12-31": "", "2014-12-31": "0.24500", "2013-12-31": "", "2012-12-31": "", "2011-12-31": ""}, "Net Total Equity Issued/Repurchased": {"2019-12-31": "", "2018-12-31": "-8.97700", "2017-12-31": "2.90000", "2016-12-31": "0.38500", "2015-12-31": "", "2014-12-31": "0.24500", "2013-12-31": "", "2012-12-31": "", "2011-12-31": ""}, "Total Common And Preferred Stock Dividends Paid": {"2019-12-31": "", "2018-12-31": "", "2017-12-31": "", "2016-12-31": "", "2015-12-31": "", "2014-12-31": "", "2013-12-31": "", "2012-12-31": "", "2011-12-31": ""}, "Financial Activities - Other": {"2019-12-31": "-8.70300", "2018-12-31": "-37.46600", "2017-12-31": "-62.89100", "2016-12-31": "-5.03200", "2015-12-31": "-25.82000", "2014-12-31": "-0.72300", "2013-12-31": "-6.09700", "2012-12-31": "-4.02900", "2011-12-31": "-8.95800"}, "Cash Flow From Financial Activities": {"2019-12-31": "-712.17900", "2018-12-31": "1043.89100", "2017-12-31": "1351.10100", "2016-12-31": "-73.67100", "2015-12-31": "92.71300", "2014-12-31": "-14.22800", "2013-12-31": "-11.46600", "2012-12-31": "-11.38100", "2011-12-31": "-31.43900"}, "Net Cash Flow": {"2019-12-31": "-30.11300", "2018-12-31": "98.94200", "2017-12-31": "84.30600", "2016-12-31": "-20.10600", "2015-12-31": "-9.32600", "2014-12-31": "57.79100", "2013-12-31": "4.51000", "2012-12-31": "-4.84700", "2011-12-31": "-17.98300"}, "Stock-Based Compensation": {"2019-12-31": "19.71900", "2018-12-31": "13.08400", "2017-12-31": "6.32200", "2016-12-31": "3.34100", "2015-12-31": "1.48800", "2014-12-31": "", "2013-12-31": "", "2012-12-31": "", "2011-12-31": ""}, "Common Stock Dividends Paid": {"2019-12-31": "", "2018-12-31": "", "2017-12-31": "", "2016-12-31": "", "2015-12-31": "", "2014-12-31": "", "2013-12-31": "", "2012-12-31": "", "2011-12-31": ""}}, "cash flow statement, quarterly": {"Net Income/Loss": {"2020-09-30": 275.634, "2020-06-30": -99.996, "2020-03-31": "-175.63800", "2019-12-31": 81.001, "2019-09-30": -57.165, "2019-06-30": 18.936, "2019-03-31": "38.22900", "2018-12-31": -0.12, "2018-09-30": 37.704, "2018-06-30": 36.796, "2018-03-31": "20.85500", "2017-12-31": 88.938, "2017-09-30": 29.687, "2017-06-30": -46.19, "2017-03-31": "0.94500", "2016-12-31": 0.685, "2016-09-30": 9.682, "2016-06-30": 10.79, "2016-03-31": "3.37000", "2015-12-31": 110.153, "2015-09-30": 5.399, "2015-06-30": 4.795, "2015-03-31": "-6.16400", "2014-12-31": -10.834, "2014-09-30": -4.064, "2014-06-30": 2.909, "2014-03-31": "-2.33300", "2013-12-31": 7.071, "2013-09-30": 9.732, "2013-03-31": "2.08700", "2012-12-31": 28.03, "2011-12-31": -29.02}, "Total Depreciation And Amortization - Cash Flow": {"2020-09-30": -270.326, "2020-06-30": 54.093, "2020-03-31": "216.23300", "2019-12-31": 243.846, "2019-09-30": -125.766, "2019-06-30": 61.829, "2019-03-31": "63.93700", "2018-12-31": 62.037, "2018-09-30": 41.198, "2018-06-30": 33.851, "2018-03-31": "42.79500", "2017-12-31": 75.52, "2017-09-30": 31.129, "2017-06-30": 27.066, "2017-03-31": "16.48100", "2016-12-31": 16.758, "2016-09-30": 16.67, "2016-06-30": 16.49, "2016-03-31": "17.05100", "2015-12-31": 15.354, "2015-09-30": 13.739, "2015-06-30": 11.51, "2015-03-31": "11.94600", "2014-12-31": 12.352, "2014-09-30": 5.329, "2014-06-30": 4.299, "2014-03-31": "4.40200", "2013-12-31": 4.24, "2013-09-30": 9.086, "2013-03-31": "4.55400", "2012-12-31": -1.73, "2011-12-31": 20.38}, "Other Non-Cash Items": {"2020-09-30": 33.892, "2020-06-30": -20.935, "2020-03-31": "-12.95700", "2019-12-31": -35.495, "2019-09-30": 16.242, "2019-06-30": -3.699, "2019-03-31": "-12.54300", "2018-12-31": 12.449, "2018-09-30": 20.033, "2018-06-30": 13.429, "2018-03-31": "6.31800", "2017-12-31": -83.586, "2017-09-30": 23.591, "2017-06-30": -9.087, "2017-03-31": "2.52600", "2016-12-31": -0.634, "2016-09-30": 6.05, "2016-06-30": 7.034, "2016-03-31": "3.30100", "2015-12-31": -109.427, "2015-09-30": 1.373, "2015-06-30": -0.131, "2015-03-31": "1.87300", "2014-12-31": 1.012, "2014-09-30": 0.337, "2014-06-30": -1.784, "2014-03-31": "0.36700", "2013-12-31": 1.559, "2013-09-30": -2.337, "2013-03-31": "0.77800", "2012-12-31": 0, "2011-12-31": 0}, "Total Non-Cash Items": {"2020-09-30": -236.434, "2020-06-30": 33.158, "2020-03-31": "203.27600", "2019-12-31": 208.351, "2019-09-30": -109.524, "2019-06-30": 58.13, "2019-03-31": "51.39400", "2018-12-31": 74.486, "2018-09-30": 61.231, "2018-06-30": 47.28, "2018-03-31": "49.11300", "2017-12-31": -8.066, "2017-09-30": 54.72, "2017-06-30": 17.979, "2017-03-31": "19.00700", "2016-12-31": 16.124, "2016-09-30": 22.72, "2016-06-30": 23.524, "2016-03-31": "20.35200", "2015-12-31": -94.073, "2015-09-30": 15.112, "2015-06-30": 11.379, "2015-03-31": "13.81900", "2014-12-31": 13.364, "2014-09-30": 5.666, "2014-06-30": 2.515, "2014-03-31": "4.76900", "2013-12-31": 5.799, "2013-09-30": 6.749, "2013-03-31": "5.33200", "2012-12-31": -1.73, "2011-12-31": 20.38}, "Change In Accounts Receivable": {"2020-09-30": -6.391, "2020-06-30": -2.212, "2020-03-31": "8.60300", "2019-12-31": 4.586, "2019-09-30": 3.786, "2019-06-30": 0.147, "2019-03-31": "-3.93300", "2018-12-31": 6.545, "2018-09-30": -7.948, "2018-06-30": -1.984, "2018-03-31": "9.49100", "2017-12-31": -12.173, "2017-09-30": -10.974, "2017-06-30": -1.61, "2017-03-31": "5.64700", "2016-12-31": 2.514, "2016-09-30": -2.516, "2016-06-30": -5.174, "2016-03-31": "0.30200", "2015-12-31": 5.092, "2015-09-30": -0.415, "2015-06-30": -3.16, "2015-03-31": "1.43800", "2014-12-31": 0.921, "2014-09-30": 0.367, "2014-06-30": -0.897, "2014-03-31": "-0.03300", "2013-12-31": 0.875, "2013-09-30": -1.05, "2013-03-31": "0.17500", "2012-12-31": 0, "2011-12-31": 0}, "Change In Inventories": {"2020-09-30": 0, "2020-06-30": 0, "2020-03-31": "", "2019-12-31": 0, "2019-09-30": 0, "2019-06-30": 0, "2019-03-31": "", "2018-12-31": 0, "2018-09-30": 0, "2018-06-30": 0, "2018-03-31": "", "2017-12-31": -0.017, "2017-09-30": 0.647, "2017-06-30": -0.379, "2017-03-31": "-0.25100", "2016-12-31": 0.422, "2016-09-30": 0.219, "2016-06-30": -0.377, "2016-03-31": "0.42300", "2015-12-31": -0.14, "2015-09-30": -0.215, "2015-06-30": 0.199, "2015-03-31": "0.08500", "2014-12-31": 0.123, "2014-09-30": 0.018, "2014-06-30": -0.059, "2014-03-31": "-0.09400", "2013-12-31": 0.374, "2013-09-30": 0.036, "2013-03-31": "-0.41000", "2012-12-31": 0, "2011-12-31": 0}, "Change In Accounts Payable": {"2020-09-30": 38.312, "2020-06-30": -11.177, "2020-03-31": "-27.13500", "2019-12-31": 0, "2019-09-30": 29.756, "2019-06-30": -21.573, "2019-03-31": "-8.18300", "2018-12-31": -4.91, "2018-09-30": 16.235, "2018-06-30": 3.907, "2018-03-31": "-15.23200", "2017-12-31": -2.786, "2017-09-30": -9.229, "2017-06-30": 20.818, "2017-03-31": "-8.80300", "2016-12-31": -5.168, "2016-09-30": 1.191, "2016-06-30": -5.963, "2016-03-31": "3.59100", "2015-12-31": 4.213, "2015-09-30": 2.08, "2015-06-30": 1.217, "2015-03-31": "-2.65500", "2014-12-31": 0.771, "2014-09-30": 1.675, "2014-06-30": -0.735, "2014-03-31": "0.10000", "2013-12-31": -0.881, "2013-09-30": 1.242, "2013-03-31": "-0.36100", "2012-12-31": 0, "2011-12-31": 0}, "Change In Assets/Liabilities": {"2020-09-30": 10.633, "2020-06-30": -11.222, "2020-03-31": "0.58900", "2019-12-31": 9.531, "2019-09-30": -3.347, "2019-06-30": -10.984, "2019-03-31": "14.33100", "2018-12-31": -1.546, "2018-09-30": 3.324, "2018-06-30": -11.303, "2018-03-31": "9.58100", "2017-12-31": -1.308, "2017-09-30": 5.005, "2017-06-30": 7.309, "2017-03-31": "-11.42900", "2016-12-31": 8.889, "2016-09-30": -7.702, "2016-06-30": 10.021, "2016-03-31": "-12.20300", "2015-12-31": 5.502, "2015-09-30": -14.17, "2015-06-30": 11.666, "2015-03-31": "-14.30500", "2014-12-31": 9.445, "2014-09-30": 8.728, "2014-06-30": -3.288, "2014-03-31": "3.40800", "2013-12-31": -2.968, "2013-09-30": -0.612, "2013-03-31": "3.58000", "2012-12-31": 0, "2011-12-31": 0}, "Total Change In Assets/Liabilities": {"2020-09-30": 41.263, "2020-06-30": -44.149, "2020-03-31": "2.88600", "2019-12-31": 23.174, "2019-09-30": 38.831, "2019-06-30": -14.648, "2019-03-31": "-24.18300", "2018-12-31": -14.534, "2018-09-30": 16.009, "2018-06-30": -13.579, "2018-03-31": "8.03900", "2017-12-31": -22.617, "2017-09-30": -15.819, "2017-06-30": 26.071, "2017-03-31": "-14.76900", "2016-12-31": 6.313, "2016-09-30": -8.808, "2016-06-30": 3.489, "2016-03-31": "-12.86900", "2015-12-31": 20.107, "2015-09-30": -19.144, "2015-06-30": 11.486, "2015-03-31": "-16.15400", "2014-12-31": 8.664, "2014-09-30": 12.001, "2014-06-30": -4.959, "2014-03-31": "3.90800", "2013-12-31": -3.461, "2013-09-30": -1.571, "2013-03-31": "4.51200", "2012-12-31": 5.59, "2011-12-31": -5.98}, "Cash Flow From Operating Activities": {"2020-09-30": -139.537, "2020-06-30": -110.987, "2020-03-31": "30.52400", "2019-12-31": 52.526, "2019-09-30": 132.142, "2019-06-30": 62.418, "2019-03-31": "65.44000", "2018-12-31": 59.832, "2018-09-30": 114.944, "2018-06-30": 70.497, "2018-03-31": "78.00700", "2017-12-31": 58.255, "2017-09-30": 68.588, "2017-06-30": -2.14, "2017-03-31": "5.18300", "2016-12-31": 23.122, "2016-09-30": 23.594, "2016-06-30": 37.803, "2016-03-31": "10.85300", "2015-12-31": 36.187, "2015-09-30": 1.367, "2015-06-30": 27.66, "2015-03-31": "-8.49900", "2014-12-31": 11.194, "2014-09-30": 13.603, "2014-06-30": 0.465, "2014-03-31": "6.34400", "2013-12-31": -3.231, "2013-09-30": 14.91, "2013-03-31": "11.93100", "2012-12-31": 7.19, "2011-12-31": 21.17}, "Net Change In Property, Plant, And Equipment": {"2020-09-30": 177.471, "2020-06-30": -27.785, "2020-03-31": "-12.68600", "2019-12-31": 331.367, "2019-09-30": -36.495, "2019-06-30": -59.09, "2019-03-31": "129.58500", "2018-12-31": -58.251, "2018-09-30": -33.821, "2018-06-30": -33.22, "2018-03-31": "-21.12100", "2017-12-31": -30.096, "2017-09-30": -23.106, "2017-06-30": -23.65, "2017-03-31": "-6.17400", "2016-12-31": -10.224, "2016-09-30": -12.595, "2016-06-30": -8.258, "2016-03-31": "-10.53600", "2015-12-31": -12.201, "2015-09-30": -6.547, "2015-06-30": -10.368, "2015-03-31": "-7.49300", "2014-12-31": -5.996, "2014-09-30": -2.651, "2014-06-30": -1.412, "2014-03-31": "-0.50200", "2013-12-31": -1.992, "2013-09-30": -3.474, "2013-03-31": "-1.92400", "2012-12-31": -1.38, "2011-12-31": -7.79}, "Net Change In Intangible Assets": {"2020-09-30": 0, "2020-06-30": 0, "2020-03-31": "", "2019-12-31": 0, "2019-09-30": 0, "2019-06-30": 0, "2019-03-31": "", "2018-12-31": 0, "2018-09-30": 0, "2018-06-30": 0, "2018-03-31": "", "2017-12-31": 0, "2017-09-30": 0, "2017-06-30": 0, "2017-03-31": "", "2016-12-31": 0, "2016-09-30": 0, "2016-06-30": 0, "2016-03-31": "", "2015-12-31": 0, "2015-09-30": 0, "2015-06-30": 0, "2015-03-31": "", "2014-12-31": 0, "2014-09-30": 0, "2014-06-30": 0, "2014-03-31": "", "2013-12-31": 0, "2013-09-30": 0, "2013-03-31": "", "2012-12-31": 0, "2011-12-31": 0}, "Net Acquisitions/Divestitures": {"2020-09-30": -6394, "2020-06-30": 0, "2020-03-31": "", "2019-12-31": 0, "2019-09-30": 0, "2019-06-30": 0, "2019-03-31": "", "2018-12-31": -806.953, "2018-09-30": -291.274, "2018-06-30": -15, "2018-03-31": "", "2017-12-31": 0.001, "2017-09-30": -0.001, "2017-06-30": -936.301, "2017-03-31": "-376.75000", "2016-12-31": 0.297, "2016-09-30": 0, "2016-06-30": -0.491, "2016-03-31": "", "2015-12-31": -69.556, "2015-09-30": -55.46, "2015-06-30": 0, "2015-03-31": "", "2014-12-31": -5.443, "2014-09-30": 53.553, "2014-06-30": 0, "2014-03-31": "", "2013-12-31": 0, "2013-09-30": 0, "2013-03-31": "", "2012-12-31": 0, "2011-12-31": 0}, "Net Change In Short-term Investments": {"2020-09-30": 0.116, "2020-06-30": -0.034, "2020-03-31": "-0.08200", "2019-12-31": 0, "2019-09-30": 0, "2019-06-30": 0.08, "2019-03-31": "-0.08000", "2018-12-31": -8.008, "2018-09-30": 0, "2018-06-30": 0, "2018-03-31": "", "2017-12-31": 0, "2017-09-30": 0, "2017-06-30": 0, "2017-03-31": "", "2016-12-31": 0, "2016-09-30": 0, "2016-06-30": 0, "2016-03-31": "", "2015-12-31": 0, "2015-09-30": 0, "2015-06-30": 0, "2015-03-31": "", "2014-12-31": 0, "2014-09-30": 0, "2014-06-30": 0, "2014-03-31": "", "2013-12-31": 0, "2013-09-30": 0, "2013-03-31": "", "2012-12-31": 0, "2011-12-31": 0}, "Net Change In Long-Term Investments": {"2020-09-30": -0.188, "2020-06-30": -0.491, "2020-03-31": "-0.32100", "2019-12-31": 0.173, "2019-09-30": -0.985, "2019-06-30": 4.985, "2019-03-31": "", "2018-12-31": 0.117, "2018-09-30": -0.698, "2018-06-30": 0, "2018-03-31": "", "2017-12-31": -0.604, "2017-09-30": 0, "2017-06-30": 0, "2017-03-31": "", "2016-12-31": 0, "2016-09-30": 0, "2016-06-30": 0, "2016-03-31": "", "2015-12-31": -3.51, "2015-09-30": 2.5, "2015-06-30": 0, "2015-03-31": "", "2014-12-31": 0, "2014-09-30": 0, "2014-06-30": 0, "2014-03-31": "", "2013-12-31": 0.083, "2013-09-30": -0.083, "2013-03-31": "", "2012-12-31": 0, "2011-12-31": 0}, "Net Change In Investments - Total": {"2020-09-30": -0.072, "2020-06-30": -0.525, "2020-03-31": "-0.40300", "2019-12-31": 0.173, "2019-09-30": -0.985, "2019-06-30": 5.065, "2019-03-31": "-0.08000", "2018-12-31": -7.891, "2018-09-30": -0.698, "2018-06-30": 0, "2018-03-31": "", "2017-12-31": -0.604, "2017-09-30": 0, "2017-06-30": 0, "2017-03-31": "", "2016-12-31": 0, "2016-09-30": 0, "2016-06-30": 0, "2016-03-31": "", "2015-12-31": -3.51, "2015-09-30": 2.5, "2015-06-30": 0, "2015-03-31": "", "2014-12-31": 0, "2014-09-30": 0, "2014-06-30": 0, "2014-03-31": "", "2013-12-31": 0.003, "2013-09-30": -0.083, "2013-03-31": "", "2012-12-31": -7.55, "2011-12-31": -0.01}, "Investing Activities - Other": {"2020-09-30": 0, "2020-06-30": 0, "2020-03-31": "", "2019-12-31": 0, "2019-09-30": 0, "2019-06-30": 0, "2019-03-31": "", "2018-12-31": 0, "2018-09-30": 0, "2018-06-30": 0, "2018-03-31": "", "2017-12-31": 0, "2017-09-30": 0, "2017-06-30": 0.148, "2017-03-31": "-0.14800", "2016-12-31": -4.677, "2016-09-30": 0.824, "2016-06-30": 1.99, "2016-03-31": "1.86300", "2015-12-31": 4.825, "2015-09-30": -0.694, "2015-06-30": -0.554, "2015-03-31": "0.30400", "2014-12-31": 2.77, "2014-09-30": -0.044, "2014-06-30": 0.121, "2014-03-31": "0.01700", "2013-12-31": 0.178, "2013-09-30": 0.175, "2013-03-31": "-0.51300", "2012-12-31": -5.18, "2011-12-31": 0.09}, "Cash Flow From Investing Activities": {"2020-09-30": -6216.601, "2020-06-30": -28.31, "2020-03-31": "-13.08900", "2019-12-31": 331.54, "2019-09-30": -37.48, "2019-06-30": -54.025, "2019-03-31": "129.50500", "2018-12-31": -873.095, "2018-09-30": -325.793, "2018-06-30": -48.22, "2018-03-31": "-21.12100", "2017-12-31": -30.699, "2017-09-30": -23.107, "2017-06-30": -959.803, "2017-03-31": "-383.07200", "2016-12-31": -14.604, "2016-09-30": -11.771, "2016-06-30": -6.759, "2016-03-31": "-8.67300", "2015-12-31": -80.442, "2015-09-30": -60.201, "2015-06-30": -10.922, "2015-03-31": "-7.18900", "2014-12-31": -8.669, "2014-09-30": 50.858, "2014-06-30": -1.291, "2014-03-31": "-0.48500", "2013-12-31": -1.821, "2013-09-30": -3.382, "2013-03-31": "-2.43700", "2012-12-31": -14.12, "2011-12-31": -7.71}, "Net Long-Term Debt": {"2020-09-30": 9486.144, "2020-06-30": -357.035, "2020-03-31": "454.89100", "2019-12-31": -388.476, "2019-09-30": -69.757, "2019-06-30": -40.125, "2019-03-31": "-205.11800", "2018-12-31": 310.835, "2018-09-30": 779.843, "2018-06-30": -0.174, "2018-03-31": "-0.17000", "2017-12-31": -45.288, "2017-09-30": -7.16, "2017-06-30": 1095.697, "2017-03-31": "367.84300", "2016-12-31": 8.868, "2016-09-30": -4.131, "2016-06-30": -38.13, "2016-03-31": "-35.63100", "2015-12-31": 74.379, "2015-09-30": 44.181, "2015-06-30": -0.024, "2015-03-31": "-0.00300", "2014-12-31": -11.033, "2014-09-30": -0.058, "2014-06-30": -1.591, "2014-03-31": "-1.06800", "2013-12-31": 4.063, "2013-09-30": -2.708, "2013-03-31": "-1.35500", "2012-12-31": 0, "2011-12-31": 0}, "Net Current Debt": {"2020-09-30": 0, "2020-06-30": 0, "2020-03-31": "", "2019-12-31": 0, "2019-09-30": 0, "2019-06-30": 0, "2019-03-31": "", "2018-12-31": 0, "2018-09-30": 0, "2018-06-30": 0, "2018-03-31": "", "2017-12-31": 0, "2017-09-30": 0, "2017-06-30": 0, "2017-03-31": "", "2016-12-31": 0, "2016-09-30": 0, "2016-06-30": 0, "2016-03-31": "", "2015-12-31": 0, "2015-09-30": 0, "2015-06-30": 0, "2015-03-31": "", "2014-12-31": 0, "2014-09-30": 0, "2014-06-30": 0, "2014-03-31": "", "2013-12-31": 0, "2013-09-30": 0, "2013-03-31": "", "2012-12-31": 0, "2011-12-31": 0}, "Debt Issuance/Retirement Net - Total": {"2020-09-30": 9486.144, "2020-06-30": -357.035, "2020-03-31": "454.89100", "2019-12-31": -388.476, "2019-09-30": -69.757, "2019-06-30": -40.125, "2019-03-31": "-205.11800", "2018-12-31": 310.835, "2018-09-30": 779.843, "2018-06-30": -0.174, "2018-03-31": "-0.17000", "2017-12-31": -45.288, "2017-09-30": -7.16, "2017-06-30": 1095.697, "2017-03-31": "367.84300", "2016-12-31": 8.868, "2016-09-30": -4.131, "2016-06-30": -38.13, "2016-03-31": "-35.63100", "2015-12-31": 74.379, "2015-09-30": 44.181, "2015-06-30": -0.024, "2015-03-31": "-0.00300", "2014-12-31": -11.033, "2014-09-30": -0.058, "2014-06-30": -1.591, "2014-03-31": "-1.06800", "2013-12-31": -1.297, "2013-09-30": -2.708, "2013-03-31": "-1.35500", "2012-12-31": 15.13, "2011-12-31": -22.48}, "Net Common Equity Issued/Repurchased": {"2020-09-30": -0.454, "2020-06-30": 772.454, "2020-03-31": "", "2019-12-31": 0, "2019-09-30": 0, "2019-06-30": 0, "2019-03-31": "", "2018-12-31": -9.131, "2018-09-30": 0.154, "2018-06-30": 0, "2018-03-31": "", "2017-12-31": 0, "2017-09-30": 0.002, "2017-06-30": 2.464, "2017-03-31": "0.43400", "2016-12-31": -0.62, "2016-09-30": 0, "2016-06-30": 1.005, "2016-03-31": "", "2015-12-31": 0, "2015-09-30": 0, "2015-06-30": 0, "2015-03-31": "", "2014-12-31": 5.13, "2014-09-30": -4.885, "2014-06-30": 0, "2014-03-31": "", "2013-12-31": 0, "2013-09-30": 0, "2013-03-31": "", "2012-12-31": 0, "2011-12-31": 0}, "Net Total Equity Issued/Repurchased": {"2020-09-30": -0.454, "2020-06-30": 772.454, "2020-03-31": "", "2019-12-31": 0, "2019-09-30": 0, "2019-06-30": 0, "2019-03-31": "", "2018-12-31": -9.131, "2018-09-30": 0.154, "2018-06-30": 0, "2018-03-31": "", "2017-12-31": 0, "2017-09-30": 0.002, "2017-06-30": 2.464, "2017-03-31": "0.43400", "2016-12-31": -0.62, "2016-09-30": 0, "2016-06-30": 1.005, "2016-03-31": "", "2015-12-31": 0, "2015-09-30": 0, "2015-06-30": 0, "2015-03-31": "", "2014-12-31": 5.13, "2014-09-30": -4.885, "2014-06-30": 0, "2014-03-31": "", "2013-12-31": 0, "2013-09-30": 0, "2013-03-31": "", "2012-12-31": 0, "2011-12-31": 0}, "Total Common And Preferred Stock Dividends Paid": {"2020-09-30": 0, "2020-06-30": 0, "2020-03-31": "", "2019-12-31": 0, "2019-09-30": 0, "2019-06-30": 0, "2019-03-31": "", "2018-12-31": 0, "2018-09-30": 0, "2018-06-30": 0, "2018-03-31": "", "2017-12-31": 0, "2017-09-30": 0, "2017-06-30": 0, "2017-03-31": "", "2016-12-31": 0, "2016-09-30": 0, "2016-06-30": 0, "2016-03-31": "", "2015-12-31": 0, "2015-09-30": 0, "2015-06-30": 0, "2015-03-31": "", "2014-12-31": 0, "2014-09-30": 0, "2014-06-30": 0, "2014-03-31": "", "2013-12-31": 0, "2013-09-30": 0, "2013-03-31": "", "2012-12-31": 0, "2011-12-31": 0}, "Financial Activities - Other": {"2020-09-30": -405.401, "2020-06-30": -0.447, "2020-03-31": "-7.15200", "2019-12-31": -0.703, "2019-09-30": -0.039, "2019-06-30": -3.253, "2019-03-31": "-4.70800", "2018-12-31": -21.464, "2018-09-30": -6.02, "2018-06-30": -2.176, "2018-03-31": "-7.80600", "2017-12-31": -0.626, "2017-09-30": -8.28, "2017-06-30": -46.79, "2017-03-31": "-7.19500", "2016-12-31": -3.203, "2016-09-30": -0.188, "2016-06-30": -0.913, "2016-03-31": "-0.72800", "2015-12-31": -0.597, "2015-09-30": -25.223, "2015-06-30": 0, "2015-03-31": "", "2014-12-31": -0.147, "2014-09-30": 0, "2014-06-30": -0.576, "2014-03-31": "", "2013-12-31": 0.007, "2013-09-30": -6.078, "2013-03-31": "-0.01900", "2012-12-31": 4.93, "2011-12-31": -8.95}, "Cash Flow From Financial Activities": {"2020-09-30": 9080.289, "2020-06-30": 414.972, "2020-03-31": "447.73900", "2019-12-31": -389.179, "2019-09-30": -69.796, "2019-06-30": -43.378, "2019-03-31": "-209.82600", "2018-12-31": 280.24, "2018-09-30": 773.977, "2018-06-30": -2.35, "2018-03-31": "-7.97600", "2017-12-31": -45.914, "2017-09-30": -15.438, "2017-06-30": 1051.371, "2017-03-31": "361.08200", "2016-12-31": 5.045, "2016-09-30": -4.319, "2016-06-30": -38.038, "2016-03-31": "-36.35900", "2015-12-31": 73.782, "2015-09-30": 18.958, "2015-06-30": -0.024, "2015-03-31": "-0.00300", "2014-12-31": -6.05, "2014-09-30": -4.943, "2014-06-30": -2.167, "2014-03-31": "-1.06800", "2013-12-31": -1.3, "2013-09-30": -8.786, "2013-03-31": "-1.37400", "2012-12-31": 20.05, "2011-12-31": -31.43}, "Net Cash Flow": {"2020-09-30": 2743.151, "2020-06-30": 275.675, "2020-03-31": "465.17400", "2019-12-31": -5.113, "2019-09-30": 24.866, "2019-06-30": -34.985, "2019-03-31": "-14.88100", "2018-12-31": -533.023, "2018-09-30": 563.128, "2018-06-30": 19.927, "2018-03-31": "48.91000", "2017-12-31": -18.358, "2017-09-30": 30.043, "2017-06-30": 89.428, "2017-03-31": "-16.80700", "2016-12-31": 13.563, "2016-09-30": 7.504, "2016-06-30": -6.994, "2016-03-31": "-34.17900", "2015-12-31": 29.527, "2015-09-30": -39.876, "2015-06-30": 16.714, "2015-03-31": "-15.69100", "2014-12-31": -3.525, "2014-09-30": 59.518, "2014-06-30": -2.993, "2014-03-31": "4.79100", "2013-12-31": -6.352, "2013-09-30": 2.742, "2013-03-31": "8.12000", "2012-12-31": 13.14, "2011-12-31": -17.98}, "Stock-Based Compensation": {"2020-09-30": -9.971, "2020-06-30": 4.229, "2020-03-31": "5.74200", "2019-12-31": 19.719, "2019-09-30": -11.457, "2019-06-30": 6.509, "2019-03-31": "4.94800", "2018-12-31": 3.439, "2018-09-30": 2.494, "2018-06-30": 3.472, "2018-03-31": "3.67900", "2017-12-31": 1.868, "2017-09-30": 1.392, "2017-06-30": 1.329, "2017-03-31": "1.73300", "2016-12-31": 0.592, "2016-09-30": 0.716, "2016-06-30": 0.579, "2016-03-31": "1.45400", "2015-12-31": 0.333, "2015-09-30": 0.334, "2015-06-30": 0.231, "2015-03-31": "0.59000", "2014-12-31": 0, "2014-09-30": 0, "2014-06-30": 0, "2014-03-31": "", "2013-12-31": 0, "2013-09-30": 0, "2013-03-31": "", "2012-12-31": 0, "2011-12-31": 0}, "Common Stock Dividends Paid": {"2020-09-30": 0, "2020-06-30": 0, "2020-03-31": "", "2019-12-31": 0, "2019-09-30": 0, "2019-06-30": 0, "2019-03-31": "", "2018-12-31": 0, "2018-09-30": 0, "2018-06-30": 0, "2018-03-31": "", "2017-12-31": 0, "2017-09-30": 0, "2017-06-30": 0, "2017-03-31": "", "2016-12-31": 0, "2016-09-30": 0, "2016-06-30": 0, "2016-03-31": "", "2015-12-31": 0, "2015-09-30": 0, "2015-06-30": 0, "2015-03-31": "", "2014-12-31": 0, "2014-09-30": 0, "2014-06-30": 0, "2014-03-31": "", "2013-12-31": 0, "2013-09-30": 0, "2013-03-31": "", "2012-12-31": 0, "2011-12-31": 0}}, "financial ratios": {"Current Ratio": {"2019-12-31": "0.87830", "2018-12-31": "1.42520", "2017-12-31": "1.12190", "2016-12-31": "0.99720", "2015-12-31": "1.09900", "2014-12-31": "1.27930", "2013-12-31": "1.56790", "2012-12-31": "1.27940", "2011-12-31": ""}, "Long-term Debt / Capital": {"2019-12-31": "0.74680", "2018-12-31": "0.80400", "2017-12-31": "0.69930", "2016-12-31": "0.72730", "2015-12-31": "0.76100", "2014-12-31": "0.83640", "2013-12-31": "0.68980", "2012-12-31": "0.73670", "2011-12-31": ""}, "Debt/Equity Ratio": {"2019-12-31": "3.16960", "2018-12-31": "4.10200", "2017-12-31": "2.32600", "2016-12-31": "2.68190", "2015-12-31": "3.20040", "2014-12-31": "5.11200", "2013-12-31": "2.25950", "2012-12-31": "2.88680", "2011-12-31": ""}, "Gross Margin": {"2019-12-31": "54.90120", "2018-12-31": "50.53930", "2017-12-31": "47.22360", "2016-12-31": "42.69290", "2015-12-31": "40.05730", "2014-12-31": "40.26090", "2013-12-31": "43.85360", "2012-12-31": "44.58700", "2011-12-31": "37.42310"}, "Operating Margin": {"2019-12-31": "16.21570", "2018-12-31": "15.08280", "2017-12-31": "6.40260", "2016-12-31": "9.85050", "2015-12-31": "10.07470", "2014-12-31": "4.85180", "2013-12-31": "9.13560", "2012-12-31": "6.21850", "2011-12-31": "-5.10560"}, "EBIT Margin": {"2019-12-31": "16.21570", "2018-12-31": "15.08280", "2017-12-31": "6.40260", "2016-12-31": "9.85050", "2015-12-31": "10.07470", "2014-12-31": "4.85180", "2013-12-31": "9.13560", "2012-12-31": "6.21850", "2011-12-31": "-5.10560"}, "EBITDA Margin": {"2019-12-31": "25.86050", "2018-12-31": "23.83180", "2017-12-31": "16.54550", "2016-12-31": "17.28760", "2015-12-31": "17.37540", "2014-12-31": "12.14320", "2013-12-31": "16.37110", "2012-12-31": "13.54240", "2011-12-31": "2.85350"}, "Pre-Tax Profit Margin": {"2019-12-31": "4.94330", "2018-12-31": "6.59640", "2017-12-31": "-2.93010", "2016-12-31": "4.17870", "2015-12-31": "6.19670", "2014-12-31": "-3.46970", "2013-12-31": "7.64490", "2012-12-31": "-0.38900", "2011-12-31": "-11.33280"}, "Net Profit Margin": {"2019-12-31": "3.20380", "2018-12-31": "4.63200", "2017-12-31": "4.95540", "2016-12-31": "2.72380", "2015-12-31": "15.86350", "2014-12-31": "-3.98680", "2013-12-31": "7.64490", "2012-12-31": "-0.38900", "2011-12-31": "-9.45550"}, "Asset Turnover": {"2019-12-31": "0.44820", "2018-12-31": "0.34780", "2017-12-31": "0.41750", "2016-12-31": "0.69590", "2015-12-31": "0.54320", "2014-12-31": "0.30880", "2013-12-31": "0.91490", "2012-12-31": "0.97030", "2011-12-31": ""}, "Inventory Turnover Ratio": {"2019-12-31": "62.03880", "2018-12-31": "49.37680", "2017-12-31": "46.32560", "2016-12-31": "46.67840", "2015-12-31": "36.74490", "2014-12-31": "29.87970", "2013-12-31": "44.64010", "2012-12-31": "49.61650", "2011-12-31": ""}, "Receiveable Turnover": {"2019-12-31": "46.90720", "2018-12-31": "34.17050", "2017-12-31": "32.33400", "2016-12-31": "61.28110", "2015-12-31": "72.11540", "2014-12-31": "50.87500", "2013-12-31": "76.29200", "2012-12-31": "72.00110", "2011-12-31": ""}, "Days Sales In Receivables": {"2019-12-31": "7.78130", "2018-12-31": "10.68170", "2017-12-31": "11.28840", "2016-12-31": "5.95620", "2015-12-31": "5.06130", "2014-12-31": "7.17440", "2013-12-31": "4.78430", "2012-12-31": "5.06940", "2011-12-31": ""}, "ROE - Return On Equity": {"2019-12-31": "7.25000", "2018-12-31": "9.25370", "2017-12-31": "7.79310", "2016-12-31": "8.21810", "2015-12-31": "42.18580", "2014-12-31": "-9.44590", "2013-12-31": "25.00430", "2012-12-31": "", "2011-12-31": ""}, "Return On Tangible Equity": {"2019-12-31": "-8.96170", "2018-12-31": "-7.10090", "2017-12-31": "-9.14590", "2016-12-31": "-9.58560", "2015-12-31": "-39.62050", "2014-12-31": "3.51790", "2013-12-31": "34.35760", "2012-12-31": "-2.45120", "2011-12-31": ""}, "ROA - Return On Assets": {"2019-12-31": "1.43600", "2018-12-31": "1.61100", "2017-12-31": "2.06910", "2016-12-31": "1.89540", "2015-12-31": "8.61750", "2014-12-31": "-1.22250", "2013-12-31": "6.99420", "2012-12-31": "-0.37750", "2011-12-31": ""}, "ROI - Return On Investment": {"2019-12-31": "1.83580", "2018-12-31": "1.81390", "2017-12-31": "2.34350", "2016-12-31": "2.24130", "2015-12-31": "10.08350", "2014-12-31": "-1.54550", "2013-12-31": "7.75710", "2012-12-31": "-0.42770", "2011-12-31": ""}, "Book Value Per Share": {"2019-12-31": "14.40340", "2018-12-31": "13.32840", "2017-12-31": "12.25620", "2016-12-31": "6.33570", "2015-12-31": "5.78130", "2014-12-31": "3.26580", "2013-12-31": "1.62780", "2012-12-31": "", "2011-12-31": ""}, "Operating Cash Flow Per Share": {"2019-12-31": -0.1532, "2018-12-31": 2.2225, "2017-12-31": -0.0921, "2016-12-31": 0.7928, "2015-12-31": 0.1495, "2014-12-31": 0.0473, "2013-12-31": -0.2071, "2012-12-31": 1.2168, "2011-12-31": 0}, "Free Cash Flow Per Share": {"2019-12-31": 6.3659, "2018-12-31": 1.5713, "2017-12-31": -0.4389, "2016-12-31": 0.6993, "2015-12-31": -0.2761, "2014-12-31": 0.0113, "2013-12-31": -0.1309, "2012-12-31": 0.8234, "2011-12-31": 0}}, "financial ratios, quarterly": {"Current Ratio": {"2020-09-30": "2.54980", "2020-06-30": "3.22420", "2020-03-31": "1.61140", "2019-12-31": "0.87940", "2019-09-30": "2.32190", "2019-06-30": "1.83340", "2019-03-31": "0.98370", "2018-12-31": "1.42520", "2018-09-30": "1.62710", "2018-06-30": "2.32160", "2018-03-31": "2.18740", "2017-12-31": "1.12190", "2017-09-30": "1.78150", "2017-06-30": "1.43670", "2017-03-31": "0.94150", "2016-12-31": "0.99720", "2016-09-30": "0.94170", "2016-06-30": "0.76610", "2016-03-31": "0.89680", "2015-12-31": "1.09900", "2015-09-30": "1.89140", "2015-06-30": "1.35810", "2015-03-31": "1.36510", "2014-12-31": "1.27930", "2014-09-30": "1.58450", "2014-06-30": "", "2014-03-31": "1.56730", "2013-12-31": "", "2013-09-30": "", "2013-03-31": "", "2012-12-31": "", "2011-12-31": ""}, "Long-term Debt / Capital": {"2020-09-30": "0.89120", "2020-06-30": "0.69290", "2020-03-31": "0.79970", "2019-12-31": "0.74690", "2019-09-30": "0.77670", "2019-06-30": "0.78590", "2019-03-31": "0.79080", "2018-12-31": "0.80400", "2018-09-30": "0.74120", "2018-06-30": "0.68730", "2018-03-31": "0.69560", "2017-12-31": "0.69930", "2017-09-30": "0.72260", "2017-06-30": "0.72830", "2017-03-31": "0.79380", "2016-12-31": "0.72730", "2016-09-30": "0.72590", "2016-06-30": "0.73370", "2016-03-31": "0.75040", "2015-12-31": "0.76100", "2015-09-30": "0.83370", "2015-06-30": "0.83660", "2015-03-31": "0.84160", "2014-12-31": "0.83640", "2014-09-30": "0.82850", "2014-06-30": "", "2014-03-31": "0.69640", "2013-12-31": "", "2013-09-30": "", "2013-03-31": "", "2012-12-31": "", "2011-12-31": ""}, "Debt/Equity Ratio": {"2020-09-30": "8.20800", "2020-06-30": "2.25600", "2020-03-31": "4.25430", "2019-12-31": "3.17100", "2019-09-30": "3.47820", "2019-06-30": "3.67010", "2019-03-31": "3.78090", "2018-12-31": "4.10200", "2018-09-30": "2.86430", "2018-06-30": "2.19840", "2018-03-31": "2.28520", "2017-12-31": "2.32600", "2017-09-30": "2.60570", "2017-06-30": "2.69910", "2017-03-31": "3.86570", "2016-12-31": "2.68190", "2016-09-30": "2.66300", "2016-06-30": "2.77170", "2016-03-31": "3.02350", "2015-12-31": "3.20040", "2015-09-30": "5.04160", "2015-06-30": "5.11910", "2015-03-31": "5.31420", "2014-12-31": "5.11200", "2014-09-30": "4.83270", "2014-06-30": "", "2014-03-31": "2.31690", "2013-12-31": "", "2013-09-30": "", "2013-03-31": "", "2012-12-31": "", "2011-12-31": ""}, "Gross Margin": {"2020-09-30": "55.33770", "2020-06-30": "54.57420", "2020-03-31": "50.39220", "2019-12-31": "59.14320", "2019-09-30": "52.33790", "2019-06-30": "54.81660", "2019-03-31": "53.70710", "2018-12-31": "52.02860", "2018-09-30": "50.86330", "2018-06-30": "49.99800", "2018-03-31": "48.46950", "2017-12-31": "47.49840", "2017-09-30": "49.09640", "2017-06-30": "47.07240", "2017-03-31": "42.54500", "2016-12-31": "42.18270", "2016-09-30": "43.79150", "2016-06-30": "42.90600", "2016-03-31": "41.73090", "2015-12-31": "40.08650", "2015-09-30": "40.70830", "2015-06-30": "40.60550", "2015-03-31": "38.71340", "2014-12-31": "37.29610", "2014-09-30": "42.13100", "2014-06-30": "43.91980", "2014-03-31": "42.24090", "2013-12-31": "", "2013-09-30": "44.48300", "2013-03-31": "37.87450", "2012-12-31": "", "2011-12-31": ""}, "Operating Margin": {"2020-09-30": "-11.03850", "2020-06-30": "-61.93330", "2020-03-31": "-26.03850", "2019-12-31": "9.93050", "2019-09-30": "18.85370", "2019-06-30": "16.09580", "2019-03-31": "19.44000", "2018-12-31": "12.91030", "2018-09-30": "18.83400", "2018-06-30": "16.94700", "2018-03-31": "12.31150", "2017-12-31": "6.92180", "2017-09-30": "17.23320", "2017-06-30": "-8.11100", "2017-03-31": "6.93110", "2016-12-31": "5.92140", "2016-09-30": "11.63620", "2016-06-30": "12.82020", "2016-03-31": "8.55150", "2015-12-31": "7.13420", "2015-09-30": "13.12630", "2015-06-30": "12.62590", "2015-03-31": "7.21640", "2014-12-31": "3.93060", "2014-09-30": "3.51870", "2014-06-30": "10.97180", "2014-03-31": "2.72140", "2013-12-31": "", "2013-09-30": "11.14550", "2013-03-31": "9.68980", "2012-12-31": "", "2011-12-31": ""}, "EBIT Margin": {"2020-09-30": "-11.03850", "2020-06-30": "-61.93330", "2020-03-31": "-26.03850", "2019-12-31": "9.93050", "2019-09-30": "18.85370", "2019-06-30": "16.09580", "2019-03-31": "19.44000", "2018-12-31": "12.91030", "2018-09-30": "18.83400", "2018-06-30": "16.94700", "2018-03-31": "12.31150", "2017-12-31": "6.92180", "2017-09-30": "17.23320", "2017-06-30": "-8.11100", "2017-03-31": "6.93110", "2016-12-31": "5.92140", "2016-09-30": "11.63620", "2016-06-30": "12.82020", "2016-03-31": "8.55150", "2015-12-31": "7.13420", "2015-09-30": "13.12630", "2015-06-30": "12.62590", "2015-03-31": "7.21640", "2014-12-31": "3.93060", "2014-09-30": "3.51870", "2014-06-30": "10.97180", "2014-03-31": "2.72140", "2013-12-31": "", "2013-09-30": "11.14550", "2013-03-31": "9.68980", "2012-12-31": "", "2011-12-31": ""}, "EBITDA Margin": {"2020-09-30": "", "2020-06-30": "", "2020-03-31": "", "2019-12-31": "", "2019-09-30": "", "2019-06-30": "", "2019-03-31": "", "2018-12-31": "", "2018-09-30": "", "2018-06-30": "", "2018-03-31": "", "2017-12-31": "", "2017-09-30": "", "2017-06-30": "", "2017-03-31": "", "2016-12-31": "", "2016-09-30": "", "2016-06-30": "", "2016-03-31": "", "2015-12-31": "", "2015-09-30": "", "2015-06-30": "", "2015-03-31": "", "2014-12-31": "", "2014-09-30": "", "2014-06-30": "", "2014-03-31": "", "2013-12-31": "", "2013-09-30": "", "2013-03-31": "", "2012-12-31": "", "2011-12-31": ""}, "Pre-Tax Profit Margin": {"2020-09-30": "-57.29850", "2020-06-30": "-105.68280", "2020-03-31": "-44.98500", "2019-12-31": "-1.35230", "2019-09-30": "8.29560", "2019-06-30": "4.60730", "2019-03-31": "7.64900", "2018-12-31": "1.33770", "2018-09-30": "11.83860", "2018-06-30": "10.07200", "2018-03-31": "5.21200", "2017-12-31": "-0.39890", "2017-09-30": "8.94080", "2017-06-30": "-22.71170", "2017-03-31": "0.67100", "2016-12-31": "0.06120", "2016-09-30": "6.42480", "2016-06-30": "7.25030", "2016-03-31": "2.43770", "2015-12-31": "19.39410", "2015-09-30": "4.26070", "2015-06-30": "3.19060", "2015-03-31": "-3.07430", "2014-12-31": "-6.25310", "2014-09-30": "-3.63400", "2014-06-30": "4.71100", "2014-03-31": "-4.09080", "2013-12-31": "", "2013-09-30": "5.00390", "2013-03-31": "3.35640", "2012-12-31": "", "2011-12-31": ""}, "Net Profit Margin": {"2020-09-30": "-67.24760", "2020-06-30": "-79.06700", "2020-03-31": "-37.12740", "2019-12-31": "-2.22250", "2019-09-30": "5.58070", "2019-06-30": "2.97210", "2019-03-31": "6.01250", "2018-12-31": "-0.01790", "2018-09-30": "7.73810", "2018-06-30": "8.05510", "2018-03-31": "4.73770", "2017-12-31": "20.68800", "2017-09-30": "6.27790", "2017-06-30": "-12.29680", "2017-03-31": "0.46690", "2016-12-31": "0.31960", "2016-09-30": "4.00800", "2016-06-30": "4.66510", "2016-03-31": "1.57800", "2015-12-31": "59.17110", "2015-09-30": "2.94160", "2015-06-30": "2.62550", "2015-03-31": "-3.68110", "2014-12-31": "-6.66500", "2014-09-30": "-5.14760", "2014-06-30": "4.71100", "2014-03-31": "-4.09080", "2013-12-31": "", "2013-09-30": "5.00390", "2013-03-31": "3.35640", "2012-12-31": "", "2011-12-31": ""}, "Asset Turnover": {"2020-09-30": "0.03800", "2020-06-30": "0.02060", "2020-03-31": "0.08030", "2019-12-31": "0.10500", "2019-09-30": "0.10900", "2019-06-30": "0.10480", "2019-03-31": "0.10400", "2018-12-31": "0.11360", "2018-09-30": "0.10880", "2018-06-30": "0.12690", "2018-03-31": "0.12390", "2017-12-31": "0.12120", "2017-09-30": "0.13190", "2017-06-30": "0.10560", "2017-03-31": "0.12300", "2016-12-31": "0.16540", "2016-09-30": "0.18890", "2016-06-30": "0.18150", "2016-03-31": "0.16610", "2015-12-31": "0.14050", "2015-09-30": "0.15700", "2015-06-30": "0.15620", "2015-03-31": "0.14560", "2014-12-31": "0.14010", "2014-09-30": "0.06750", "2014-06-30": "", "2014-03-31": "0.21020", "2013-12-31": "", "2013-09-30": "", "2013-03-31": "", "2012-12-31": "", "2011-12-31": ""}, "Inventory Turnover Ratio": {"2020-09-30": "12.55100", "2020-06-30": "3.30760", "2020-03-31": "13.74800", "2019-12-31": "13.44430", "2019-09-30": "17.86930", "2019-06-30": "15.13850", "2019-03-31": "14.16800", "2018-12-31": "15.64710", "2018-09-30": "15.69140", "2018-06-30": "15.38430", "2018-03-31": "14.91340", "2017-12-31": "13.37910", "2017-09-30": "14.58420", "2017-06-30": "11.64880", "2017-03-31": "10.28530", "2016-12-31": "11.19310", "2016-09-30": "11.83060", "2016-06-30": "11.29160", "2016-03-31": "10.99420", "2015-12-31": "9.49880", "2015-09-30": "15.18830", "2015-06-30": "15.60780", "2015-03-31": "14.35520", "2014-12-31": "14.22370", "2014-09-30": "6.21000", "2014-06-30": "", "2014-03-31": "10.28410", "2013-12-31": "", "2013-09-30": "", "2013-03-31": "", "2012-12-31": "", "2011-12-31": ""}, "Receiveable Turnover": {"2020-09-30": "3.57660", "2020-06-30": "2.85450", "2020-03-31": "10.82710", "2019-12-31": "10.96860", "2019-09-30": "13.76950", "2019-06-30": "10.60830", "2019-03-31": "9.69180", "2018-12-31": "11.16460", "2018-09-30": "11.60070", "2018-06-30": "13.12350", "2018-03-31": "13.04740", "2017-12-31": "9.38710", "2017-09-30": "14.27380", "2017-06-30": "17.18170", "2017-03-31": "22.92370", "2016-12-31": "14.56510", "2016-09-30": "14.15890", "2016-06-30": "15.92640", "2016-03-31": "22.40050", "2015-12-31": "18.65140", "2015-09-30": "20.06780", "2015-06-30": "21.47360", "2015-03-31": "29.85930", "2014-12-31": "23.07300", "2014-09-30": "8.76720", "2014-06-30": "", "2014-03-31": "15.92130", "2013-12-31": "", "2013-09-30": "", "2013-03-31": "", "2012-12-31": "", "2011-12-31": ""}, "Days Sales In Receivables": {"2020-09-30": "25.16340", "2020-06-30": "31.52880", "2020-03-31": "8.31250", "2019-12-31": "8.20520", "2019-09-30": "6.53620", "2019-06-30": "8.48400", "2019-03-31": "9.28620", "2018-12-31": "8.06120", "2018-09-30": "7.75810", "2018-06-30": "6.85790", "2018-03-31": "6.89790", "2017-12-31": "9.58760", "2017-09-30": "6.30520", "2017-06-30": "5.23810", "2017-03-31": "3.92610", "2016-12-31": "6.17920", "2016-09-30": "6.35640", "2016-06-30": "5.65100", "2016-03-31": "4.01780", "2015-12-31": "4.82540", "2015-09-30": "4.48480", "2015-06-30": "4.19120", "2015-03-31": "3.01410", "2014-12-31": "3.90070", "2014-09-30": "10.26550", "2014-06-30": "", "2014-03-31": "5.65280", "2013-12-31": "", "2013-09-30": "", "2013-03-31": "", "2012-12-31": "", "2011-12-31": ""}, "ROE - Return On Equity": {"2020-09-30": "-27.26470", "2020-06-30": "-6.18620", "2020-03-31": "-18.68070", "2019-12-31": "-1.17850", "2019-09-30": "3.28370", "2019-06-30": "1.74440", "2019-03-31": "3.59540", "2018-12-31": "-0.01170", "2018-09-30": "3.63890", "2018-06-30": "3.69170", "2018-03-31": "2.17550", "2017-12-31": "9.44540", "2017-09-30": "3.47650", "2017-06-30": "-5.59930", "2017-03-31": "0.31350", "2016-12-31": "0.22920", "2016-09-30": "3.26110", "2016-06-30": "3.76720", "2016-03-31": "1.22570", "2015-12-31": "40.69690", "2015-09-30": "3.44310", "2015-06-30": "3.17390", "2015-03-31": "-4.22050", "2014-12-31": "-7.14540", "2014-09-30": "-2.47820", "2014-06-30": "", "2014-03-31": "", "2013-12-31": "", "2013-09-30": "", "2013-03-31": "", "2012-12-31": "", "2011-12-31": ""}, "Return On Tangible Equity": {"2020-09-30": "8.77740", "2020-06-30": "39.97170", "2020-03-31": "18.82210", "2019-12-31": "1.45620", "2019-09-30": "-4.10290", "2019-06-30": "-1.71950", "2019-03-31": "-2.94200", "2018-12-31": "0.00890", "2018-09-30": "-4.31610", "2018-06-30": "-5.76320", "2018-03-31": "-3.07720", "2017-12-31": "-11.08500", "2017-09-30": "-3.50290", "2017-06-30": "5.25930", "2017-03-31": "-0.37440", "2016-12-31": "-0.26730", "2016-09-30": "-3.74760", "2016-06-30": "-3.99650", "2016-03-31": "-1.19210", "2015-12-31": "-38.22210", "2015-09-30": "-1.36060", "2015-06-30": "-1.18670", "2015-03-31": "1.50060", "2014-12-31": "2.66120", "2014-09-30": "1.02190", "2014-06-30": "", "2014-03-31": "-4.42960", "2013-12-31": "", "2013-09-30": "", "2013-03-31": "", "2012-12-31": "", "2011-12-31": ""}, "ROA - Return On Assets": {"2020-09-30": "-2.54970", "2020-06-30": "-1.62640", "2020-03-31": "-2.98140", "2019-12-31": "-0.23340", "2019-09-30": "0.60840", "2019-06-30": "0.31130", "2019-03-31": "0.62520", "2018-12-31": "-0.00200", "2018-09-30": "0.84210", "2018-06-30": "1.02220", "2018-03-31": "0.58710", "2017-12-31": "2.50780", "2017-09-30": "0.82800", "2017-06-30": "-1.29820", "2017-03-31": "0.05740", "2016-12-31": "0.05290", "2016-09-30": "0.75710", "2016-06-30": "0.84660", "2016-03-31": "0.26200", "2015-12-31": "8.31340", "2015-09-30": "0.46190", "2015-06-30": "0.41020", "2015-03-31": "-0.53580", "2014-12-31": "-0.92480", "2014-09-30": "-0.34750", "2014-06-30": "", "2014-03-31": "-0.85990", "2013-12-31": "", "2013-09-30": "", "2013-03-31": "", "2012-12-31": "", "2011-12-31": ""}, "ROI - Return On Investment": {"2020-09-30": "-2.96730", "2020-06-30": "-1.90000", "2020-03-31": "-3.74170", "2019-12-31": "-0.29830", "2019-09-30": "0.73330", "2019-06-30": "0.37360", "2019-03-31": "0.75210", "2018-12-31": "-0.00230", "2018-09-30": "0.94180", "2018-06-30": "1.15440", "2018-03-31": "0.66230", "2017-12-31": "2.84040", "2017-09-30": "0.96450", "2017-06-30": "-1.52140", "2017-03-31": "0.06460", "2016-12-31": "0.06250", "2016-09-30": "0.89400", "2016-06-30": "1.00300", "2016-03-31": "0.30590", "2015-12-31": "9.72760", "2015-09-30": "0.57250", "2015-06-30": "0.51870", "2015-03-31": "-0.66840", "2014-12-31": "-1.16910", "2014-09-30": "-0.42490", "2014-06-30": "", "2014-03-31": "-0.96690", "2013-12-31": "", "2013-09-30": "", "2013-03-31": "", "2012-12-31": "", "2011-12-31": ""}, "Book Value Per Share": {"2020-09-30": "20.05330", "2020-06-30": "16.39970", "2020-03-31": "12.11940", "2019-12-31": "14.32050", "2019-09-30": "14.53050", "2019-06-30": "13.99890", "2019-03-31": "13.73030", "2018-12-31": "13.32840", "2018-09-30": "13.38850", "2018-06-30": "12.88990", "2018-03-31": "12.41090", "2017-12-31": "12.25620", "2017-09-30": "11.11820", "2017-06-30": "10.76560", "2017-03-31": "6.39190", "2016-12-31": "6.33570", "2016-09-30": "6.30270", "2016-06-30": "6.08470", "2016-03-31": "5.85720", "2015-12-31": "5.78130", "2015-09-30": "3.37620", "2015-06-30": "3.25280", "2015-03-31": "3.14580", "2014-12-31": "3.26580", "2014-09-30": "3.53080", "2014-06-30": "", "2014-03-31": "", "2013-12-31": "", "2013-09-30": "", "2013-03-31": "", "2012-12-31": "", "2011-12-31": ""}, "Operating Cash Flow Per Share": {"2020-09-30": -0.4423, "2020-06-30": -1.3967, "2020-03-31": "0.39160", "2019-12-31": 0.6854, "2019-09-30": 1.667, "2019-06-30": 0.7914, "2019-03-31": "0.83270", "2018-12-31": 0.7644, "2018-09-30": 1.4677, "2018-06-30": 0.8985, "2018-03-31": "0.99910", "2017-12-31": 0.9884, "2017-09-30": 0.8737, "2017-06-30": -0.0627, "2017-03-31": "0.10780", "2016-12-31": 0.4889, "2016-09-30": 0.4908, "2016-06-30": 0.7913, "2016-03-31": "0.22830", "2015-12-31": 0.7675, "2015-09-30": 0.0283, "2015-06-30": 0.5935, "2015-03-31": "-0.18280", "2014-12-31": 0.2742, "2014-09-30": 0.4907, "2014-06-30": 0.02, "2014-03-31": "0.27210", "2013-12-31": -1.1514, "2013-09-30": 1.1514, "2013-03-31": "", "2012-12-31": 0, "2011-12-31": 0}, "Free Cash Flow Per Share": {"2020-09-30": 0.9646, "2020-06-30": -1.7395, "2020-03-31": "0.22880", "2019-12-31": 4.9038, "2019-09-30": 1.2019, "2019-06-30": 0.038, "2019-03-31": "2.48160", "2018-12-31": 0.0203, "2018-09-30": 1.0359, "2018-06-30": 0.4746, "2018-03-31": "0.72860", "2017-12-31": 0.4482, "2017-09-30": 0.6369, "2017-06-30": -0.3764, "2017-03-31": "-0.02060", "2016-12-31": 0.2728, "2016-09-30": 0.2284, "2016-06-30": 0.6191, "2016-03-31": "0.00670", "2015-12-31": 0.5107, "2015-09-30": -0.1109, "2015-06-30": 0.3719, "2015-03-31": "-0.34400", "2014-12-31": 0.0961, "2014-09-30": 0.3977, "2014-06-30": -0.0406, "2014-03-31": "0.25060", "2013-12-31": -0.9199, "2013-09-30": 0.9199, "2013-03-31": "", "2012-12-31": 0, "2011-12-31": 0}}, "revenue": {"Caesars Entertainment Annual Revenue (Millions of US $)": {"2019": "$2,528", "2018": "$2,056", "2017": "$1,481", "2016": "$900", "2015": "$720", "2014": "$362", "2013": "$247", "2012": "$255", "2011": "$256"}, "Caesars Entertainment Quarterly Revenue (Millions of US $)": {"2020-09-30": "$1,377", "2020-06-30": "$126", "2020-03-31": "$473", "2019-12-31": "$592", "2019-09-30": "$663", "2019-06-30": "$637", "2019-03-31": "$636", "2018-12-31": "$672", "2018-09-30": "$487", "2018-06-30": "$457", "2018-03-31": "$440", "2017-12-31": "$430", "2017-09-30": "$473", "2017-06-30": "$376", "2017-03-31": "$202", "2016-12-31": "$214", "2016-09-30": "$242", "2016-06-30": "$231", "2016-03-31": "$214", "2015-12-31": "$186", "2015-09-30": "$184", "2015-06-30": "$183", "2015-03-31": "$167", "2014-12-31": "$164", "2014-09-30": "$79", "2014-06-30": "$62", "2014-03-31": "$57", "2013-12-31": "", "2013-09-30": "$64", "2013-03-31": "$62", "2012-12-31": "", "2011-12-31": ""}}, "gross-profit": {"Caesars Entertainment Annual Gross Profit (Millions of US $)": {"2019": "$1,388", "2018": "$1,039", "2017": "$699", "2016": "$384", "2015": "$288", "2014": "$146", "2013": "$108", "2012": "$114", "2011": "$96"}, "Caesars Entertainment Quarterly Gross Profit (Millions of US $)": {"2020-09-30": "$762", "2020-06-30": "$69", "2020-03-31": "$238", "2019-12-31": "$350", "2019-09-30": "$347", "2019-06-30": "$349", "2019-03-31": "$341", "2018-12-31": "$350", "2018-09-30": "$248", "2018-06-30": "$228", "2018-03-31": "$213", "2017-12-31": "$204", "2017-09-30": "$232", "2017-06-30": "$177", "2017-03-31": "$86", "2016-12-31": "$90", "2016-09-30": "$106", "2016-06-30": "$99", "2016-03-31": "$89", "2015-12-31": "$75", "2015-09-30": "$75", "2015-06-30": "$74", "2015-03-31": "$65", "2014-12-31": "$61", "2014-09-30": "$33", "2014-06-30": "$27", "2014-03-31": "$24", "2013-12-31": "", "2013-09-30": "$28", "2013-03-31": "$24", "2012-12-31": "", "2011-12-31": ""}}, "operating-income": {"Caesars Entertainment Annual Operating Income (Millions of US $)": {"2019": "$410", "2018": "$310", "2017": "$95", "2016": "$89", "2015": "$73", "2014": "$18", "2013": "$23", "2012": "$16", "2011": "$-13"}, "Caesars Entertainment Quarterly Operating Income (Millions of US $)": {"2020-09-30": "$-152", "2020-06-30": "$-78", "2020-03-31": "$-123", "2019-12-31": "$59", "2019-09-30": "$125", "2019-06-30": "$103", "2019-03-31": "$124", "2018-12-31": "$87", "2018-09-30": "$92", "2018-06-30": "$77", "2018-03-31": "$54", "2017-12-31": "$30", "2017-09-30": "$81", "2017-06-30": "$-30", "2017-03-31": "$14", "2016-12-31": "$13", "2016-09-30": "$28", "2016-06-30": "$30", "2016-03-31": "$18", "2015-12-31": "$13", "2015-09-30": "$24", "2015-06-30": "$23", "2015-03-31": "$12", "2014-12-31": "$6", "2014-09-30": "$3", "2014-06-30": "$7", "2014-03-31": "$2", "2013-12-31": "", "2013-09-30": "$7", "2013-03-31": "$6", "2012-12-31": "", "2011-12-31": ""}}, "ebitda": {"Caesars Entertainment Annual EBITDA (Millions of US $)": {"2019": "$654", "2018": "$490", "2017": "$245", "2016": "$156", "2015": "$125", "2014": "$44", "2013": "$40", "2012": "$34", "2011": "$7"}, "Caesars Entertainment Quarterly EBITDA (Millions of US $)": {"2020-09-30": "$-152", "2020-06-30": "$-24", "2020-03-31": "$93", "2019-12-31": "$59", "2019-09-30": "$125", "2019-06-30": "$164", "2019-03-31": "$188", "2018-12-31": "$149", "2018-09-30": "$133", "2018-06-30": "$111", "2018-03-31": "$97", "2017-12-31": "$105", "2017-09-30": "$113", "2017-06-30": "$-3", "2017-03-31": "$31", "2016-12-31": "$29", "2016-09-30": "$45", "2016-06-30": "$46", "2016-03-31": "$35", "2015-12-31": "$29", "2015-09-30": "$38", "2015-06-30": "$35", "2015-03-31": "$24", "2014-12-31": "$19", "2014-09-30": "$8", "2014-06-30": "$11", "2014-03-31": "$6", "2013-12-31": "", "2013-09-30": "$7", "2013-03-31": "$11", "2012-12-31": "", "2011-12-31": ""}}, "net-income": {"Caesars Entertainment Annual Net Income (Millions of US $)": {"2019": "$81", "2018": "$95", "2017": "$73", "2016": "$25", "2015": "$114", "2014": "$-14", "2013": "$19", "2012": "$-1", "2011": "$-24"}, "Caesars Entertainment Quarterly Net Income (Millions of US $)": {"2020-09-30": "$-926", "2020-06-30": "$-100", "2020-03-31": "$-176", "2019-12-31": "$-13", "2019-09-30": "$37", "2019-06-30": "$19", "2019-03-31": "$38", "2018-12-31": "$-0", "2018-09-30": "$38", "2018-06-30": "$37", "2018-03-31": "$21", "2017-12-31": "$89", "2017-09-30": "$30", "2017-06-30": "$-46", "2017-03-31": "$1", "2016-12-31": "$1", "2016-09-30": "$10", "2016-06-30": "$11", "2016-03-31": "$3", "2015-12-31": "$110", "2015-09-30": "$5", "2015-06-30": "$5", "2015-03-31": "$-6", "2014-12-31": "$-11", "2014-09-30": "$-4", "2014-06-30": "$3", "2014-03-31": "$-2", "2013-12-31": "", "2013-09-30": "$3", "2013-03-31": "$2", "2012-12-31": "", "2011-12-31": ""}}, "eps-earnings-per-share-diluted": {"Caesars Entertainment Annual EPS": {"2019": "$1.03", "2018": "$1.22", "2017": "$1.08", "2016": "$0.51", "2015": "$2.43", "2014": "$-0.48", "2013": "$0.81", "2012": "$-0.04", "2011": "$0.00"}, "Caesars Entertainment Quarterly EPS": {"2020-09-30": "$-6.09", "2020-06-30": "$-1.25", "2020-03-31": "$-2.25", "2019-12-31": "$-0.17", "2019-09-30": "$0.47", "2019-06-30": "$0.24", "2019-03-31": "$0.49", "2018-12-31": "$0.00", "2018-09-30": "$0.48", "2018-06-30": "$0.47", "2018-03-31": "$0.27", "2017-12-31": "$1.36", "2017-09-30": "$0.38", "2017-06-30": "$-0.68", "2017-03-31": "$0.02", "2016-12-31": "$0.01", "2016-09-30": "$0.20", "2016-06-30": "$0.23", "2016-03-31": "$0.07", "2015-12-31": "$2.34", "2015-09-30": "$0.12", "2015-06-30": "$0.10", "2015-03-31": "$-0.13", "2014-12-31": "$-0.34", "2014-09-30": "$-0.16", "2014-06-30": "$0.12", "2014-03-31": "$-0.10", "2013-12-31": "$0.00", "2013-09-30": "$0.14", "2013-03-31": "$0.00", "2012-12-31": "$0.00", "2011-12-31": "$0.00"}}, "shares-outstanding": {"Caesars Entertainment Annual Shares Outstanding (Millions of Shares)": {"2019": "79", "2018": "78", "2017": "68", "2016": "48", "2015": "47", "2014": "30", "2013": "23", "2012": "23", "2011": ""}, "Caesars Entertainment Quarterly Shares Outstanding (Millions of Shares)": {"2020-09-30": "152", "2020-06-30": "80", "2020-03-31": "78", "2019-12-31": "79", "2019-09-30": "79", "2019-06-30": "79", "2019-03-31": "79", "2018-12-31": "78", "2018-09-30": "78", "2018-06-30": "78", "2018-03-31": "78", "2017-12-31": "68", "2017-09-30": "78", "2017-06-30": "67", "2017-03-31": "48", "2016-12-31": "48", "2016-09-30": "48", "2016-06-30": "48", "2016-03-31": "48", "2015-12-31": "47", "2015-09-30": "47", "2015-06-30": "47", "2015-03-31": "46", "2014-12-31": "30", "2014-09-30": "26", "2014-06-30": "23", "2014-03-31": "23", "2013-12-31": "", "2013-09-30": "23", "2013-03-31": "", "2012-12-31": "", "2011-12-31": ""}}, "total-assets": {"Caesars Entertainment Annual Total Assets (Millions of US $)": {"2019": "$5,641", "2018": "$5,911", "2017": "$3,546", "2016": "$1,294", "2015": "$1,325", "2014": "$1,172", "2013": "$270", "2012": "$263", "2011": "$0"}, "Caesars Entertainment Quarterly Total Assets (Millions of US $)": {"2020-09-30": "$36,239", "2020-06-30": "$6,148", "2020-03-31": "$5,891", "2019-12-31": "$5,641", "2019-09-30": "$6,081", "2019-06-30": "$6,082", "2019-03-31": "$6,115", "2018-12-31": "$5,911", "2018-09-30": "$4,477", "2018-06-30": "$3,600", "2018-03-31": "$3,552", "2017-12-31": "$3,546", "2017-09-30": "$3,585", "2017-06-30": "$3,558", "2017-03-31": "$1,646", "2016-12-31": "$1,294", "2016-09-30": "$1,279", "2016-06-30": "$1,275", "2016-03-31": "$1,286", "2015-12-31": "$1,325", "2015-09-30": "$1,169", "2015-06-30": "$1,169", "2015-03-31": "$1,150", "2014-12-31": "$1,172", "2014-09-30": "$1,169", "2014-06-30": "$0", "2014-03-31": "$271", "2013-12-31": "$0", "2013-09-30": "$0", "2013-03-31": "$0", "2012-12-31": "$263", "2011-12-31": "$0"}}, "cash-on-hand": {"Caesars Entertainment Annual Cash on Hand (Millions of US $)": {"2019": "$244", "2018": "$273", "2017": "$155", "2016": "$63", "2015": "$84", "2014": "$93", "2013": "$30", "2012": "$26", "2011": "$"}, "Caesars Entertainment Quarterly Cash on Hand (Millions of US $)": {"2020-09-30": "$3,296", "2020-06-30": "$996", "2020-03-31": "$711", "2019-12-31": "$210", "2019-09-30": "$252", "2019-06-30": "$231", "2019-03-31": "$259", "2018-12-31": "$273", "2018-09-30": "$183", "2018-06-30": "$224", "2018-03-31": "$204", "2017-12-31": "$155", "2017-09-30": "$174", "2017-06-30": "$144", "2017-03-31": "$47", "2016-12-31": "$63", "2016-09-30": "$47", "2016-06-30": "$41", "2016-03-31": "$53", "2015-12-31": "$84", "2015-09-30": "$50", "2015-06-30": "$96", "2015-03-31": "$80", "2014-12-31": "$93", "2014-09-30": "$93", "2014-06-30": "", "2014-03-31": "$35", "2013-12-31": "", "2013-09-30": "", "2013-03-31": "", "2012-12-31": "$26", "2011-12-31": ""}}, "long-term-debt": {"Caesars Entertainment Annual Long Term Debt (Millions of US $)": {"2019": "$3,295", "2018": "$4,221", "2017": "$2,190", "2016": "$796", "2015": "$862", "2014": "$775", "2013": "$168", "2012": "$171", "2011": "$"}, "Caesars Entertainment Quarterly Long Term Debt (Millions of US $)": {"2020-09-30": "$27,750", "2020-06-30": "$3,647", "2020-03-31": "$3,754", "2019-12-31": "$3,296", "2019-09-30": "$3,919", "2019-06-30": "$3,984", "2019-03-31": "$4,020", "2018-12-31": "$4,221", "2018-09-30": "$2,967", "2018-06-30": "$2,191", "2018-03-31": "$2,190", "2017-12-31": "$2,190", "2017-09-30": "$2,224", "2017-06-30": "$2,211", "2017-03-31": "$1,161", "2016-12-31": "$796", "2016-09-30": "$786", "2016-06-30": "$789", "2016-03-31": "$827", "2015-12-31": "$862", "2015-09-30": "$786", "2015-06-30": "$773", "2015-03-31": "$776", "2014-12-31": "$775", "2014-09-30": "$792", "2014-06-30": "", "2014-03-31": "$168", "2013-12-31": "", "2013-09-30": "", "2013-03-31": "", "2012-12-31": "$171", "2011-12-31": ""}}, "total-liabilities": {"Caesars Entertainment Annual Total Liabilities (Millions of US $)": {"2019": "$4,523", "2018": "$4,882", "2017": "$2,605", "2016": "$996", "2015": "$1,054", "2014": "$1,020", "2013": "$195", "2012": "$202", "2011": "$0"}, "Caesars Entertainment Quarterly Total Liabilities (Millions of US $)": {"2020-09-30": "$32,850", "2020-06-30": "$4,532", "2020-03-31": "$4,951", "2019-12-31": "$4,524", "2019-09-30": "$4,954", "2019-06-30": "$4,996", "2019-03-31": "$5,051", "2018-12-31": "$4,882", "2018-09-30": "$3,441", "2018-06-30": "$2,603", "2018-03-31": "$2,594", "2017-12-31": "$2,605", "2017-09-30": "$2,731", "2017-06-30": "$2,733", "2017-03-31": "$1,344", "2016-12-31": "$996", "2016-09-30": "$982", "2016-06-30": "$988", "2016-03-31": "$1,011", "2015-12-31": "$1,054", "2015-09-30": "$1,012", "2015-06-30": "$1,018", "2015-03-31": "$1,004", "2014-12-31": "$1,020", "2014-09-30": "$1,005", "2014-06-30": "", "2014-03-31": "$198", "2013-12-31": "", "2013-09-30": "$0", "2013-03-31": "$0", "2012-12-31": "$202", "2011-12-31": "$0"}}, "total-share-holder-equity": {"Caesars Entertainment Annual Share Holder Equity (Millions of US $)": {"2019": "$1,117", "2018": "$1,029", "2017": "$942", "2016": "$298", "2015": "$271", "2014": "$152", "2013": "$76", "2012": "$61", "2011": "$0"}, "Caesars Entertainment Quarterly Share Holder Equity (Millions of US $)": {"2020-09-30": "$3,389", "2020-06-30": "$1,616", "2020-03-31": "$940", "2019-12-31": "$1,117", "2019-09-30": "$1,127", "2019-06-30": "$1,086", "2019-03-31": "$1,063", "2018-12-31": "$1,029", "2018-09-30": "$1,036", "2018-06-30": "$997", "2018-03-31": "$959", "2017-12-31": "$942", "2017-09-30": "$854", "2017-06-30": "$825", "2017-03-31": "$301", "2016-12-31": "$298", "2016-09-30": "$297", "2016-06-30": "$286", "2016-03-31": "$275", "2015-12-31": "$271", "2015-09-30": "$157", "2015-06-30": "$151", "2015-03-31": "$146", "2014-12-31": "$152", "2014-09-30": "$164", "2014-06-30": "", "2014-03-31": "$73", "2013-12-31": "", "2013-09-30": "$0", "2013-03-31": "$0", "2012-12-31": "$61", "2011-12-31": "$0"}}, "profit-margins": {"current": "-47.29%"}, "gross margin": {"2020-09-30": "55.26%", "2020-06-30": "54.15%", "2020-03-31": "54.29%", "2019-12-31": "54.87%", "2019-09-30": "53.18%", "2019-06-30": "52.96%", "2019-03-31": "51.82%", "2018-12-31": "50.54%", "2018-09-30": "49.23%", "2018-06-30": "48.72%", "2018-03-31": "48.05%", "2017-12-31": "47.20%", "2017-09-30": "46.25%", "2017-06-30": "44.39%", "2017-03-31": "42.86%", "2016-12-31": "42.62%", "2016-09-30": "42.27%", "2016-06-30": "41.47%", "2016-03-31": "40.81%", "2015-12-31": "40.14%", "2015-09-30": "39.40%", "2015-06-30": "39.29%", "2015-03-31": "39.41%", "2014-12-31": "40.06%", "2014-06-30": "43.17%", "2014-03-31": "41.53%"}, "operating margin": {"2020-09-30": "-11.45%", "2020-06-30": "-0.92%", "2020-03-31": "6.93%", "2019-12-31": "16.26%", "2019-09-30": "16.83%", "2019-06-30": "16.69%", "2019-03-31": "16.87%", "2018-12-31": "15.08%", "2018-09-30": "13.95%", "2018-06-30": "13.44%", "2018-03-31": "7.85%", "2017-12-31": "6.41%", "2017-09-30": "6.17%", "2017-06-30": "2.42%", "2017-03-31": "9.56%", "2016-12-31": "9.88%", "2016-09-30": "10.19%", "2016-06-30": "10.43%", "2016-03-31": "10.17%", "2015-12-31": "10.00%", "2015-09-30": "9.31%", "2015-06-30": "7.42%", "2015-03-31": "5.93%", "2014-12-31": "4.97%", "2014-06-30": "8.74%", "2014-03-31": "8.20%"}, "ebitda margin": {"2020-09-30": "-0.93%", "2020-06-30": "13.65%", "2020-03-31": "18.65%", "2019-12-31": "21.20%", "2019-09-30": "24.00%", "2019-06-30": "26.07%", "2019-03-31": "25.80%", "2018-12-31": "23.83%", "2018-09-30": "24.59%", "2018-06-30": "23.67%", "2018-03-31": "18.15%", "2017-12-31": "16.61%", "2017-09-30": "13.44%", "2017-06-30": "9.86%", "2017-03-31": "16.99%", "2016-12-31": "17.20%", "2016-09-30": "17.75%", "2016-06-30": "18.16%", "2016-03-31": "17.86%", "2015-12-31": "17.50%", "2015-09-30": "16.62%", "2015-06-30": "14.50%", "2015-03-31": "13.14%", "2014-12-31": "12.15%", "2014-06-30": "13.11%", "2014-03-31": "13.11%"}, "pre tax profit margin": {"2020-09-30": "-44.55%", "2020-06-30": "-16.18%", "2020-03-31": "-5.79%", "2019-12-31": "4.94%", "2019-09-30": "5.44%", "2019-06-30": "5.96%", "2019-03-31": "7.19%", "2018-12-31": "6.61%", "2018-09-30": "6.89%", "2018-06-30": "6.06%", "2018-03-31": "-1.28%", "2017-12-31": "-2.97%", "2017-09-30": "-3.32%", "2017-06-30": "-6.58%", "2017-03-31": "3.82%", "2016-12-31": "4.22%", "2016-09-30": "8.48%", "2016-06-30": "8.10%", "2016-03-31": "7.17%", "2015-12-31": "6.25%", "2015-09-30": "-0.14%", "2015-06-30": "-2.02%", "2015-03-31": "-3.18%", "2014-12-31": "-3.31%", "2014-06-30": "2.19%", "2014-03-31": "1.64%"}, "net profit margin": {"2020-09-30": "-47.31%", "2020-06-30": "-13.59%", "2020-03-31": "-5.62%", "2019-12-31": "3.20%", "2019-09-30": "3.60%", "2019-06-30": "3.91%", "2019-03-31": "5.02%", "2018-12-31": "4.67%", "2018-09-30": "10.20%", "2018-06-30": "9.83%", "2018-03-31": "5.47%", "2017-12-31": "5.00%", "2017-09-30": "-1.11%", "2017-06-30": "-3.29%", "2017-03-31": "2.59%", "2016-12-31": "2.77%", "2016-09-30": "15.35%", "2016-06-30": "15.83%", "2016-03-31": "16.04%", "2015-12-31": "15.83%", "2015-09-30": "-1.00%", "2015-06-30": "-2.70%", "2015-03-31": "-3.81%", "2014-12-31": "-3.87%", "2014-06-30": "2.19%", "2014-03-31": "1.64%"}, "pe ratio": {"current": "0.00", "2021-02-05": "0.00", "2020-09-30": "0.00", "2020-06-30": "0.00", "2020-03-31": "0.00", "2019-12-31": "57.90", "2019-09-30": "33.23", "2019-06-30": "38.07", "2019-03-31": "32.42", "2018-12-31": "29.68", "2018-09-30": "20.51", "2018-06-30": "17.22", "2018-03-31": "29.73", "2017-12-31": "38.55", "2017-09-30": "0.00", "2017-06-30": "0.00", "2017-03-31": "40.27", "2016-12-31": "32.60", "2016-09-30": "4.97", "2016-06-30": "5.63", "2016-03-31": "4.45", "2015-12-31": "4.64", "2015-09-30": "0.00", "2015-06-30": "0.00"}, "price sales": {"2021-02-05": "3.42", "2020-09-30": "2.31", "2020-06-30": "1.70", "2020-03-31": "0.48", "2019-12-31": "1.86", "2019-09-30": "1.20", "2019-06-30": "1.49", "2019-03-31": "1.62", "2018-12-31": "1.38", "2018-09-30": "2.02", "2018-06-30": "1.64", "2018-03-31": "1.40", "2017-12-31": "1.50", "2017-09-30": "1.26", "2017-06-30": "1.04", "2017-03-31": "1.02", "2016-12-31": "0.90", "2016-09-30": "0.77", "2016-06-30": "0.88", "2016-03-31": "0.70", "2015-12-31": "0.71", "2015-09-30": "0.53", "2015-06-30": "0.49"}, "price book": {"current": "4.12", "2021-02-05": "4.13", "2020-09-30": "2.80", "2020-06-30": "2.44", "2020-03-31": "1.19", "2019-12-31": "4.16", "2019-09-30": "2.74", "2019-06-30": "3.29", "2019-03-31": "3.40", "2018-12-31": "2.72", "2018-09-30": "3.63", "2018-06-30": "3.03", "2018-03-31": "2.66", "2017-12-31": "2.70", "2017-09-30": "2.31", "2017-06-30": "1.86", "2017-03-31": "2.96", "2016-12-31": "2.68", "2016-09-30": "2.23", "2016-06-30": "2.50", "2016-03-31": "1.95", "2015-12-31": "1.90", "2015-09-30": "2.67", "2015-06-30": "2.40", "2015-03-31": "1.60", "2014-12-31": "1.24", "2014-09-30": "1.19"}, "price fcf": {"2021-02-05": "", "2020-09-30": "$4.36", "2020-06-30": "$4.60", "2020-03-31": "$6.37", "2019-12-31": "$8.63", "2019-09-30": "$3.74", "2019-06-30": "$3.58", "2019-03-31": "$4.01", "2018-12-31": "$2.26", "2018-09-30": "$2.69", "2018-06-30": "$2.29", "2018-03-31": "$1.44", "2017-12-31": "$0.69", "2017-09-30": "$0.51", "2017-06-30": "$0.10", "2017-03-31": "$1.10", "2016-12-31": "$1.13", "2016-09-30": "$1.36", "2016-06-30": "$1.03", "2016-03-31": "$0.78", "2015-12-31": "$0.43", "2015-09-30": "$0.01", "2015-06-30": "$0.73"}, "net worth": {"value": "$17.26B"}, "current ratio": {"current": "2.55", "2020-09-30": "2.55", "2020-06-30": "3.22", "2020-03-31": "1.61", "2019-12-31": "0.88", "2019-09-30": "2.32", "2019-06-30": "1.83", "2019-03-31": "0.98", "2018-12-31": "1.43", "2018-09-30": "1.63", "2018-06-30": "2.32", "2018-03-31": "2.19", "2017-12-31": "1.12", "2017-09-30": "1.78", "2017-06-30": "1.44", "2017-03-31": "0.94", "2016-12-31": "1.00", "2016-09-30": "0.94", "2016-06-30": "0.77", "2016-03-31": "0.90", "2015-12-31": "1.10", "2015-09-30": "1.89", "2015-06-30": "1.36", "2015-03-31": "1.37", "2014-12-31": "1.28", "2014-09-30": "1.59", "2014-06-30": "0.00", "2014-03-31": "1.57", "2013-12-31": "0.00", "2013-09-30": "0.00", "2013-03-31": "0.00", "2012-12-31": "1.28", "2011-12-31": "0.00"}, "quick ratio": {"2020-09-30": "2.53", "2020-06-30": "3.19", "2020-03-31": "1.59", "2019-12-31": "0.85", "2019-09-30": "2.28", "2019-06-30": "1.78", "2019-03-31": "0.93", "2018-12-31": "1.37", "2018-09-30": "1.57", "2018-06-30": "2.25", "2018-03-31": "2.12", "2017-12-31": "1.05", "2017-09-30": "1.71", "2017-06-30": "1.37", "2017-03-31": "0.81", "2016-12-31": "0.89", "2016-09-30": "0.82", "2016-06-30": "0.66", "2016-03-31": "0.78", "2015-12-31": "0.99", "2015-09-30": "1.79", "2015-06-30": "1.28", "2015-03-31": "1.27", "2014-12-31": "1.20", "2014-09-30": "1.49", "2014-06-30": "0.00", "2014-03-31": "1.46", "2013-12-31": "0.00", "2013-09-30": "0.00", "2013-03-31": "0.00", "2012-12-31": "1.18", "2011-12-31": "0.00"}, "debt equity ratio": {"current": "8.19", "2020-09-30": "9.69", "2020-06-30": "2.80", "2020-03-31": "5.27", "2019-12-31": "4.05", "2019-09-30": "4.40", "2019-06-30": "4.60", "2019-03-31": "4.75", "2018-12-31": "4.74", "2018-09-30": "3.32", "2018-06-30": "2.61", "2018-03-31": "2.71", "2017-12-31": "2.77", "2017-09-30": "3.20", "2017-06-30": "3.31", "2017-03-31": "4.46", "2016-12-31": "3.34", "2016-09-30": "3.31", "2016-06-30": "3.45", "2016-03-31": "3.68", "2015-12-31": "3.90", "2015-09-30": "6.46", "2015-06-30": "6.74", "2015-03-31": "6.88", "2014-12-31": "6.73", "2014-09-30": "6.13", "2014-06-30": "0.00", "2014-03-31": "2.70", "2013-12-31": "0.00", "2013-09-30": "0.00", "2013-03-31": "0.00", "2012-12-31": "3.30", "2011-12-31": "0.00"}, "return on equity": {"2020-09-30": "-68.82%", "2020-06-30": "-21.00%", "2020-03-31": "-12.46%", "2019-12-31": "7.38%", "2019-09-30": "8.73%", "2019-06-30": "9.02%", "2019-03-31": "10.96%", "2018-12-31": "9.55%", "2018-09-30": "18.81%", "2018-06-30": "18.87%", "2018-03-31": "10.50%", "2017-12-31": "10.13%", "2017-09-30": "-2.46%", "2017-06-30": "-7.90%", "2017-03-31": "7.78%", "2016-12-31": "8.65%", "2016-09-30": "47.48%", "2016-06-30": "52.17%", "2016-03-31": "57.61%", "2015-12-31": "62.90%", "2015-09-30": "-4.62%", "2015-06-30": "-10.44%", "2015-03-31": "-15.58%", "2014-12-31": "-14.40%", "2014-06-30": "21.92%", "2014-03-31": "16.44%"}, "return on assets": {"2020-09-30": "-9.01%", "2020-06-30": "-4.24%", "2020-03-31": "-2.25%", "2019-12-31": "1.35%", "2019-09-30": "1.55%", "2019-06-30": "1.68%", "2019-03-31": "2.25%", "2018-12-31": "2.19%", "2018-09-30": "4.88%", "2018-06-30": "4.96%", "2018-03-31": "2.64%", "2017-12-31": "2.40%", "2017-09-30": "-0.56%", "2017-06-30": "-1.75%", "2017-03-31": "1.67%", "2016-12-31": "1.95%", "2016-09-30": "10.38%", "2016-06-30": "10.21%", "2016-03-31": "9.94%", "2015-12-31": "9.47%", "2015-09-30": "-0.60%", "2015-06-30": "-1.37%", "2015-03-31": "-2.06%", "2014-12-31": "-2.14%", "2014-06-30": "5.90%", "2014-03-31": "4.43%"}, "return on investments": {"2020-09-30": "-2.58%", "2020-06-30": "-0.35%", "2020-03-31": "3.41%", "2019-12-31": "8.38%", "2019-09-30": "8.59%", "2019-06-30": "8.37%", "2019-03-31": "8.67%", "2018-12-31": "7.95%", "2018-09-30": "7.51%", "2018-06-30": "7.72%", "2018-03-31": "4.36%", "2017-12-31": "3.55%", "2017-09-30": "3.60%", "2017-06-30": "1.50%", "2017-03-31": "7.21%", "2016-12-31": "8.17%", "2016-09-30": "8.10%", "2016-06-30": "7.99%", "2016-03-31": "7.61%", "2015-12-31": "7.35%", "2015-09-30": "7.00%", "2015-06-30": "4.72%", "2015-03-31": "3.99%", "2014-12-31": "3.39%", "2014-06-30": "26.56%", "2014-03-31": "24.90%"}, "return on tangible equity": {"2020-09-30": "38.53%", "2020-06-30": "33.72%", "2020-03-31": "13.85%", "2019-12-31": "-7.70%", "2019-09-30": "-8.10%", "2019-06-30": "-8.23%", "2019-03-31": "-10.89%", "2018-12-31": "-10.88%", "2018-09-30": "-24.73%", "2018-06-30": "-23.87%", "2018-03-31": "-11.73%", "2017-12-31": "-10.65%", "2017-09-30": "2.51%", "2017-06-30": "8.27%", "2017-03-31": "-8.88%", "2016-12-31": "-9.37%", "2016-09-30": "-48.77%", "2016-06-30": "-41.68%", "2016-03-31": "-35.86%", "2015-12-31": "-30.40%", "2015-09-30": "1.73%", "2015-06-30": "3.95%", "2015-03-31": "5.92%", "2014-12-31": "7.45%", "2014-06-30": "30.19%", "2014-03-31": "22.64%"}, "dividend yield history": {"last payout": "$0.00", "last yield": "0.00%"}}