{"ticker": "CPT", "price": {"title": "Camden Property Trust Historical Annual Stock Price Data", "value": 101.8, "historical": {"2021": {"Average Stock Price": "100.4850", "Year Open": "96.3000", "Year High": "104.8900", "Year Low": "95.5400", "Year Close": "101.8000", "Annual % Change": "1.88%"}, "2020": {"Average Stock Price": "94.7502", "Year Open": "105.0600", "Year High": "120.4200", "Year Low": "67.3000", "Year Close": "99.9200", "Annual % Change": "-5.82%"}, "2019": {"Average Stock Price": "104.3781", "Year Open": "84.2800", "Year High": "114.9600", "Year Low": "84.2800", "Year Close": "106.1000", "Annual % Change": "20.50%"}, "2018": {"Average Stock Price": "88.8394", "Year Open": "91.5000", "Year High": "95.5200", "Year Low": "78.5500", "Year Close": "88.0500", "Annual % Change": "-4.36%"}, "2017": {"Average Stock Price": "87.1243", "Year Open": "84.0600", "Year High": "95.7000", "Year Low": "79.0600", "Year Close": "92.0600", "Annual % Change": "9.50%"}, "2016": {"Average Stock Price": "81.7754", "Year Open": "75.7900", "Year High": "90.6700", "Year Low": "70.5500", "Year Close": "84.0700", "Annual % Change": "9.52%"}, "2015": {"Average Stock Price": "76.0885", "Year Open": "75.2500", "Year High": "81.2800", "Year Low": "69.4500", "Year Close": "76.7600", "Annual % Change": "3.95%"}, "2014": {"Average Stock Price": "70.0458", "Year Open": "57.6400", "Year High": "77.8700", "Year Low": "57.6400", "Year Close": "73.8400", "Annual % Change": "29.82%"}, "2013": {"Average Stock Price": "66.9868", "Year Open": "68.5800", "Year High": "75.4600", "Year Low": "56.7900", "Year Close": "56.8800", "Annual % Change": "-16.61%"}, "2012": {"Average Stock Price": "65.8792", "Year Open": "61.8300", "Year High": "71.5900", "Year Low": "59.6100", "Year Close": "68.2100", "Annual % Change": "9.59%"}, "2011": {"Average Stock Price": "59.9101", "Year Open": "54.6200", "Year High": "69.3200", "Year Low": "53.0900", "Year Close": "62.2400", "Annual % Change": "15.30%"}, "2010": {"Average Stock Price": "45.7919", "Year Open": "41.4900", "Year High": "54.1300", "Year Low": "36.7700", "Year Close": "53.9800", "Annual % Change": "27.40%"}, "2009": {"Average Stock Price": "31.1194", "Year Open": "29.8100", "Year High": "44.0100", "Year Low": "17.5600", "Year Close": "42.3700", "Annual % Change": "35.19%"}, "2008": {"Average Stock Price": "44.2645", "Year Open": "46.4500", "Year High": "55.3500", "Year Low": "18.9600", "Year Close": "31.3400", "Annual % Change": "-34.91%"}, "2007": {"Average Stock Price": "65.4801", "Year Open": "73.3200", "Year High": "79.2600", "Year Low": "45.7800", "Year Close": "48.1500", "Annual % Change": "-34.80%"}, "2006": {"Average Stock Price": "72.0114", "Year Open": "58.4000", "Year High": "80.9700", "Year Low": "58.4000", "Year Close": "73.8500", "Annual % Change": "27.50%"}, "2005": {"Average Stock Price": "52.3500", "Year Open": "50.7000", "Year High": "60.1800", "Year Low": "45.3100", "Year Close": "57.9200", "Annual % Change": "13.57%"}, "2004": {"Average Stock Price": "45.3512", "Year Open": "44.1500", "Year High": "51.0000", "Year Low": "40.0400", "Year Close": "51.0000", "Annual % Change": "15.12%"}, "2003": {"Average Stock Price": "36.4712", "Year Open": "32.9700", "Year High": "44.3000", "Year Low": "30.7000", "Year Close": "44.3000", "Annual % Change": "34.24%"}, "2002": {"Average Stock Price": "35.5698", "Year Open": "36.4500", "Year High": "41.5400", "Year Low": "29.7400", "Year Close": "33.0000", "Annual % Change": "-10.08%"}, "2001": {"Average Stock Price": "34.9793", "Year Open": "32.8800", "Year High": "39.3200", "Year Low": "31.0700", "Year Close": "36.7000", "Annual % Change": "9.55%"}, "2000": {"Average Stock Price": "29.0748", "Year Open": "26.8100", "Year High": "33.8100", "Year Low": "25.8800", "Year Close": "33.5000", "Annual % Change": "20.72%"}, "1999": {"Average Stock Price": "26.5553", "Year Open": "25.9400", "Year High": "28.1900", "Year Low": "24.1200", "Year Close": "27.7500", "Annual % Change": "6.73%"}, "1998": {"Average Stock Price": "28.5291", "Year Open": "30.3800", "Year High": "31.0000", "Year Low": "24.8800", "Year Close": "26.0000", "Annual % Change": "-16.13%"}, "1997": {"Average Stock Price": "29.5040", "Year Open": "28.0000", "Year High": "33.0000", "Year Low": "26.6200", "Year Close": "31.0000", "Annual % Change": "8.32%"}, "1996": {"Average Stock Price": "24.8726", "Year Open": "23.6200", "Year High": "28.6200", "Year Low": "21.7500", "Year Close": "28.6200", "Annual % Change": "20.51%"}, "1995": {"Average Stock Price": "22.1017", "Year Open": "24.6200", "Year High": "24.6200", "Year Low": "20.3800", "Year Close": "23.7500", "Annual % Change": "-4.54%"}, "1994": {"Average Stock Price": "24.1105", "Year Open": "24.7500", "Year High": "27.0000", "Year Low": "20.3800", "Year Close": "24.8800", "Annual % Change": "-1.47%"}}}, "market cap": {"value": "$9.91B"}, "income statement": {"Revenue": {"2020-12-31": "1043.83700", "2019-12-31": "1028.46100", "2018-12-31": "954.50500", "2017-12-31": "900.89600", "2016-12-31": "876.44700", "2015-12-31": "835.61800", "2014-12-31": "790.26300", "2013-12-31": "788.85100", "2012-12-31": "698.31800", "2011-12-31": "599.40100", "2010-12-31": "568.07200", "2009-12-31": "602.64800", "2008-12-31": "612.40800", "2007-12-31": "588.31900", "2006-12-31": "561.02900", "2005-12-31": "504.06100"}, "Cost Of Goods Sold": {"2020-12-31": "394.82600", "2019-12-31": "366.34700", "2018-12-31": "343.57900", "2017-12-31": "328.74200", "2016-12-31": "311.35500", "2015-12-31": "301.00000", "2014-12-31": "307.77000", "2013-12-31": "285.69100", "2012-12-31": "256.43000", "2011-12-31": "250.89800", "2010-12-31": "246.76000", "2009-12-31": "256.46300", "2008-12-31": "254.50400", "2007-12-31": "236.10700", "2006-12-31": "229.11100", "2005-12-31": "209.93700"}, "Gross Profit": {"2020-12-31": "649.01100", "2019-12-31": "662.11410", "2018-12-31": "610.92600", "2017-12-31": "572.15400", "2016-12-31": "565.09200", "2015-12-31": "534.61800", "2014-12-31": "482.49300", "2013-12-31": "503.16000", "2012-12-31": "441.88800", "2011-12-31": "348.50300", "2010-12-31": "321.31200", "2009-12-31": "346.18500", "2008-12-31": "357.90400", "2007-12-31": "352.21200", "2006-12-31": "331.91800", "2005-12-31": "294.12400"}, "Research And Development Expenses": {"2020-12-31": "", "2019-12-31": "", "2018-12-31": "", "2017-12-31": "", "2016-12-31": "", "2015-12-31": "", "2014-12-31": "", "2013-12-31": "", "2012-12-31": "", "2011-12-31": "", "2010-12-31": "", "2009-12-31": "", "2008-12-31": "", "2007-12-31": "", "2006-12-31": "", "2005-12-31": ""}, "SG&A Expenses": {"2020-12-31": "53.62400", "2019-12-31": "53.20100", "2018-12-31": "50.73500", "2017-12-31": "50.58700", "2016-12-31": "47.41500", "2015-12-31": "46.23300", "2014-12-31": "51.00500", "2013-12-31": "40.58600", "2012-12-31": "37.52800", "2011-12-31": "35.45600", "2010-12-31": "30.76200", "2009-12-31": "31.24300", "2008-12-31": "31.58600", "2007-12-31": "32.59000", "2006-12-31": "37.58400", "2005-12-31": "24.84500"}, "Other Operating Income Or Expenses": {"2020-12-31": "-40.20000", "2019-12-31": "-52.74300", "2018-12-31": "-23.49700", "2017-12-31": "-46.28400", "2016-12-31": "-34.48400", "2015-12-31": "-27.53300", "2014-12-31": "-9.27800", "2013-12-31": "-35.82000", "2012-12-31": "-33.19900", "2011-12-31": "-12.70800", "2010-12-31": "-16.42200", "2009-12-31": "-19.48700", "2008-12-31": "27.38900", "2007-12-31": "-11.83400", "2006-12-31": "-17.89600", "2005-12-31": "10.88800"}, "Operating Expenses": {"2020-12-31": "855.81200", "2019-12-31": "808.56490", "2018-12-31": "718.75700", "2017-12-31": "689.58700", "2016-12-31": "643.40000", "2015-12-31": "615.71000", "2014-12-31": "590.10800", "2013-12-31": "578.38490", "2012-12-31": "525.43800", "2011-12-31": "470.42500", "2010-12-31": "459.80600", "2009-12-31": "479.96300", "2008-12-31": "430.14700", "2007-12-31": "441.48900", "2006-12-31": "437.57900", "2005-12-31": "387.47400"}, "Operating Income": {"2020-12-31": "188.02500", "2019-12-31": "219.89610", "2018-12-31": "235.74800", "2017-12-31": "211.30900", "2016-12-31": "233.04710", "2015-12-31": "219.90800", "2014-12-31": "200.15500", "2013-12-31": "210.46610", "2012-12-31": "172.88000", "2011-12-31": "128.97600", "2010-12-31": "108.26600", "2009-12-31": "122.68500", "2008-12-31": "182.26100", "2007-12-31": "146.83000", "2006-12-31": "123.45000", "2005-12-31": "116.58700"}, "Total Non-Operating Income/Expense": {"2020-12-31": "-57.47400", "2019-12-31": "5.46300", "2018-12-31": "-73.63000", "2017-12-31": "-9.22500", "2016-12-31": "223.95400", "2015-12-31": "20.47600", "2014-12-31": "84.86500", "2013-12-31": "-53.02400", "2012-12-31": "-10.24600", "2011-12-31": "-109.24700", "2010-12-31": "-99.15900", "2009-12-31": "-190.32200", "2008-12-31": "-188.03200", "2007-12-31": "-90.67200", "2006-12-31": "-3.49700", "2005-12-31": "34.93900"}, "Pre-Tax Income": {"2020-12-31": "130.55100", "2019-12-31": "225.35900", "2018-12-31": "162.11800", "2017-12-31": "202.08400", "2016-12-31": "457.00100", "2015-12-31": "240.38400", "2014-12-31": "285.02000", "2013-12-31": "157.44200", "2012-12-31": "162.63400", "2011-12-31": "19.72900", "2010-12-31": "9.10700", "2009-12-31": "-67.63700", "2008-12-31": "-5.77100", "2007-12-31": "56.15800", "2006-12-31": "119.95300", "2005-12-31": "151.52600"}, "Income Taxes": {"2020-12-31": "1.97200", "2019-12-31": "1.08900", "2018-12-31": "1.42400", "2017-12-31": "1.22400", "2016-12-31": "1.61700", "2015-12-31": "1.87200", "2014-12-31": "1.90300", "2013-12-31": "1.82600", "2012-12-31": "1.20800", "2011-12-31": "2.22000", "2010-12-31": "1.58100", "2009-12-31": "0.96700", "2008-12-31": "0.84300", "2007-12-31": "3.05200", "2006-12-31": "", "2005-12-31": ""}, "Income After Taxes": {"2020-12-31": "128.57900", "2019-12-31": "224.27000", "2018-12-31": "160.69400", "2017-12-31": "200.86000", "2016-12-31": "455.38400", "2015-12-31": "238.51200", "2014-12-31": "283.11700", "2013-12-31": "155.61600", "2012-12-31": "161.42600", "2011-12-31": "17.50900", "2010-12-31": "7.52600", "2009-12-31": "-68.60400", "2008-12-31": "-6.61400", "2007-12-31": "53.10600", "2006-12-31": "119.95300", "2005-12-31": "151.52600"}, "Other Income": {"2020-12-31": "", "2019-12-31": "", "2018-12-31": "", "2017-12-31": "", "2016-12-31": "", "2015-12-31": "", "2014-12-31": "", "2013-12-31": "", "2012-12-31": "", "2011-12-31": "", "2010-12-31": "", "2009-12-31": "", "2008-12-31": "", "2007-12-31": "", "2006-12-31": "", "2005-12-31": ""}, "Income From Continuous Operations": {"2020-12-31": "128.57900", "2019-12-31": "224.27000", "2018-12-31": "160.69400", "2017-12-31": "200.86000", "2016-12-31": "455.38400", "2015-12-31": "238.51200", "2014-12-31": "283.11700", "2013-12-31": "155.61600", "2012-12-31": "161.42600", "2011-12-31": "17.50900", "2010-12-31": "7.52600", "2009-12-31": "-68.60400", "2008-12-31": "-6.61400", "2007-12-31": "53.10600", "2006-12-31": "119.95300", "2005-12-31": "151.52600"}, "Income From Discontinued Operations": {"2020-12-31": "", "2019-12-31": "", "2018-12-31": "", "2017-12-31": "", "2016-12-31": "382.84200", "2015-12-31": "19.75000", "2014-12-31": "18.19700", "2013-12-31": "190.67500", "2012-12-31": "132.47400", "2011-12-31": "42.45200", "2010-12-31": "23.61600", "2009-12-31": "24.40100", "2008-12-31": "88.63900", "2007-12-31": "120.59700", "2006-12-31": "112.89300", "2005-12-31": "47.56000"}, "Net Income": {"2020-12-31": "123.91100", "2019-12-31": "219.62300", "2018-12-31": "156.12800", "2017-12-31": "196.42200", "2016-12-31": "819.82300", "2015-12-31": "249.31500", "2014-12-31": "292.08900", "2013-12-31": "336.36400", "2012-12-31": "283.39000", "2011-12-31": "49.37900", "2010-12-31": "22.95100", "2009-12-31": "-50.80000", "2008-12-31": "70.97300", "2007-12-31": "148.45700", "2006-12-31": "232.84600", "2005-12-31": "199.08600"}, "EBITDA": {"2020-12-31": "188.02500", "2019-12-31": "556.17010", "2018-12-31": "536.69400", "2017-12-31": "475.28300", "2016-12-31": "483.19310", "2015-12-31": "460.85200", "2014-12-31": "422.21000", "2013-12-31": "432.00910", "2012-12-31": "386.36000", "2011-12-31": "316.64400", "2010-12-31": "286.83300", "2009-12-31": "299.02500", "2008-12-31": "354.38700", "2007-12-31": "307.65590", "2006-12-31": "287.12300", "2005-12-31": "291.58000"}, "EBIT": {"2020-12-31": "188.02500", "2019-12-31": "219.89610", "2018-12-31": "235.74800", "2017-12-31": "211.30900", "2016-12-31": "233.04710", "2015-12-31": "219.90800", "2014-12-31": "200.15500", "2013-12-31": "210.46610", "2012-12-31": "172.88000", "2011-12-31": "128.97600", "2010-12-31": "108.26600", "2009-12-31": "122.68500", "2008-12-31": "182.26100", "2007-12-31": "146.83000", "2006-12-31": "123.45000", "2005-12-31": "116.58700"}, "Basic Shares Outstanding": {"2020-12-31": "99.38500", "2019-12-31": "98.46000", "2018-12-31": "95.20800", "2017-12-31": "91.49900", "2016-12-31": "89.58000", "2015-12-31": "89.12000", "2014-12-31": "88.08400", "2013-12-31": "87.20400", "2012-12-31": "83.77200", "2011-12-31": "72.75600", "2010-12-31": "68.60800", "2009-12-31": "62.35900", "2008-12-31": "55.27200", "2007-12-31": "58.13500", "2006-12-31": "56.66000", "2005-12-31": "52.00000"}, "Shares Outstanding": {"2020-12-31": "99.43800", "2019-12-31": "99.38400", "2018-12-31": "95.36600", "2017-12-31": "92.51500", "2016-12-31": "89.90300", "2015-12-31": "89.49000", "2014-12-31": "88.46800", "2013-12-31": "88.49400", "2012-12-31": "85.55600", "2011-12-31": "73.46200", "2010-12-31": "68.60800", "2009-12-31": "62.35900", "2008-12-31": "55.27200", "2007-12-31": "59.12500", "2006-12-31": "59.52400", "2005-12-31": "56.31300"}, "Basic EPS": {"2020-12-31": "1.24000", "2019-12-31": "2.23000", "2018-12-31": "1.63000", "2017-12-31": "2.14000", "2016-12-31": "9.08000", "2015-12-31": "2.77000", "2014-12-31": "3.29000", "2013-12-31": "3.82000", "2012-12-31": "3.35000", "2011-12-31": "0.67000", "2010-12-31": "0.33000", "2009-12-31": "-0.80000", "2008-12-31": "1.28000", "2007-12-31": "2.54000", "2006-12-31": "4.11000", "2005-12-31": "3.83000"}, "EPS - Earnings Per Share": {"2020-12-31": "1.24000", "2019-12-31": "2.22000", "2018-12-31": "1.63000", "2017-12-31": "2.13000", "2016-12-31": "9.05000", "2015-12-31": "2.76000", "2014-12-31": "3.27000", "2013-12-31": "3.78000", "2012-12-31": "3.30000", "2011-12-31": "0.66000", "2010-12-31": "0.33000", "2009-12-31": "-0.80000", "2008-12-31": "1.28000", "2007-12-31": "2.50000", "2006-12-31": "3.96000", "2005-12-31": "3.58000"}}, "income statement, quarterly": {"Revenue": {"2020-12-31": "261.55400", "2020-09-30": "265.72100", "2020-06-30": "250.68300", "2020-03-31": "265.87900", "2019-12-31": "263.46110", "2019-09-30": "260.67200", "2019-06-30": "255.76100", "2019-03-31": "248.56700", "2018-12-31": "244.91900", "2018-09-30": "241.77000", "2018-06-30": "237.13300", "2018-03-31": "230.68300", "2017-12-31": "229.82700", "2017-09-30": "228.17800", "2017-06-30": "223.37000", "2017-03-31": "219.52100", "2016-12-31": "217.13900", "2016-09-30": "220.23500", "2016-06-30": "221.47800", "2016-03-31": "217.59500", "2015-12-31": "214.98500", "2015-09-30": "212.59300", "2015-06-30": "206.43200", "2015-03-31": "201.60800", "2014-12-31": "162.74400", "2014-09-30": "213.09800", "2014-06-30": "208.49200", "2014-03-31": "205.92900", "2013-12-31": "204.31700", "2013-09-30": "199.74000", "2013-06-30": "194.98300", "2013-03-31": "189.81100", "2012-12-31": "169.93800", "2012-09-30": "181.76300", "2012-06-30": "176.91800", "2012-03-31": "169.69900", "2011-12-31": "116.17300", "2011-09-30": "164.22400", "2011-06-30": "161.40200", "2011-03-31": "157.60200", "2010-12-31": "113.05500", "2010-09-30": "154.27400", "2010-06-30": "151.29100", "2010-03-31": "149.45200", "2009-12-31": "134.08300", "2009-09-30": "155.22500", "2009-06-30": "156.30800", "2009-03-31": "157.03200", "2008-12-31": "146.03400", "2008-09-30": "159.38300", "2008-06-30": "155.52700", "2008-03-31": "151.46400", "2007-12-31": "139.93500", "2007-09-30": "150.92100", "2007-06-30": "149.78700", "2007-03-31": "147.67600", "2006-12-31": "120.76400", "2006-09-30": "149.80600", "2006-06-30": "144.64500", "2006-03-31": "145.81400", "2005-12-31": "123.08200", "2005-09-30": "136.63200", "2005-06-30": "134.49800", "2005-03-31": "109.84900"}, "Cost Of Goods Sold": {"2020-12-31": "99.95700", "2020-09-30": "101.05200", "2020-06-30": "99.68100", "2020-03-31": "100.66300", "2019-12-31": "90.40900", "2019-09-30": "93.87300", "2019-06-30": "91.22700", "2019-03-31": "97.49500", "2018-12-31": "86.72000", "2018-09-30": "94.13600", "2018-06-30": "85.06100", "2018-03-31": "83.96500", "2017-12-31": "80.63800", "2017-09-30": "94.48400", "2017-06-30": "80.35300", "2017-03-31": "86.49500", "2016-12-31": "73.67600", "2016-09-30": "85.96400", "2016-06-30": "86.57300", "2016-03-31": "84.28900", "2015-12-31": "75.05800", "2015-09-30": "84.36400", "2015-06-30": "79.68100", "2015-03-31": "79.32000", "2014-12-31": "61.78300", "2014-09-30": "84.09100", "2014-06-30": "81.73300", "2014-03-31": "80.16300", "2013-12-31": "71.87900", "2013-09-30": "78.12200", "2013-06-30": "76.83900", "2013-03-31": "69.44600", "2012-12-31": "59.18200", "2012-09-30": "72.97200", "2012-06-30": "66.29800", "2012-03-31": "63.48700", "2011-12-31": "38.64900", "2011-09-30": "65.62300", "2011-06-30": "63.79000", "2011-03-31": "62.15000", "2010-12-31": "39.35600", "2010-09-30": "63.65100", "2010-06-30": "61.92400", "2010-03-31": "61.84700", "2009-12-31": "50.04000", "2009-09-30": "64.06900", "2009-06-30": "62.58500", "2009-03-31": "60.90500", "2008-12-31": "54.64500", "2008-09-30": "65.44000", "2008-06-30": "58.04900", "2008-03-31": "56.46000", "2007-12-31": "49.05500", "2007-09-30": "58.81600", "2007-06-30": "55.18500", "2007-03-31": "54.63800", "2006-12-31": "42.26200", "2006-09-30": "59.77400", "2006-06-30": "53.89700", "2006-03-31": "54.68800", "2005-12-31": "45.00100", "2005-09-30": "53.56700", "2005-06-30": "51.48400", "2005-03-31": "43.74000"}, "Gross Profit": {"2020-12-31": "161.59700", "2020-09-30": "164.66900", "2020-06-30": "151.00200", "2020-03-31": "165.21600", "2019-12-31": "173.05210", "2019-09-30": "166.79900", "2019-06-30": "164.53400", "2019-03-31": "151.07200", "2018-12-31": "158.19900", "2018-09-30": "147.63400", "2018-06-30": "152.07200", "2018-03-31": "146.71800", "2017-12-31": "149.18900", "2017-09-30": "133.69400", "2017-06-30": "143.01700", "2017-03-31": "133.02600", "2016-12-31": "143.46300", "2016-09-30": "134.27100", "2016-06-30": "134.90500", "2016-03-31": "133.30600", "2015-12-31": "139.92700", "2015-09-30": "128.22900", "2015-06-30": "126.75100", "2015-03-31": "122.28800", "2014-12-31": "100.96100", "2014-09-30": "129.00700", "2014-06-30": "126.75900", "2014-03-31": "125.76600", "2013-12-31": "132.43800", "2013-09-30": "121.61800", "2013-06-30": "118.14400", "2013-03-31": "120.36500", "2012-12-31": "110.75600", "2012-09-30": "108.79100", "2012-06-30": "110.62000", "2012-03-31": "106.21200", "2011-12-31": "77.52400", "2011-09-30": "98.60100", "2011-06-30": "97.61200", "2011-03-31": "95.45200", "2010-12-31": "73.69900", "2010-09-30": "90.62300", "2010-06-30": "89.36700", "2010-03-31": "87.60500", "2009-12-31": "84.04300", "2009-09-30": "91.15600", "2009-06-30": "93.72300", "2009-03-31": "96.12700", "2008-12-31": "91.38900", "2008-09-30": "93.94300", "2008-06-30": "97.47800", "2008-03-31": "95.00400", "2007-12-31": "90.88000", "2007-09-30": "92.10500", "2007-06-30": "94.60200", "2007-03-31": "93.03800", "2006-12-31": "78.50200", "2006-09-30": "90.03200", "2006-06-30": "90.74800", "2006-03-31": "91.12600", "2005-12-31": "78.08100", "2005-09-30": "83.06500", "2005-06-30": "83.01400", "2005-03-31": "66.10900"}, "Research And Development Expenses": {"2020-12-31": "", "2020-09-30": "", "2020-06-30": "", "2020-03-31": "", "2019-12-31": "", "2019-09-30": "", "2019-06-30": "", "2019-03-31": "", "2018-12-31": "", "2018-09-30": "", "2018-06-30": "", "2018-03-31": "", "2017-12-31": "", "2017-09-30": "", "2017-06-30": "", "2017-03-31": "", "2016-12-31": "", "2016-09-30": "", "2016-06-30": "", "2016-03-31": "", "2015-12-31": "", "2015-09-30": "", "2015-06-30": "", "2015-03-31": "", "2014-12-31": "", "2014-09-30": "", "2014-06-30": "", "2014-03-31": "", "2013-12-31": "", "2013-09-30": "", "2013-06-30": "", "2013-03-31": "", "2012-12-31": "", "2012-09-30": "", "2012-06-30": "", "2012-03-31": "", "2011-12-31": "", "2011-09-30": "", "2011-06-30": "", "2011-03-31": "", "2010-12-31": "", "2010-09-30": "", "2010-06-30": "", "2010-03-31": "", "2009-12-31": "", "2009-09-30": "", "2009-06-30": "", "2009-03-31": "", "2008-12-31": "", "2008-09-30": "", "2008-06-30": "", "2008-03-31": "", "2007-12-31": "", "2007-09-30": "", "2007-06-30": "", "2007-03-31": "", "2006-12-31": "", "2006-09-30": "", "2006-06-30": "", "2006-03-31": "", "2005-12-31": "", "2005-09-30": "", "2005-06-30": "", "2005-03-31": ""}, "SG&A Expenses": {"2020-12-31": "13.27400", "2020-09-30": "12.72600", "2020-06-30": "14.39100", "2020-03-31": "13.23300", "2019-12-31": "13.17400", "2019-09-30": "13.45800", "2019-06-30": "13.26100", "2019-03-31": "13.30800", "2018-12-31": "13.62200", "2018-09-30": "12.61800", "2018-06-30": "12.27200", "2018-03-31": "12.22300", "2017-12-31": "13.00200", "2017-09-30": "12.26600", "2017-06-30": "12.45100", "2017-03-31": "12.86800", "2016-12-31": "12.57900", "2016-09-30": "10.81000", "2016-06-30": "11.80300", "2016-03-31": "12.22300", "2015-12-31": "13.11300", "2015-09-30": "11.79000", "2015-06-30": "11.58200", "2015-03-31": "9.74800", "2014-12-31": "20.59500", "2014-09-30": "10.33100", "2014-06-30": "10.53400", "2014-03-31": "9.54500", "2013-12-31": "9.20900", "2013-09-30": "9.99300", "2013-06-30": "11.59000", "2013-03-31": "9.79400", "2012-12-31": "9.81600", "2012-09-30": "9.30300", "2012-06-30": "9.73000", "2012-03-31": "8.67900", "2011-12-31": "9.06400", "2011-09-30": "8.57200", "2011-06-30": "8.03200", "2011-03-31": "9.78800", "2010-12-31": "8.42300", "2010-09-30": "7.56800", "2010-06-30": "7.36700", "2010-03-31": "7.40400", "2009-12-31": "8.23300", "2009-09-30": "7.53200", "2009-06-30": "7.24600", "2009-03-31": "8.23200", "2008-12-31": "7.69900", "2008-09-30": "7.51300", "2008-06-30": "8.41400", "2008-03-31": "7.96000", "2007-12-31": "8.51400", "2007-09-30": "8.11000", "2007-06-30": "7.91200", "2007-03-31": "8.05400", "2006-12-31": "12.28500", "2006-09-30": "9.84900", "2006-06-30": "8.03600", "2006-03-31": "7.41400", "2005-12-31": "6.82800", "2005-09-30": "6.18300", "2005-06-30": "6.55800", "2005-03-31": "5.27600"}, "Other Operating Income Or Expenses": {"2020-12-31": "-17.51300", "2020-09-30": "-11.98300", "2020-06-30": "-18.19400", "2020-03-31": "-15.70300", "2019-12-31": "-42.19400", "2019-09-30": "-8.25000", "2019-06-30": "-11.47100", "2019-03-31": "9.17200", "2018-12-31": "-5.97600", "2018-09-30": "-4.67900", "2018-06-30": "-7.99600", "2018-03-31": "-4.84600", "2017-12-31": "-27.83800", "2017-09-30": "-4.62100", "2017-06-30": "-10.95600", "2017-03-31": "-2.86900", "2016-12-31": "-26.84200", "2016-09-30": "-4.40500", "2016-06-30": "-2.22200", "2016-03-31": "-1.01500", "2015-12-31": "-25.98000", "2015-09-30": "2.21100", "2015-06-30": "-0.82400", "2015-03-31": "-2.94000", "2014-12-31": "-6.10400", "2014-09-30": "-2.00500", "2014-06-30": "0.77100", "2014-03-31": "-1.94000", "2013-12-31": "-20.15700", "2013-09-30": "-3.82000", "2013-06-30": "-1.38400", "2013-03-31": "-10.45900", "2012-12-31": "-29.76500", "2012-09-30": "-0.08300", "2012-06-30": "-4.11000", "2012-03-31": "0.75900", "2011-12-31": "8.22300", "2011-09-30": "-0.28400", "2011-06-30": "-8.15400", "2011-03-31": "-12.49300", "2010-12-31": "9.00100", "2010-09-30": "-12.86200", "2010-06-30": "-2.70200", "2010-03-31": "-9.85900", "2009-12-31": "9.57500", "2009-09-30": "-13.64500", "2009-06-30": "-13.50500", "2009-03-31": "-1.91200", "2008-12-31": "45.01800", "2008-09-30": "-13.20700", "2008-06-30": "-6.33800", "2008-03-31": "1.91600", "2007-12-31": "8.68800", "2007-09-30": "-1.42200", "2007-06-30": "-10.44600", "2007-03-31": "-8.65400", "2006-12-31": "8.52600", "2006-09-30": "-10.24500", "2006-06-30": "-10.53500", "2006-03-31": "-5.64200", "2005-12-31": "32.56400", "2005-09-30": "-9.42500", "2005-06-30": "-7.06000", "2005-03-31": "-5.19100"}, "Operating Expenses": {"2020-12-31": "222.66900", "2020-09-30": "216.33600", "2020-06-30": "225.06900", "2020-03-31": "221.45800", "2019-12-31": "224.65990", "2019-09-30": "201.39500", "2019-06-30": "200.60500", "2019-03-31": "181.90500", "2018-12-31": "178.69200", "2018-09-30": "187.90900", "2018-06-30": "180.89800", "2018-03-31": "171.25800", "2017-12-31": "176.44300", "2017-09-30": "178.38500", "2017-06-30": "168.79300", "2017-03-31": "165.96600", "2016-12-31": "156.71700", "2016-09-30": "164.01100", "2016-06-30": "163.05400", "2016-03-31": "159.61800", "2015-12-31": "158.41200", "2015-09-30": "155.27900", "2015-06-30": "152.02700", "2015-03-31": "149.99200", "2014-12-31": "133.51600", "2014-09-30": "156.44200", "2014-06-30": "150.26500", "2014-03-31": "149.88500", "2013-12-31": "145.73190", "2013-09-30": "147.09500", "2013-06-30": "143.34000", "2013-03-31": "142.21800", "2012-12-31": "140.41200", "2012-09-30": "132.67600", "2012-06-30": "132.12500", "2012-03-31": "120.22500", "2011-12-31": "92.80600", "2011-09-30": "119.19000", "2011-06-30": "126.62000", "2011-03-31": "131.80900", "2010-12-31": "93.98600", "2010-09-30": "128.30000", "2010-06-30": "114.71600", "2010-03-31": "122.80400", "2009-12-31": "107.59700", "2009-09-30": "128.62500", "2009-06-30": "127.89500", "2009-03-31": "115.84600", "2008-12-31": "78.04700", "2008-09-30": "130.76600", "2008-06-30": "116.58000", "2008-03-31": "104.75400", "2007-12-31": "106.13100", "2007-09-30": "110.69700", "2007-06-30": "113.34900", "2007-03-31": "111.31200", "2006-12-31": "99.10300", "2006-09-30": "119.98200", "2006-06-30": "113.02200", "2006-03-31": "105.47200", "2005-12-31": "77.05100", "2005-09-30": "114.06000", "2005-06-30": "110.08000", "2005-03-31": "86.28300"}, "Operating Income": {"2020-12-31": "38.88500", "2020-09-30": "49.38500", "2020-06-30": "25.61400", "2020-03-31": "44.42100", "2019-12-31": "38.80120", "2019-09-30": "59.27700", "2019-06-30": "55.15600", "2019-03-31": "66.66200", "2018-12-31": "66.22700", "2018-09-30": "53.86100", "2018-06-30": "56.23500", "2018-03-31": "59.42500", "2017-12-31": "53.38400", "2017-09-30": "49.79300", "2017-06-30": "54.57700", "2017-03-31": "53.55500", "2016-12-31": "60.42200", "2016-09-30": "56.22400", "2016-06-30": "58.42400", "2016-03-31": "57.97700", "2015-12-31": "56.57290", "2015-09-30": "57.31400", "2015-06-30": "54.40500", "2015-03-31": "51.61600", "2014-12-31": "29.22800", "2014-09-30": "56.65600", "2014-06-30": "58.22700", "2014-03-31": "56.04400", "2013-12-31": "58.58510", "2013-09-30": "52.64500", "2013-06-30": "51.64300", "2013-03-31": "47.59300", "2012-12-31": "29.52600", "2012-09-30": "49.08700", "2012-06-30": "44.79300", "2012-03-31": "49.47400", "2011-12-31": "23.36700", "2011-09-30": "45.03400", "2011-06-30": "34.78200", "2011-03-31": "25.79300", "2010-12-31": "19.06910", "2010-09-30": "25.97400", "2010-06-30": "36.57500", "2010-03-31": "26.64800", "2009-12-31": "26.48600", "2009-09-30": "26.60000", "2009-06-30": "28.41300", "2009-03-31": "41.18600", "2008-12-31": "67.98710", "2008-09-30": "28.61700", "2008-06-30": "38.94700", "2008-03-31": "46.71000", "2007-12-31": "33.80400", "2007-09-30": "40.22400", "2007-06-30": "36.43800", "2007-03-31": "36.36400", "2006-12-31": "21.66100", "2006-09-30": "29.82400", "2006-06-30": "31.62300", "2006-03-31": "40.34200", "2005-12-31": "46.03100", "2005-09-30": "22.57200", "2005-06-30": "24.41800", "2005-03-31": "23.56600"}, "Total Non-Operating Income/Expense": {"2020-12-31": "-8.00800", "2020-09-30": "-12.55000", "2020-06-30": "-7.70900", "2020-03-31": "0.51300", "2019-12-31": "57.80400", "2019-09-30": "-14.18200", "2019-06-30": "-11.38600", "2019-03-31": "-26.77300", "2018-12-31": "-25.59400", "2018-09-30": "-13.54100", "2018-06-30": "-15.98300", "2018-03-31": "-18.51200", "2017-12-31": "35.91400", "2017-09-30": "-13.80600", "2017-06-30": "-14.23800", "2017-03-31": "-17.09500", "2016-12-31": "-17.92900", "2016-09-30": "247.59700", "2016-06-30": "14.08400", "2016-03-31": "-19.79800", "2015-12-31": "0.84900", "2015-09-30": "-23.52900", "2015-06-30": "-21.85300", "2015-03-31": "65.00900", "2014-12-31": "137.87400", "2014-09-30": "-16.97000", "2014-06-30": "-21.54200", "2014-03-31": "-14.49700", "2013-12-31": "-15.61800", "2013-09-30": "-16.85200", "2013-06-30": "-3.23600", "2013-03-31": "-17.31800", "2012-12-31": "26.60200", "2012-09-30": "-20.91400", "2012-06-30": "-24.25700", "2012-03-31": "8.32300", "2011-12-31": "-12.63900", "2011-09-30": "-31.46800", "2011-06-30": "-49.47600", "2011-03-31": "-15.66400", "2010-12-31": "-20.36600", "2010-09-30": "-22.51100", "2010-06-30": "-32.98700", "2010-03-31": "-23.29500", "2009-12-31": "-111.20900", "2009-09-30": "-20.56100", "2009-06-30": "-25.49500", "2009-03-31": "-33.05700", "2008-12-31": "-102.84400", "2008-09-30": "-18.25000", "2008-06-30": "-28.87800", "2008-03-31": "-38.06000", "2007-12-31": "-13.60200", "2007-09-30": "-30.94500", "2007-06-30": "-22.78700", "2007-03-31": "-23.33800", "2006-12-31": "-17.48500", "2006-09-30": "65.46200", "2006-06-30": "-23.52700", "2006-03-31": "-27.94700", "2005-12-31": "-39.45600", "2005-09-30": "-26.25800", "2005-06-30": "-25.72600", "2005-03-31": "126.37900"}, "Pre-Tax Income": {"2020-12-31": "30.87700", "2020-09-30": "36.83500", "2020-06-30": "17.90500", "2020-03-31": "44.93400", "2019-12-31": "96.60500", "2019-09-30": "45.09500", "2019-06-30": "43.77000", "2019-03-31": "39.88900", "2018-12-31": "40.63300", "2018-09-30": "40.32000", "2018-06-30": "40.25200", "2018-03-31": "40.91300", "2017-12-31": "89.29800", "2017-09-30": "35.98700", "2017-06-30": "40.33900", "2017-03-31": "36.46000", "2016-12-31": "42.49300", "2016-09-30": "303.82100", "2016-06-30": "72.50800", "2016-03-31": "38.17900", "2015-12-31": "57.42200", "2015-09-30": "33.78500", "2015-06-30": "32.55200", "2015-03-31": "116.62500", "2014-12-31": "167.10200", "2014-09-30": "39.68600", "2014-06-30": "36.68500", "2014-03-31": "41.54700", "2013-12-31": "42.96700", "2013-09-30": "35.79300", "2013-06-30": "48.40700", "2013-03-31": "30.27500", "2012-12-31": "56.12800", "2012-09-30": "28.17300", "2012-06-30": "20.53600", "2012-03-31": "57.79700", "2011-12-31": "10.72800", "2011-09-30": "13.56600", "2011-06-30": "-14.69400", "2011-03-31": "10.12900", "2010-12-31": "-1.29700", "2010-09-30": "3.46300", "2010-06-30": "3.58800", "2010-03-31": "3.35300", "2009-12-31": "-84.72300", "2009-09-30": "6.03900", "2009-06-30": "2.91800", "2009-03-31": "8.12900", "2008-12-31": "-34.85700", "2008-09-30": "10.36700", "2008-06-30": "10.06900", "2008-03-31": "8.65000", "2007-12-31": "20.20200", "2007-09-30": "9.27900", "2007-06-30": "13.65100", "2007-03-31": "13.02600", "2006-12-31": "4.17600", "2006-09-30": "95.28600", "2006-06-30": "8.09600", "2006-03-31": "12.39500", "2005-12-31": "6.57500", "2005-09-30": "-3.68600", "2005-06-30": "-1.30800", "2005-03-31": "149.94500"}, "Income Taxes": {"2020-12-31": "0.49600", "2020-09-30": "0.61500", "2020-06-30": "0.39400", "2020-03-31": "0.46700", "2019-12-31": "0.38000", "2019-09-30": "0.31300", "2019-06-30": "0.22800", "2019-03-31": "0.16800", "2018-12-31": "0.32600", "2018-09-30": "0.33000", "2018-06-30": "0.38000", "2018-03-31": "0.38800", "2017-12-31": "0.21600", "2017-09-30": "0.51200", "2017-06-30": "0.02500", "2017-03-31": "0.47100", "2016-12-31": "0.41300", "2016-09-30": "0.40000", "2016-06-30": "0.48900", "2016-03-31": "0.31500", "2015-12-31": "0.53800", "2015-09-30": "0.49800", "2015-06-30": "0.40700", "2015-03-31": "0.42900", "2014-12-31": "0.67500", "2014-09-30": "0.35300", "2014-06-30": "0.40100", "2014-03-31": "0.47400", "2013-12-31": "0.23900", "2013-09-30": "0.72000", "2013-06-30": "0.46800", "2013-03-31": "0.39900", "2012-12-31": "0.21600", "2012-09-30": "0.33400", "2012-06-30": "0.43400", "2012-03-31": "0.22400", "2011-12-31": "0.33100", "2011-09-30": "0.31300", "2011-06-30": "0.25600", "2011-03-31": "1.32000", "2010-12-31": "0.29500", "2010-09-30": "0.71200", "2010-06-30": "0.30400", "2010-03-31": "0.27000", "2009-12-31": "0.19500", "2009-09-30": "0.12600", "2009-06-30": "0.34700", "2009-03-31": "0.29900", "2008-12-31": "0.32700", "2008-09-30": "0.08300", "2008-06-30": "0.16000", "2008-03-31": "0.27300", "2007-12-31": "0.47800", "2007-09-30": "0.35300", "2007-06-30": "0.31600", "2007-03-31": "1.90500", "2006-12-31": "", "2006-09-30": "", "2006-06-30": "", "2006-03-31": "", "2005-12-31": "", "2005-09-30": "", "2005-06-30": "", "2005-03-31": ""}, "Income After Taxes": {"2020-12-31": "30.38100", "2020-09-30": "36.22000", "2020-06-30": "17.51100", "2020-03-31": "44.46700", "2019-12-31": "96.22500", "2019-09-30": "44.78200", "2019-06-30": "43.54200", "2019-03-31": "39.72100", "2018-12-31": "40.30700", "2018-09-30": "39.99000", "2018-06-30": "39.87200", "2018-03-31": "40.52500", "2017-12-31": "89.08200", "2017-09-30": "35.47500", "2017-06-30": "40.31400", "2017-03-31": "35.98900", "2016-12-31": "42.08000", "2016-09-30": "303.42100", "2016-06-30": "72.01900", "2016-03-31": "37.86400", "2015-12-31": "56.88400", "2015-09-30": "33.28700", "2015-06-30": "32.14500", "2015-03-31": "116.19600", "2014-12-31": "166.42700", "2014-09-30": "39.33300", "2014-06-30": "36.28400", "2014-03-31": "41.07300", "2013-12-31": "42.72800", "2013-09-30": "35.07300", "2013-06-30": "47.93900", "2013-03-31": "29.87600", "2012-12-31": "55.91200", "2012-09-30": "27.83900", "2012-06-30": "20.10200", "2012-03-31": "57.57300", "2011-12-31": "10.39700", "2011-09-30": "13.25300", "2011-06-30": "-14.95000", "2011-03-31": "8.80900", "2010-12-31": "-1.59200", "2010-09-30": "2.75100", "2010-06-30": "3.28400", "2010-03-31": "3.08300", "2009-12-31": "-84.91800", "2009-09-30": "5.91300", "2009-06-30": "2.57100", "2009-03-31": "7.83000", "2008-12-31": "-35.18400", "2008-09-30": "10.28400", "2008-06-30": "9.90900", "2008-03-31": "8.37700", "2007-12-31": "19.72400", "2007-09-30": "8.92600", "2007-06-30": "13.33500", "2007-03-31": "11.12100", "2006-12-31": "4.17600", "2006-09-30": "95.28600", "2006-06-30": "8.09600", "2006-03-31": "12.39500", "2005-12-31": "6.57500", "2005-09-30": "-3.68600", "2005-06-30": "-1.30800", "2005-03-31": "149.94500"}, "Other Income": {"2020-12-31": "", "2020-09-30": "", "2020-06-30": "", "2020-03-31": "", "2019-12-31": "", "2019-09-30": "", "2019-06-30": "", "2019-03-31": "", "2018-12-31": "", "2018-09-30": "", "2018-06-30": "", "2018-03-31": "", "2017-12-31": "", "2017-09-30": "", "2017-06-30": "", "2017-03-31": "", "2016-12-31": "", "2016-09-30": "", "2016-06-30": "", "2016-03-31": "", "2015-12-31": "", "2015-09-30": "", "2015-06-30": "", "2015-03-31": "", "2014-12-31": "", "2014-09-30": "", "2014-06-30": "", "2014-03-31": "", "2013-12-31": "", "2013-09-30": "", "2013-06-30": "", "2013-03-31": "", "2012-12-31": "", "2012-09-30": "", "2012-06-30": "", "2012-03-31": "", "2011-12-31": "", "2011-09-30": "", "2011-06-30": "", "2011-03-31": "", "2010-12-31": "", "2010-09-30": "", "2010-06-30": "", "2010-03-31": "", "2009-12-31": "", "2009-09-30": "", "2009-06-30": "", "2009-03-31": "", "2008-12-31": "", "2008-09-30": "", "2008-06-30": "", "2008-03-31": "", "2007-12-31": "", "2007-09-30": "", "2007-06-30": "", "2007-03-31": "", "2006-12-31": "", "2006-09-30": "", "2006-06-30": "", "2006-03-31": "", "2005-12-31": "", "2005-09-30": "", "2005-06-30": "", "2005-03-31": ""}, "Income From Continuous Operations": {"2020-12-31": "30.38100", "2020-09-30": "36.22000", "2020-06-30": "17.51100", "2020-03-31": "44.46700", "2019-12-31": "96.22500", "2019-09-30": "44.78200", "2019-06-30": "43.54200", "2019-03-31": "39.72100", "2018-12-31": "40.30700", "2018-09-30": "39.99000", "2018-06-30": "39.87200", "2018-03-31": "40.52500", "2017-12-31": "89.08200", "2017-09-30": "35.47500", "2017-06-30": "40.31400", "2017-03-31": "35.98900", "2016-12-31": "42.08000", "2016-09-30": "303.42100", "2016-06-30": "72.01900", "2016-03-31": "37.86400", "2015-12-31": "56.88400", "2015-09-30": "33.28700", "2015-06-30": "32.14500", "2015-03-31": "116.19600", "2014-12-31": "166.42700", "2014-09-30": "39.33300", "2014-06-30": "36.28400", "2014-03-31": "41.07300", "2013-12-31": "42.72800", "2013-09-30": "35.07300", "2013-06-30": "47.93900", "2013-03-31": "29.87600", "2012-12-31": "55.91200", "2012-09-30": "27.83900", "2012-06-30": "20.10200", "2012-03-31": "57.57300", "2011-12-31": "10.39700", "2011-09-30": "13.25300", "2011-06-30": "-14.95000", "2011-03-31": "8.80900", "2010-12-31": "-1.59200", "2010-09-30": "2.75100", "2010-06-30": "3.28400", "2010-03-31": "3.08300", "2009-12-31": "-84.91800", "2009-09-30": "5.91300", "2009-06-30": "2.57100", "2009-03-31": "7.83000", "2008-12-31": "-35.18400", "2008-09-30": "10.28400", "2008-06-30": "9.90900", "2008-03-31": "8.37700", "2007-12-31": "19.72400", "2007-09-30": "8.92600", "2007-06-30": "13.33500", "2007-03-31": "11.12100", "2006-12-31": "4.17600", "2006-09-30": "95.28600", "2006-06-30": "8.09600", "2006-03-31": "12.39500", "2005-12-31": "6.57500", "2005-09-30": "-3.68600", "2005-06-30": "-1.30800", "2005-03-31": "149.94500"}, "Income From Discontinued Operations": {"2020-12-31": "", "2020-09-30": "", "2020-06-30": "", "2020-03-31": "", "2019-12-31": "", "2019-09-30": "", "2019-06-30": "", "2019-03-31": "", "2018-12-31": "", "2018-09-30": "", "2018-06-30": "", "2018-03-31": "", "2017-12-31": "", "2017-09-30": "", "2017-06-30": "", "2017-03-31": "", "2016-12-31": "0.00000", "2016-09-30": "", "2016-06-30": "377.76600", "2016-03-31": "5.07600", "2015-12-31": "4.91800", "2015-09-30": "4.90700", "2015-06-30": "5.05600", "2015-03-31": "4.86900", "2014-12-31": "", "2014-09-30": "", "2014-06-30": "", "2014-03-31": "", "2013-12-31": "92.39100", "2013-09-30": "36.72900", "2013-06-30": "26.99800", "2013-03-31": "34.55700", "2012-12-31": "90.23400", "2012-09-30": "3.96400", "2012-06-30": "2.74500", "2012-03-31": "35.53100", "2011-12-31": "39.66700", "2011-09-30": "1.09800", "2011-06-30": "0.89500", "2011-03-31": "0.79200", "2010-12-31": "20.87300", "2010-09-30": "1.08100", "2010-06-30": "0.96400", "2010-03-31": "0.69800", "2009-12-31": "5.53100", "2009-09-30": "0.27900", "2009-06-30": "17.91600", "2009-03-31": "0.67500", "2008-12-31": "4.42700", "2008-09-30": "66.14400", "2008-06-30": "10.26100", "2008-03-31": "7.80700", "2007-12-31": "86.49800", "2007-09-30": "2.92600", "2007-06-30": "29.25700", "2007-03-31": "1.91600", "2006-12-31": "27.18800", "2006-09-30": "30.17100", "2006-06-30": "26.48600", "2006-03-31": "29.04800", "2005-12-31": "6.31200", "2005-09-30": "1.36900", "2005-06-30": "23.16000", "2005-03-31": "16.71900"}, "Net Income": {"2020-12-31": "29.19300", "2020-09-30": "34.95700", "2020-06-30": "16.47700", "2020-03-31": "43.28400", "2019-12-31": "95.01400", "2019-09-30": "43.59700", "2019-06-30": "42.39900", "2019-03-31": "38.61300", "2018-12-31": "39.19600", "2018-09-30": "38.86600", "2018-06-30": "38.67100", "2018-03-31": "39.39500", "2017-12-31": "87.98900", "2017-09-30": "34.38400", "2017-06-30": "39.18800", "2017-03-31": "34.86100", "2016-12-31": "40.89300", "2016-09-30": "290.89800", "2016-06-30": "446.30200", "2016-03-31": "41.73000", "2015-12-31": "60.59300", "2015-09-30": "37.04400", "2015-06-30": "36.07900", "2015-03-31": "115.59900", "2014-12-31": "178.49800", "2014-09-30": "38.28300", "2014-06-30": "35.27200", "2014-03-31": "40.03600", "2013-12-31": "129.99600", "2013-09-30": "70.72000", "2013-06-30": "72.17200", "2013-03-31": "63.47600", "2012-12-31": "143.55400", "2012-09-30": "30.41500", "2012-06-30": "21.55300", "2012-03-31": "87.86800", "2011-12-31": "46.85000", "2011-09-30": "11.84000", "2011-06-30": "-16.59700", "2011-03-31": "7.28600", "2010-12-31": "16.88200", "2010-09-30": "1.65000", "2010-06-30": "2.13400", "2010-03-31": "2.28500", "2009-12-31": "-79.28600", "2009-09-30": "3.93700", "2009-06-30": "18.31500", "2009-03-31": "6.23400", "2008-12-31": "-34.90900", "2008-09-30": "73.67300", "2008-06-30": "17.29400", "2008-03-31": "14.91500", "2007-12-31": "80.97600", "2007-09-30": "11.85200", "2007-06-30": "42.59200", "2007-03-31": "13.03700", "2006-12-31": "31.36400", "2006-09-30": "125.45700", "2006-06-30": "34.58200", "2006-03-31": "41.44300", "2005-12-31": "12.88700", "2005-09-30": "-2.31700", "2005-06-30": "21.85200", "2005-03-31": "166.66400"}, "EBITDA": {"2020-12-31": "", "2020-09-30": "139.96000", "2020-06-30": "118.41700", "2020-03-31": "136.28000", "2019-12-31": "124.34120", "2019-09-30": "145.09100", "2019-06-30": "139.80200", "2019-03-31": "146.93600", "2018-12-31": "144.90400", "2018-09-30": "130.33700", "2018-06-30": "131.80400", "2018-03-31": "129.64900", "2017-12-31": "121.57700", "2017-09-30": "116.80700", "2017-06-30": "119.61000", "2017-03-31": "117.28900", "2016-12-31": "123.18900", "2016-09-30": "119.05600", "2016-06-30": "120.88000", "2016-03-31": "120.06800", "2015-12-31": "118.25690", "2015-09-30": "118.65000", "2015-06-30": "114.34500", "2015-03-31": "109.60000", "2014-12-31": "74.26200", "2014-09-30": "116.67100", "2014-06-30": "116.99600", "2014-03-31": "114.28100", "2013-12-31": "113.86610", "2013-09-30": "109.30800", "2013-06-30": "106.85600", "2013-03-31": "101.97900", "2012-12-31": "83.86200", "2012-09-30": "102.80500", "2012-06-30": "99.00300", "2012-03-31": "100.69000", "2011-12-31": "69.54100", "2011-09-30": "90.94100", "2011-06-30": "82.24900", "2011-03-31": "73.91300", "2010-12-31": "65.59310", "2010-09-30": "70.59100", "2010-06-30": "79.76800", "2010-03-31": "70.88100", "2009-12-31": "71.67300", "2009-09-30": "69.87800", "2009-06-30": "72.41100", "2009-03-31": "85.06300", "2008-12-31": "111.51410", "2008-09-30": "71.95900", "2008-06-30": "82.23500", "2008-03-31": "88.67900", "2007-12-31": "69.03090", "2007-09-30": "83.58400", "2007-06-30": "77.44000", "2007-03-31": "77.60100", "2006-12-31": "57.17600", "2006-09-30": "73.39500", "2006-06-30": "75.82800", "2006-03-31": "80.72400", "2005-12-31": "85.13000", "2005-09-30": "70.26900", "2005-06-30": "72.25400", "2005-03-31": "63.92700"}, "EBIT": {"2020-12-31": "38.88500", "2020-09-30": "49.38500", "2020-06-30": "25.61400", "2020-03-31": "44.42100", "2019-12-31": "38.80120", "2019-09-30": "59.27700", "2019-06-30": "55.15600", "2019-03-31": "66.66200", "2018-12-31": "66.22700", "2018-09-30": "53.86100", "2018-06-30": "56.23500", "2018-03-31": "59.42500", "2017-12-31": "53.38400", "2017-09-30": "49.79300", "2017-06-30": "54.57700", "2017-03-31": "53.55500", "2016-12-31": "60.42200", "2016-09-30": "56.22400", "2016-06-30": "58.42400", "2016-03-31": "57.97700", "2015-12-31": "56.57300", "2015-09-30": "57.31400", "2015-06-30": "54.40500", "2015-03-31": "51.61600", "2014-12-31": "29.22800", "2014-09-30": "56.65600", "2014-06-30": "58.22700", "2014-03-31": "56.04400", "2013-12-31": "58.58510", "2013-09-30": "52.64500", "2013-06-30": "51.64300", "2013-03-31": "47.59300", "2012-12-31": "29.52600", "2012-09-30": "49.08700", "2012-06-30": "44.79300", "2012-03-31": "49.47400", "2011-12-31": "23.36700", "2011-09-30": "45.03400", "2011-06-30": "34.78200", "2011-03-31": "25.79300", "2010-12-31": "19.06900", "2010-09-30": "25.97400", "2010-06-30": "36.57500", "2010-03-31": "26.64800", "2009-12-31": "26.48600", "2009-09-30": "26.60000", "2009-06-30": "28.41300", "2009-03-31": "41.18600", "2008-12-31": "67.98700", "2008-09-30": "28.61700", "2008-06-30": "38.94700", "2008-03-31": "46.71000", "2007-12-31": "33.80400", "2007-09-30": "40.22400", "2007-06-30": "36.43800", "2007-03-31": "36.36400", "2006-12-31": "21.66100", "2006-09-30": "29.82400", "2006-06-30": "31.62300", "2006-03-31": "40.34200", "2005-12-31": "46.03100", "2005-09-30": "22.57200", "2005-06-30": "24.41800", "2005-03-31": "23.56600"}, "Basic Shares Outstanding": {"2020-12-31": "99.42200", "2020-09-30": "99.41900", "2020-06-30": "99.39900", "2020-03-31": "99.29800", "2019-12-31": "98.46000", "2019-09-30": "98.95900", "2019-06-30": "98.90300", "2019-03-31": "96.89200", "2018-12-31": "95.20800", "2018-09-30": "95.25700", "2018-06-30": "95.24300", "2018-03-31": "95.06700", "2017-12-31": "91.49900", "2017-09-30": "91.01100", "2017-06-30": "90.10500", "2017-03-31": "89.92500", "2016-12-31": "89.58000", "2016-09-30": "89.66900", "2016-06-30": "89.55900", "2016-03-31": "89.34400", "2015-12-31": "89.12000", "2015-09-30": "89.16400", "2015-06-30": "89.15300", "2015-03-31": "88.98700", "2014-12-31": "88.08400", "2014-09-30": "88.14600", "2014-06-30": "87.84500", "2014-03-31": "87.65100", "2013-12-31": "87.20400", "2013-09-30": "87.44900", "2013-06-30": "87.19100", "2013-03-31": "86.70300", "2012-12-31": "83.77200", "2012-09-30": "85.63100", "2012-06-30": "83.22300", "2012-03-31": "79.88500", "2011-12-31": "72.75600", "2011-09-30": "73.24200", "2011-06-30": "72.34300", "2011-03-31": "71.90600", "2010-12-31": "68.60800", "2010-09-30": "69.10000", "2010-06-30": "68.09000", "2010-03-31": "66.47500", "2009-12-31": "62.35900", "2009-09-30": "66.09400", "2009-06-30": "61.49900", "2009-03-31": "55.55200", "2008-12-31": "55.27200", "2008-09-30": "55.36700", "2008-06-30": "55.35100", "2008-03-31": "54.96500", "2007-12-31": "58.13500", "2007-09-30": "58.07300", "2007-06-30": "58.89400", "2007-03-31": "58.81300", "2006-12-31": "56.66000", "2006-09-30": "58.34800", "2006-06-30": "55.50600", "2006-03-31": "54.29000", "2005-12-31": "52.00000", "2005-09-30": "54.01800", "2005-06-30": "53.87300", "2005-03-31": "45.90000"}, "Shares Outstanding": {"2020-12-31": "99.50700", "2020-09-30": "99.45500", "2020-06-30": "99.40800", "2020-03-31": "99.38000", "2019-12-31": "99.38400", "2019-09-30": "99.06600", "2019-06-30": "98.99700", "2019-03-31": "97.04100", "2018-12-31": "95.36600", "2018-09-30": "95.41700", "2018-06-30": "95.33700", "2018-03-31": "96.04600", "2017-12-31": "92.51500", "2017-09-30": "92.03300", "2017-06-30": "91.04100", "2017-03-31": "90.94900", "2016-12-31": "89.90300", "2016-09-30": "90.01200", "2016-06-30": "89.86200", "2016-03-31": "90.50900", "2015-12-31": "89.49000", "2015-09-30": "89.53000", "2015-06-30": "90.25200", "2015-03-31": "90.46400", "2014-12-31": "88.46800", "2014-09-30": "89.35300", "2014-06-30": "88.97200", "2014-03-31": "88.82400", "2013-12-31": "88.49400", "2013-09-30": "88.71600", "2013-06-30": "88.47200", "2013-03-31": "87.27600", "2012-12-31": "85.55600", "2012-09-30": "86.29300", "2012-06-30": "83.84600", "2012-03-31": "82.85500", "2011-12-31": "73.46200", "2011-09-30": "74.27400", "2011-06-30": "72.34300", "2011-03-31": "72.78300", "2010-12-31": "68.60800", "2010-09-30": "69.44100", "2010-06-30": "68.38600", "2010-03-31": "69.29500", "2009-12-31": "62.35900", "2009-09-30": "66.60200", "2009-06-30": "61.49900", "2009-03-31": "56.04700", "2008-12-31": "55.27200", "2008-09-30": "56.00800", "2008-06-30": "56.03300", "2008-03-31": "55.62500", "2007-12-31": "59.12500", "2007-09-30": "58.99300", "2007-06-30": "59.92900", "2007-03-31": "59.99400", "2006-12-31": "59.52400", "2006-09-30": "61.25000", "2006-06-30": "56.68300", "2006-03-31": "55.47400", "2005-12-31": "56.31300", "2005-09-30": "55.67100", "2005-06-30": "55.53800", "2005-03-31": "49.37400"}, "Basic EPS": {"2020-12-31": "0.29000", "2020-09-30": "0.35000", "2020-06-30": "0.17000", "2020-03-31": "0.43000", "2019-12-31": "0.96000", "2019-09-30": "0.44000", "2019-06-30": "0.43000", "2019-03-31": "0.40000", "2018-12-31": "0.41000", "2018-09-30": "0.41000", "2018-06-30": "0.40000", "2018-03-31": "0.41000", "2017-12-31": "0.94000", "2017-09-30": "0.38000", "2017-06-30": "0.43000", "2017-03-31": "0.39000", "2016-12-31": "0.45000", "2016-09-30": "3.23000", "2016-06-30": "4.94000", "2016-03-31": "0.46000", "2015-12-31": "0.67000", "2015-09-30": "0.41000", "2015-06-30": "0.40000", "2015-03-31": "1.29000", "2014-12-31": "2.01000", "2014-09-30": "0.43000", "2014-06-30": "0.40000", "2014-03-31": "0.45000", "2013-12-31": "1.48000", "2013-09-30": "0.80000", "2013-06-30": "0.82000", "2013-03-31": "0.72000", "2012-12-31": "1.63000", "2012-09-30": "0.36000", "2012-06-30": "0.26000", "2012-03-31": "1.10000", "2011-12-31": "0.64000", "2011-09-30": "0.16000", "2011-06-30": "-0.23000", "2011-03-31": "0.10000", "2010-12-31": "0.25000", "2010-09-30": "0.02000", "2010-06-30": "0.03000", "2010-03-31": "0.03000", "2009-12-31": "-1.27000", "2009-09-30": "0.06000", "2009-06-30": "0.30000", "2009-03-31": "0.11000", "2008-12-31": "-0.62000", "2008-09-30": "1.32000", "2008-06-30": "0.31000", "2008-03-31": "0.27000", "2007-12-31": "1.40000", "2007-09-30": "0.20000", "2007-06-30": "0.72000", "2007-03-31": "0.22000", "2006-12-31": "0.58000", "2006-09-30": "2.15000", "2006-06-30": "0.62000", "2006-03-31": "0.76000", "2005-12-31": "-0.17000", "2005-09-30": "-0.04000", "2005-06-30": "0.41000", "2005-03-31": "3.63000"}, "EPS - Earnings Per Share": {"2020-12-31": "0.29000", "2020-09-30": "0.35000", "2020-06-30": "0.17000", "2020-03-31": "0.43000", "2019-12-31": "0.95000", "2019-09-30": "0.44000", "2019-06-30": "0.43000", "2019-03-31": "0.40000", "2018-12-31": "0.42000", "2018-09-30": "0.40000", "2018-06-30": "0.40000", "2018-03-31": "0.41000", "2017-12-31": "0.93000", "2017-09-30": "0.38000", "2017-06-30": "0.43000", "2017-03-31": "0.39000", "2016-12-31": "0.46000", "2016-09-30": "3.21000", "2016-06-30": "4.92000", "2016-03-31": "0.46000", "2015-12-31": "0.68000", "2015-09-30": "0.41000", "2015-06-30": "0.40000", "2015-03-31": "1.27000", "2014-12-31": "1.99000", "2014-09-30": "0.43000", "2014-06-30": "0.40000", "2014-03-31": "0.45000", "2013-12-31": "1.46000", "2013-09-30": "0.79000", "2013-06-30": "0.81000", "2013-03-31": "0.72000", "2012-12-31": "1.62000", "2012-09-30": "0.35000", "2012-06-30": "0.26000", "2012-03-31": "1.07000", "2011-12-31": "0.63000", "2011-09-30": "0.16000", "2011-06-30": "-0.23000", "2011-03-31": "0.10000", "2010-12-31": "0.25000", "2010-09-30": "0.02000", "2010-06-30": "0.03000", "2010-03-31": "0.03000", "2009-12-31": "-1.27000", "2009-09-30": "0.06000", "2009-06-30": "0.30000", "2009-03-31": "0.11000", "2008-12-31": "-0.60000", "2008-09-30": "1.30000", "2008-06-30": "0.31000", "2008-03-31": "0.27000", "2007-12-31": "1.37000", "2007-09-30": "0.20000", "2007-06-30": "0.71000", "2007-03-31": "0.22000", "2006-12-31": "0.53000", "2006-09-30": "2.07000", "2006-06-30": "0.61000", "2006-03-31": "0.75000", "2005-12-31": "-0.16000", "2005-09-30": "-0.05000", "2005-06-30": "0.39000", "2005-03-31": "3.40000"}}, "balance sheet": {"Cash On Hand": {"2020-12-31": "424.53300", "2019-12-31": "27.49900", "2018-12-31": "43.60300", "2017-12-31": "377.80500", "2016-12-31": "345.82600", "2015-12-31": "16.58800", "2014-12-31": "159.81600", "2013-12-31": "24.39300", "2012-12-31": "32.66000", "2011-12-31": "60.23500", "2010-12-31": "176.08800", "2009-12-31": "67.81400", "2008-12-31": "12.96600", "2007-12-31": "6.57200", "2006-12-31": "5.75500", "2005-12-31": "6.66500"}, "Receivables": {"2020-12-31": "20.15800", "2019-12-31": "21.83300", "2018-12-31": "22.92000", "2017-12-31": "24.03800", "2016-12-31": "24.02800", "2015-12-31": "25.10000", "2014-12-31": "25.97700", "2013-12-31": "27.72400", "2012-12-31": "33.62500", "2011-12-31": "31.03500", "2010-12-31": "31.89500", "2009-12-31": "36.11200", "2008-12-31": "37.00000", "2007-12-31": "35.94000", "2006-12-31": "34.17000", "2005-12-31": "34.08400"}, "Inventory": {"2020-12-31": "", "2019-12-31": "", "2018-12-31": "", "2017-12-31": "", "2016-12-31": "", "2015-12-31": "", "2014-12-31": "", "2013-12-31": "", "2012-12-31": "", "2011-12-31": "", "2010-12-31": "", "2009-12-31": "", "2008-12-31": "", "2007-12-31": "", "2006-12-31": "", "2005-12-31": ""}, "Pre-Paid Expenses": {"2020-12-31": "", "2019-12-31": "", "2018-12-31": "", "2017-12-31": "", "2016-12-31": "", "2015-12-31": "", "2014-12-31": "", "2013-12-31": "", "2012-12-31": "", "2011-12-31": "", "2010-12-31": "", "2009-12-31": "", "2008-12-31": "", "2007-12-31": "", "2006-12-31": "", "2005-12-31": ""}, "Other Current Assets": {"2020-12-31": "", "2019-12-31": "", "2018-12-31": "", "2017-12-31": "", "2016-12-31": "", "2015-12-31": "", "2014-12-31": "", "2013-12-31": "", "2012-12-31": "", "2011-12-31": "", "2010-12-31": "", "2009-12-31": "", "2008-12-31": "", "2007-12-31": "", "2006-12-31": "", "2005-12-31": ""}, "Total Current Assets": {"2020-12-31": "444.69100", "2019-12-31": "49.33200", "2018-12-31": "66.52300", "2017-12-31": "401.84300", "2016-12-31": "369.85400", "2015-12-31": "41.68800", "2014-12-31": "185.79300", "2013-12-31": "52.11700", "2012-12-31": "66.28500", "2011-12-31": "91.27000", "2010-12-31": "211.17700", "2009-12-31": "149.77300", "2008-12-31": "116.78500", "2007-12-31": "104.43500", "2006-12-31": "85.25800", "2005-12-31": "65.92600"}, "Property, Plant, And Equipment": {"2020-12-31": "6537.98500", "2019-12-31": "6450.45600", "2018-12-31": "5947.60900", "2017-12-31": "5576.14100", "2016-12-31": "5516.28800", "2015-12-31": "5879.66400", "2014-12-31": "5746.22600", "2013-12-31": "5470.62300", "2012-12-31": "5230.62700", "2011-12-31": "4442.71600", "2010-12-31": "4382.38500", "2009-12-31": "4356.11200", "2008-12-31": "4510.54400", "2007-12-31": "4659.32900", "2006-12-31": "4379.45600", "2005-12-31": "4322.35700"}, "Long-Term Investments": {"2020-12-31": "", "2019-12-31": "", "2018-12-31": "", "2017-12-31": "", "2016-12-31": "", "2015-12-31": "", "2014-12-31": "", "2013-12-31": "", "2012-12-31": "", "2011-12-31": "", "2010-12-31": "", "2009-12-31": "", "2008-12-31": "", "2007-12-31": "", "2006-12-31": "", "2005-12-31": ""}, "Goodwill And Intangible Assets": {"2020-12-31": "", "2019-12-31": "", "2018-12-31": "", "2017-12-31": "", "2016-12-31": "", "2015-12-31": "", "2014-12-31": "", "2013-12-31": "", "2012-12-31": "", "2011-12-31": "", "2010-12-31": "", "2009-12-31": "", "2008-12-31": "", "2007-12-31": "", "2006-12-31": "", "2005-12-31": ""}, "Other Long-Term Assets": {"2020-12-31": "216.27600", "2019-12-31": "248.71600", "2018-12-31": "205.45400", "2017-12-31": "195.76400", "2016-12-31": "142.01000", "2015-12-31": "116.26000", "2014-12-31": "111.96200", "2013-12-31": "109.40100", "2012-12-31": "88.26000", "2011-12-31": "88.08900", "2010-12-31": "106.17500", "2009-12-31": "102.11400", "2008-12-31": "103.01300", "2007-12-31": "126.99600", "2006-12-31": "121.33600", "2005-12-31": "99.51600"}, "Total Long-Term Assets": {"2020-12-31": "6754.26100", "2019-12-31": "6699.17200", "2018-12-31": "6153.06300", "2017-12-31": "5771.90500", "2016-12-31": "5658.29800", "2015-12-31": "5995.92400", "2014-12-31": "5858.18800", "2013-12-31": "5580.02400", "2012-12-31": "5318.88700", "2011-12-31": "4530.80500", "2010-12-31": "4488.56000", "2009-12-31": "4458.22600", "2008-12-31": "4613.55700", "2007-12-31": "4786.32500", "2006-12-31": "4500.79200", "2005-12-31": "4421.87300"}, "Total Assets": {"2020-12-31": "7198.95200", "2019-12-31": "6748.50400", "2018-12-31": "6219.58600", "2017-12-31": "6173.74800", "2016-12-31": "6028.15200", "2015-12-31": "6037.61200", "2014-12-31": "6043.98100", "2013-12-31": "5632.14100", "2012-12-31": "5385.17200", "2011-12-31": "4622.07500", "2010-12-31": "4699.73700", "2009-12-31": "4607.99900", "2008-12-31": "4730.34200", "2007-12-31": "4890.76000", "2006-12-31": "4586.05000", "2005-12-31": "4487.79900"}, "Total Current Liabilities": {"2020-12-31": "241.76400", "2019-12-31": "226.12700", "2018-12-31": "201.22400", "2017-12-31": "179.69600", "2016-12-31": "186.85400", "2015-12-31": "178.57600", "2014-12-31": "196.38100", "2013-12-31": "148.95500", "2012-12-31": "130.34800", "2011-12-31": "115.63000", "2010-12-31": "103.89400", "2009-12-31": "97.66100", "2008-12-31": "106.17500", "2007-12-31": "132.34600", "2006-12-31": "148.14000", "2005-12-31": "135.04900"}, "Long Term Debt": {"2020-12-31": "3166.62500", "2019-12-31": "2524.09900", "2018-12-31": "2321.60300", "2017-12-31": "2204.59800", "2016-12-31": "2480.58800", "2015-12-31": "2724.68700", "2014-12-31": "2730.61300", "2013-12-31": "2530.76600", "2012-12-31": "2510.46800", "2011-12-31": "2432.11200", "2010-12-31": "2563.75400", "2009-12-31": "2625.19900", "2008-12-31": "2832.39600", "2007-12-31": "2828.09500", "2006-12-31": "2330.97600", "2005-12-31": "2633.09100"}, "Other Non-Current Liabilities": {"2020-12-31": "273.97600", "2019-12-31": "296.55400", "2018-12-31": "311.65500", "2017-12-31": "304.74000", "2016-12-31": "265.15700", "2015-12-31": "241.45300", "2014-12-31": "228.57800", "2013-12-31": "192.23900", "2012-12-31": "117.64800", "2011-12-31": "148.64000", "2010-12-31": "176.79100", "2009-12-31": "178.20100", "2008-12-31": "192.49000", "2007-12-31": "179.05400", "2006-12-31": "149.06700", "2005-12-31": "127.73300"}, "Total Long Term Liabilities": {"2020-12-31": "3440.60100", "2019-12-31": "2820.65300", "2018-12-31": "2633.25800", "2017-12-31": "2509.33800", "2016-12-31": "2745.74500", "2015-12-31": "2966.14000", "2014-12-31": "2959.19100", "2013-12-31": "2723.00500", "2012-12-31": "2628.11600", "2011-12-31": "2678.67700", "2010-12-31": "2838.47000", "2009-12-31": "2901.32500", "2008-12-31": "3122.81100", "2007-12-31": "3227.10100", "2006-12-31": "2703.55400", "2005-12-31": "2981.84700"}, "Total Liabilities": {"2020-12-31": "3682.36500", "2019-12-31": "3046.78000", "2018-12-31": "2834.48200", "2017-12-31": "2689.03400", "2016-12-31": "2932.59900", "2015-12-31": "3144.71600", "2014-12-31": "3155.57200", "2013-12-31": "2871.96000", "2012-12-31": "2758.46400", "2011-12-31": "2794.30700", "2010-12-31": "2942.36400", "2009-12-31": "2998.98600", "2008-12-31": "3228.98600", "2007-12-31": "3359.44700", "2006-12-31": "2851.69400", "2005-12-31": "3116.89600"}, "Common Stock Net": {"2020-12-31": "1.06900", "2019-12-31": "1.06900", "2018-12-31": "1.03100", "2017-12-31": "1.02800", "2016-12-31": "0.97800", "2015-12-31": "0.97600", "2014-12-31": "0.97600", "2013-12-31": "0.96700", "2012-12-31": "0.96200", "2011-12-31": "0.84500", "2010-12-31": "0.82400", "2009-12-31": "0.77000", "2008-12-31": "0.66000", "2007-12-31": "0.65400", "2006-12-31": "0.65000", "2005-12-31": "0.60800"}, "Retained Earnings (Accumulated Deficit)": {"2020-12-31": "-791.07900", "2019-12-31": "-584.16700", "2018-12-31": "-495.49600", "2017-12-31": "-368.70300", "2016-12-31": "-289.18000", "2015-12-31": "-458.57700", "2014-12-31": "-453.77700", "2013-12-31": "-494.16700", "2012-12-31": "-598.95100", "2011-12-31": "-690.46600", "2010-12-31": "-595.31700", "2009-12-31": "-492.57100", "2008-12-31": "-312.30900", "2007-12-31": "-227.02500", "2006-12-31": "-213.66500", "2005-12-31": "-295.07400"}, "Comprehensive Income": {"2020-12-31": "-5.38300", "2019-12-31": "-6.52900", "2018-12-31": "6.92900", "2017-12-31": "-0.05700", "2016-12-31": "-1.86300", "2015-12-31": "-1.91300", "2014-12-31": "-2.41900", "2013-12-31": "-1.10600", "2012-12-31": "-1.06200", "2011-12-31": "-0.68300", "2010-12-31": "-33.45800", "2009-12-31": "-41.15500", "2008-12-31": "-51.05600", "2007-12-31": "-16.12300", "2006-12-31": "", "2005-12-31": ""}, "Other Share Holders Equity": {"2020-12-31": "", "2019-12-31": "", "2018-12-31": "", "2017-12-31": "", "2016-12-31": "", "2015-12-31": "", "2014-12-31": "", "2013-12-31": "", "2012-12-31": "", "2011-12-31": "", "2010-12-31": "", "2009-12-31": "-0.10100", "2008-12-31": "-0.29500", "2007-12-31": "-1.95000", "2006-12-31": "-2.03600", "2005-12-31": "-2.07800"}, "Share Holder Equity": {"2020-12-31": "3516.58700", "2019-12-31": "3701.72400", "2018-12-31": "3385.10400", "2017-12-31": "3484.71400", "2016-12-31": "3095.55300", "2015-12-31": "2892.89600", "2014-12-31": "2888.40900", "2013-12-31": "2760.18100", "2012-12-31": "2626.70800", "2011-12-31": "1827.76800", "2010-12-31": "1757.37300", "2009-12-31": "1609.01300", "2008-12-31": "1501.35600", "2007-12-31": "1531.31300", "2006-12-31": "1734.35600", "2005-12-31": "1370.90300"}, "Total Liabilities And Share Holders Equity": {"2020-12-31": "7198.95200", "2019-12-31": "6748.50400", "2018-12-31": "6219.58600", "2017-12-31": "6173.74800", "2016-12-31": "6028.15200", "2015-12-31": "6037.61200", "2014-12-31": "6043.98100", "2013-12-31": "5632.14100", "2012-12-31": "5385.17200", "2011-12-31": "4622.07500", "2010-12-31": "4699.73700", "2009-12-31": "4607.99900", "2008-12-31": "4730.34200", "2007-12-31": "4890.76000", "2006-12-31": "4586.05000", "2005-12-31": "4487.79900"}}, "balance sheet, quarterly": {"Cash On Hand": {"2020-12-31": "424.53300", "2020-09-30": "593.53200", "2020-06-30": "605.67700", "2020-03-31": "26.64400", "2019-12-31": "27.49900", "2019-09-30": "162.92500", "2019-06-30": "154.94300", "2019-03-31": "11.74700", "2018-12-31": "43.60300", "2018-09-30": "18.59000", "2018-06-30": "73.65200", "2018-03-31": "116.43700", "2017-12-31": "377.80500", "2017-09-30": "359.45200", "2017-06-30": "24.63000", "2017-03-31": "253.70400", "2016-12-31": "345.82600", "2016-09-30": "422.43300", "2016-06-30": "363.28700", "2016-03-31": "12.31300", "2015-12-31": "16.58800", "2015-09-30": "16.50100", "2015-06-30": "22.29900", "2015-03-31": "179.38700", "2014-12-31": "159.81600", "2014-09-30": "71.89600", "2014-06-30": "21.49300", "2014-03-31": "22.31700", "2013-12-31": "24.39300", "2013-09-30": "65.59600", "2013-06-30": "12.88700", "2013-03-31": "65.22000", "2012-12-31": "32.66000", "2012-09-30": "12.33200", "2012-06-30": "57.42100", "2012-03-31": "54.77600", "2011-12-31": "60.23500", "2011-09-30": "61.45600", "2011-06-30": "68.04600", "2011-03-31": "104.12500", "2010-12-31": "176.08800", "2010-09-30": "96.24500", "2010-06-30": "131.89300", "2010-03-31": "32.23300", "2009-12-31": "67.81400", "2009-09-30": "85.58400", "2009-06-30": "162.85500", "2009-03-31": "11.69300", "2008-12-31": "12.96600", "2008-09-30": "34.48800", "2008-06-30": "5.92900", "2008-03-31": "6.27200", "2007-12-31": "6.57200", "2007-09-30": "7.11100", "2007-06-30": "23.11100", "2007-03-31": "7.24200", "2006-12-31": "5.75500", "2006-09-30": "13.60200", "2006-06-30": "54.89400", "2006-03-31": "6.52500", "2005-12-31": "6.66500", "2005-09-30": "6.90500", "2005-06-30": "12.80700", "2005-03-31": "12.18600"}, "Receivables": {"2020-12-31": "20.15800", "2020-09-30": "20.15200", "2020-06-30": "21.43200", "2020-03-31": "20.34400", "2019-12-31": "21.83300", "2019-09-30": "23.17000", "2019-06-30": "22.29700", "2019-03-31": "21.33700", "2018-12-31": "22.92000", "2018-09-30": "22.60500", "2018-06-30": "23.47300", "2018-03-31": "23.39700", "2017-12-31": "24.03800", "2017-09-30": "23.62000", "2017-06-30": "23.59200", "2017-03-31": "23.63400", "2016-12-31": "24.02800", "2016-09-30": "23.99800", "2016-06-30": "24.00800", "2016-03-31": "24.01100", "2015-12-31": "25.10000", "2015-09-30": "25.05300", "2015-06-30": "25.85500", "2015-03-31": "25.65200", "2014-12-31": "25.97700", "2014-09-30": "25.95400", "2014-06-30": "26.50100", "2014-03-31": "26.14500", "2013-12-31": "27.72400", "2013-09-30": "27.47400", "2013-06-30": "27.27400", "2013-03-31": "26.94800", "2012-12-31": "33.62500", "2012-09-30": "28.87400", "2012-06-30": "29.94000", "2012-03-31": "29.74200", "2011-12-31": "31.03500", "2011-09-30": "31.39500", "2011-06-30": "30.40100", "2011-03-31": "29.97300", "2010-12-31": "31.89500", "2010-09-30": "32.26900", "2010-06-30": "31.99300", "2010-03-31": "32.65700", "2009-12-31": "36.11200", "2009-09-30": "35.97100", "2009-06-30": "35.90900", "2009-03-31": "36.10500", "2008-12-31": "37.00000", "2008-09-30": "36.86800", "2008-06-30": "36.55600", "2008-03-31": "36.16600", "2007-12-31": "35.94000", "2007-09-30": "36.17100", "2007-06-30": "35.34100", "2007-03-31": "34.85400", "2006-12-31": "34.17000", "2006-09-30": "33.62400", "2006-06-30": "33.40800", "2006-03-31": "33.36100", "2005-12-31": "34.08400", "2005-09-30": "35.31300", "2005-06-30": "35.08400", "2005-03-31": "33.58700"}, "Inventory": {"2020-12-31": "", "2020-09-30": "", "2020-06-30": "", "2020-03-31": "", "2019-12-31": "", "2019-09-30": "", "2019-06-30": "", "2019-03-31": "", "2018-12-31": "", "2018-09-30": "", "2018-06-30": "", "2018-03-31": "", "2017-12-31": "", "2017-09-30": "", "2017-06-30": "", "2017-03-31": "", "2016-12-31": "", "2016-09-30": "", "2016-06-30": "", "2016-03-31": "", "2015-12-31": "", "2015-09-30": "", "2015-06-30": "", "2015-03-31": "", "2014-12-31": "", "2014-09-30": "", "2014-06-30": "", "2014-03-31": "", "2013-12-31": "", "2013-09-30": "", "2013-06-30": "", "2013-03-31": "", "2012-12-31": "", "2012-09-30": "", "2012-06-30": "", "2012-03-31": "", "2011-12-31": "", "2011-09-30": "", "2011-06-30": "", "2011-03-31": "", "2010-12-31": "", "2010-09-30": "", "2010-06-30": "", "2010-03-31": "", "2009-12-31": "", "2009-09-30": "", "2009-06-30": "", "2009-03-31": "", "2008-12-31": "", "2008-09-30": "", "2008-06-30": "", "2008-03-31": "", "2007-12-31": "", "2007-09-30": "", "2007-06-30": "", "2007-03-31": "", "2006-12-31": "", "2006-09-30": "", "2006-06-30": "", "2006-03-31": "", "2005-12-31": "", "2005-09-30": "", "2005-06-30": "", "2005-03-31": ""}, "Pre-Paid Expenses": {"2020-12-31": "", "2020-09-30": "", "2020-06-30": "", "2020-03-31": "", "2019-12-31": "", "2019-09-30": "", "2019-06-30": "", "2019-03-31": "", "2018-12-31": "", "2018-09-30": "", "2018-06-30": "", "2018-03-31": "", "2017-12-31": "", "2017-09-30": "", "2017-06-30": "", "2017-03-31": "", "2016-12-31": "", "2016-09-30": "", "2016-06-30": "", "2016-03-31": "", "2015-12-31": "", "2015-09-30": "", "2015-06-30": "", "2015-03-31": "", "2014-12-31": "", "2014-09-30": "", "2014-06-30": "", "2014-03-31": "", "2013-12-31": "", "2013-09-30": "", "2013-06-30": "", "2013-03-31": "", "2012-12-31": "", "2012-09-30": "", "2012-06-30": "", "2012-03-31": "", "2011-12-31": "", "2011-09-30": "", "2011-06-30": "", "2011-03-31": "", "2010-12-31": "", "2010-09-30": "", "2010-06-30": "", "2010-03-31": "", "2009-12-31": "", "2009-09-30": "", "2009-06-30": "", "2009-03-31": "", "2008-12-31": "", "2008-09-30": "", "2008-06-30": "", "2008-03-31": "", "2007-12-31": "", "2007-09-30": "", "2007-06-30": "", "2007-03-31": "", "2006-12-31": "", "2006-09-30": "", "2006-06-30": "", "2006-03-31": "", "2005-12-31": "", "2005-09-30": "", "2005-06-30": "", "2005-03-31": ""}, "Other Current Assets": {"2020-12-31": "", "2020-09-30": "", "2020-06-30": "", "2020-03-31": "", "2019-12-31": "", "2019-09-30": "", "2019-06-30": "", "2019-03-31": "", "2018-12-31": "", "2018-09-30": "", "2018-06-30": "", "2018-03-31": "", "2017-12-31": "", "2017-09-30": "", "2017-06-30": "", "2017-03-31": "", "2016-12-31": "", "2016-09-30": "", "2016-06-30": "", "2016-03-31": "", "2015-12-31": "", "2015-09-30": "", "2015-06-30": "", "2015-03-31": "", "2014-12-31": "", "2014-09-30": "", "2014-06-30": "", "2014-03-31": "", "2013-12-31": "", "2013-09-30": "", "2013-06-30": "", "2013-03-31": "", "2012-12-31": "", "2012-09-30": "", "2012-06-30": "", "2012-03-31": "", "2011-12-31": "", "2011-09-30": "", "2011-06-30": "", "2011-03-31": "", "2010-12-31": "", "2010-09-30": "", "2010-06-30": "", "2010-03-31": "", "2009-12-31": "", "2009-09-30": "", "2009-06-30": "", "2009-03-31": "", "2008-12-31": "", "2008-09-30": "", "2008-06-30": "", "2008-03-31": "", "2007-12-31": "", "2007-09-30": "", "2007-06-30": "", "2007-03-31": "", "2006-12-31": "", "2006-09-30": "", "2006-06-30": "", "2006-03-31": "", "2005-12-31": "", "2005-09-30": "", "2005-06-30": "", "2005-03-31": ""}, "Total Current Assets": {"2020-12-31": "444.69100", "2020-09-30": "613.68400", "2020-06-30": "627.10900", "2020-03-31": "46.98800", "2019-12-31": "49.33200", "2019-09-30": "186.09500", "2019-06-30": "177.24000", "2019-03-31": "33.08400", "2018-12-31": "66.52300", "2018-09-30": "41.19500", "2018-06-30": "97.12500", "2018-03-31": "139.83400", "2017-12-31": "401.84300", "2017-09-30": "383.07200", "2017-06-30": "48.22200", "2017-03-31": "277.33800", "2016-12-31": "369.85400", "2016-09-30": "446.43100", "2016-06-30": "387.29500", "2016-03-31": "36.32400", "2015-12-31": "41.68800", "2015-09-30": "41.55400", "2015-06-30": "48.15400", "2015-03-31": "205.03900", "2014-12-31": "185.79300", "2014-09-30": "97.85000", "2014-06-30": "47.99400", "2014-03-31": "48.46200", "2013-12-31": "52.11700", "2013-09-30": "93.07000", "2013-06-30": "40.16100", "2013-03-31": "92.16800", "2012-12-31": "66.28500", "2012-09-30": "41.20600", "2012-06-30": "87.36100", "2012-03-31": "84.51800", "2011-12-31": "91.27000", "2011-09-30": "92.85100", "2011-06-30": "98.44700", "2011-03-31": "134.09800", "2010-12-31": "211.17700", "2010-09-30": "146.02300", "2010-06-30": "202.36400", "2010-03-31": "111.00800", "2009-12-31": "149.77300", "2009-09-30": "176.01700", "2009-06-30": "252.79700", "2009-03-31": "106.27900", "2008-12-31": "116.78500", "2008-09-30": "138.30600", "2008-06-30": "105.04400", "2008-03-31": "103.47900", "2007-12-31": "104.43500", "2007-09-30": "103.01900", "2007-06-30": "115.57700", "2007-03-31": "97.16800", "2006-12-31": "85.25800", "2006-09-30": "82.11800", "2006-06-30": "120.84000", "2006-03-31": "75.68100", "2005-12-31": "65.92600", "2005-09-30": "78.58800", "2005-06-30": "91.28200", "2005-03-31": "88.77600"}, "Property, Plant, And Equipment": {"2020-12-31": "6537.98500", "2020-09-30": "6493.50500", "2020-06-30": "6482.76800", "2020-03-31": "6472.03800", "2019-12-31": "6450.45600", "2019-09-30": "6224.53700", "2019-06-30": "6211.02700", "2019-03-31": "6034.64700", "2018-12-31": "5947.60900", "2018-09-30": "5928.83700", "2018-06-30": "5830.06400", "2018-03-31": "5789.12100", "2017-12-31": "5576.14100", "2017-09-30": "5596.57000", "2017-06-30": "5594.59400", "2017-03-31": "5510.08600", "2016-12-31": "5516.28800", "2016-09-30": "5498.78900", "2016-06-30": "5672.91600", "2016-03-31": "5896.97000", "2015-12-31": "5879.66400", "2015-09-30": "5861.97400", "2015-06-30": "5832.53200", "2015-03-31": "5749.69400", "2014-12-31": "5746.22600", "2014-09-30": "5690.12700", "2014-06-30": "5628.09200", "2014-03-31": "5523.52500", "2013-12-31": "5470.62300", "2013-09-30": "5485.62100", "2013-06-30": "5351.27400", "2013-03-31": "5201.45500", "2012-12-31": "5230.62700", "2012-09-30": "5080.35300", "2012-06-30": "4937.21100", "2012-03-31": "4829.79100", "2011-12-31": "4442.71600", "2011-09-30": "4414.06600", "2011-06-30": "4370.26600", "2011-03-31": "4357.14400", "2010-12-31": "4382.38500", "2010-09-30": "4354.76200", "2010-06-30": "4305.24500", "2010-03-31": "4323.88800", "2009-12-31": "4356.11200", "2009-09-30": "4453.41100", "2009-06-30": "4452.70200", "2009-03-31": "4483.85800", "2008-12-31": "4510.54400", "2008-09-30": "4582.72700", "2008-06-30": "4678.65300", "2008-03-31": "4672.62700", "2007-12-31": "4659.32900", "2007-09-30": "4675.95000", "2007-06-30": "4608.75700", "2007-03-31": "4464.38300", "2006-12-31": "4379.45600", "2006-09-30": "4350.47200", "2006-06-30": "4477.55100", "2006-03-31": "4440.45400", "2005-12-31": "4322.35700", "2005-09-30": "4289.35600", "2005-06-30": "4248.07100", "2005-03-31": "4265.28800"}, "Long-Term Investments": {"2020-12-31": "", "2020-09-30": "", "2020-06-30": "", "2020-03-31": "", "2019-12-31": "", "2019-09-30": "", "2019-06-30": "", "2019-03-31": "", "2018-12-31": "", "2018-09-30": "", "2018-06-30": "", "2018-03-31": "", "2017-12-31": "", "2017-09-30": "", "2017-06-30": "", "2017-03-31": "", "2016-12-31": "", "2016-09-30": "", "2016-06-30": "", "2016-03-31": "", "2015-12-31": "", "2015-09-30": "", "2015-06-30": "", "2015-03-31": "", "2014-12-31": "", "2014-09-30": "", "2014-06-30": "", "2014-03-31": "", "2013-12-31": "", "2013-09-30": "", "2013-06-30": "", "2013-03-31": "", "2012-12-31": "", "2012-09-30": "", "2012-06-30": "", "2012-03-31": "", "2011-12-31": "", "2011-09-30": "", "2011-06-30": "", "2011-03-31": "", "2010-12-31": "", "2010-09-30": "", "2010-06-30": "", "2010-03-31": "", "2009-12-31": "", "2009-09-30": "", "2009-06-30": "", "2009-03-31": "", "2008-12-31": "", "2008-09-30": "", "2008-06-30": "", "2008-03-31": "", "2007-12-31": "", "2007-09-30": "", "2007-06-30": "", "2007-03-31": "", "2006-12-31": "", "2006-09-30": "", "2006-06-30": "", "2006-03-31": "", "2005-12-31": "", "2005-09-30": "", "2005-06-30": "", "2005-03-31": ""}, "Goodwill And Intangible Assets": {"2020-12-31": "", "2020-09-30": "", "2020-06-30": "", "2020-03-31": "", "2019-12-31": "", "2019-09-30": "", "2019-06-30": "", "2019-03-31": "", "2018-12-31": "", "2018-09-30": "", "2018-06-30": "", "2018-03-31": "", "2017-12-31": "", "2017-09-30": "", "2017-06-30": "", "2017-03-31": "", "2016-12-31": "", "2016-09-30": "", "2016-06-30": "", "2016-03-31": "", "2015-12-31": "", "2015-09-30": "", "2015-06-30": "", "2015-03-31": "", "2014-12-31": "", "2014-09-30": "", "2014-06-30": "", "2014-03-31": "", "2013-12-31": "", "2013-09-30": "", "2013-06-30": "", "2013-03-31": "", "2012-12-31": "", "2012-09-30": "", "2012-06-30": "", "2012-03-31": "", "2011-12-31": "", "2011-09-30": "", "2011-06-30": "", "2011-03-31": "", "2010-12-31": "", "2010-09-30": "", "2010-06-30": "", "2010-03-31": "", "2009-12-31": "", "2009-09-30": "", "2009-06-30": "", "2009-03-31": "", "2008-12-31": "", "2008-09-30": "", "2008-06-30": "", "2008-03-31": "", "2007-12-31": "", "2007-09-30": "", "2007-06-30": "", "2007-03-31": "", "2006-12-31": "", "2006-09-30": "", "2006-06-30": "", "2006-03-31": "", "2005-12-31": "", "2005-09-30": "", "2005-06-30": "", "2005-03-31": ""}, "Other Long-Term Assets": {"2020-12-31": "216.27600", "2020-09-30": "217.53400", "2020-06-30": "211.82300", "2020-03-31": "196.54400", "2019-12-31": "248.71600", "2019-09-30": "238.01400", "2019-06-30": "233.33500", "2019-03-31": "217.66300", "2018-12-31": "205.45400", "2018-09-30": "228.46800", "2018-06-30": "204.71700", "2018-03-31": "199.42000", "2017-12-31": "195.76400", "2017-09-30": "189.25300", "2017-06-30": "155.78400", "2017-03-31": "147.92200", "2016-12-31": "142.01000", "2016-09-30": "143.05900", "2016-06-30": "139.26300", "2016-03-31": "107.16100", "2015-12-31": "116.26000", "2015-09-30": "130.36000", "2015-06-30": "120.08200", "2015-03-31": "122.32600", "2014-12-31": "111.96200", "2014-09-30": "123.99900", "2014-06-30": "114.00200", "2014-03-31": "107.86200", "2013-12-31": "109.40100", "2013-09-30": "112.52000", "2013-06-30": "94.84700", "2013-03-31": "89.23300", "2012-12-31": "88.26000", "2012-09-30": "96.40100", "2012-06-30": "88.00200", "2012-03-31": "89.70600", "2011-12-31": "88.08900", "2011-09-30": "87.65700", "2011-06-30": "90.34600", "2011-03-31": "92.05100", "2010-12-31": "106.17500", "2010-09-30": "105.95000", "2010-06-30": "87.37100", "2010-03-31": "92.98300", "2009-12-31": "102.11400", "2009-09-30": "104.66900", "2009-06-30": "92.42100", "2009-03-31": "84.90500", "2008-12-31": "103.01300", "2008-09-30": "111.84700", "2008-06-30": "117.59900", "2008-03-31": "116.01000", "2007-12-31": "126.99600", "2007-09-30": "129.81000", "2007-06-30": "136.52400", "2007-03-31": "118.32900", "2006-12-31": "121.33600", "2006-09-30": "112.80100", "2006-06-30": "111.63600", "2006-03-31": "102.26900", "2005-12-31": "99.51600", "2005-09-30": "100.08000", "2005-06-30": "101.47500", "2005-03-31": "95.94100"}, "Total Long-Term Assets": {"2020-12-31": "6754.26100", "2020-09-30": "6711.03900", "2020-06-30": "6694.59100", "2020-03-31": "6668.58200", "2019-12-31": "6699.17200", "2019-09-30": "6462.55100", "2019-06-30": "6444.36200", "2019-03-31": "6252.31000", "2018-12-31": "6153.06300", "2018-09-30": "6157.30500", "2018-06-30": "6034.78100", "2018-03-31": "5988.54100", "2017-12-31": "5771.90500", "2017-09-30": "5785.82300", "2017-06-30": "5750.37800", "2017-03-31": "5658.00800", "2016-12-31": "5658.29800", "2016-09-30": "5641.84800", "2016-06-30": "5812.17900", "2016-03-31": "6004.13100", "2015-12-31": "5995.92400", "2015-09-30": "5992.33400", "2015-06-30": "5952.61400", "2015-03-31": "5872.02000", "2014-12-31": "5858.18800", "2014-09-30": "5814.12600", "2014-06-30": "5742.09400", "2014-03-31": "5631.38700", "2013-12-31": "5580.02400", "2013-09-30": "5598.14100", "2013-06-30": "5446.12100", "2013-03-31": "5290.68800", "2012-12-31": "5318.88700", "2012-09-30": "5176.75400", "2012-06-30": "5025.21300", "2012-03-31": "4919.49700", "2011-12-31": "4530.80500", "2011-09-30": "4501.72300", "2011-06-30": "4460.61200", "2011-03-31": "4449.19500", "2010-12-31": "4488.56000", "2010-09-30": "4460.71200", "2010-06-30": "4392.61600", "2010-03-31": "4416.87100", "2009-12-31": "4458.22600", "2009-09-30": "4558.08000", "2009-06-30": "4545.12300", "2009-03-31": "4568.76300", "2008-12-31": "4613.55700", "2008-09-30": "4694.57400", "2008-06-30": "4796.25200", "2008-03-31": "4788.63700", "2007-12-31": "4786.32500", "2007-09-30": "4805.76000", "2007-06-30": "4745.28100", "2007-03-31": "4582.71200", "2006-12-31": "4500.79200", "2006-09-30": "4463.27300", "2006-06-30": "4589.18700", "2006-03-31": "4542.72300", "2005-12-31": "4421.87300", "2005-09-30": "4389.43600", "2005-06-30": "4349.54600", "2005-03-31": "4361.22900"}, "Total Assets": {"2020-12-31": "7198.95200", "2020-09-30": "7324.72300", "2020-06-30": "7321.70000", "2020-03-31": "6715.57000", "2019-12-31": "6748.50400", "2019-09-30": "6648.64600", "2019-06-30": "6621.60200", "2019-03-31": "6285.39400", "2018-12-31": "6219.58600", "2018-09-30": "6198.50000", "2018-06-30": "6131.90600", "2018-03-31": "6128.37500", "2017-12-31": "6173.74800", "2017-09-30": "6168.89500", "2017-06-30": "5798.60000", "2017-03-31": "5935.34600", "2016-12-31": "6028.15200", "2016-09-30": "6088.27900", "2016-06-30": "6199.47400", "2016-03-31": "6040.45500", "2015-12-31": "6037.61200", "2015-09-30": "6033.88800", "2015-06-30": "6000.76800", "2015-03-31": "6077.05900", "2014-12-31": "6043.98100", "2014-09-30": "5911.97600", "2014-06-30": "5790.08800", "2014-03-31": "5679.84900", "2013-12-31": "5632.14100", "2013-09-30": "5691.21100", "2013-06-30": "5486.28200", "2013-03-31": "5382.85600", "2012-12-31": "5385.17200", "2012-09-30": "5217.96000", "2012-06-30": "5112.57400", "2012-03-31": "5004.01500", "2011-12-31": "4622.07500", "2011-09-30": "4594.57400", "2011-06-30": "4559.05900", "2011-03-31": "4583.29300", "2010-12-31": "4699.73700", "2010-09-30": "4606.73500", "2010-06-30": "4594.98000", "2010-03-31": "4527.87900", "2009-12-31": "4607.99900", "2009-09-30": "4734.09700", "2009-06-30": "4797.92000", "2009-03-31": "4675.04200", "2008-12-31": "4730.34200", "2008-09-30": "4832.88000", "2008-06-30": "4901.29600", "2008-03-31": "4892.11600", "2007-12-31": "4890.76000", "2007-09-30": "4908.77900", "2007-06-30": "4860.85800", "2007-03-31": "4679.88000", "2006-12-31": "4586.05000", "2006-09-30": "4545.39100", "2006-06-30": "4710.02700", "2006-03-31": "4618.40400", "2005-12-31": "4487.79900", "2005-09-30": "4468.02400", "2005-06-30": "4440.82800", "2005-03-31": "4450.00500"}, "Total Current Liabilities": {"2020-12-31": "241.76400", "2020-09-30": "270.81300", "2020-06-30": "229.95200", "2020-03-31": "189.20600", "2019-12-31": "226.12700", "2019-09-30": "245.34700", "2019-06-30": "187.89600", "2019-03-31": "157.85500", "2018-12-31": "201.22400", "2018-09-30": "210.22000", "2018-06-30": "180.23800", "2018-03-31": "152.76700", "2017-12-31": "179.69600", "2017-09-30": "197.58400", "2017-06-30": "165.31300", "2017-03-31": "144.76800", "2016-12-31": "186.85400", "2016-09-30": "209.27200", "2016-06-30": "187.66500", "2016-03-31": "166.49000", "2015-12-31": "178.57600", "2015-09-30": "189.17400", "2015-06-30": "172.43700", "2015-03-31": "157.70700", "2014-12-31": "196.38100", "2014-09-30": "201.62400", "2014-06-30": "162.53900", "2014-03-31": "146.90300", "2013-12-31": "148.95500", "2013-09-30": "174.58300", "2013-06-30": "137.14200", "2013-03-31": "122.99000", "2012-12-31": "130.34800", "2012-09-30": "162.63600", "2012-06-30": "118.64800", "2012-03-31": "123.36100", "2011-12-31": "115.63000", "2011-09-30": "135.33400", "2011-06-30": "105.88400", "2011-03-31": "98.55700", "2010-12-31": "103.89400", "2010-09-30": "122.93800", "2010-06-30": "92.07900", "2010-03-31": "86.86300", "2009-12-31": "97.66100", "2009-09-30": "120.85200", "2009-06-30": "95.16600", "2009-03-31": "92.36300", "2008-12-31": "106.17500", "2008-09-30": "127.33200", "2008-06-30": "108.10500", "2008-03-31": "108.54800", "2007-12-31": "132.34600", "2007-09-30": "152.79400", "2007-06-30": "158.67700", "2007-03-31": "126.52200", "2006-12-31": "148.14000", "2006-09-30": "161.73100", "2006-06-30": "148.58100", "2006-03-31": "134.03300", "2005-12-31": "135.04900", "2005-09-30": "251.25800", "2005-06-30": "221.72300", "2005-03-31": "203.30900"}, "Long Term Debt": {"2020-12-31": "3166.62500", "2020-09-30": "3225.79900", "2020-06-30": "3224.87100", "2020-03-31": "2606.87600", "2019-12-31": "2524.09900", "2019-09-30": "2477.38700", "2019-06-30": "2476.80300", "2019-03-31": "2124.81900", "2018-12-31": "2321.60300", "2018-09-30": "2259.60900", "2018-06-30": "2205.28800", "2018-03-31": "2204.94000", "2017-12-31": "2204.59800", "2017-09-30": "2204.25100", "2017-06-30": "2303.90000", "2017-03-31": "2450.29500", "2016-12-31": "2480.58800", "2016-09-30": "2480.62600", "2016-06-30": "2480.80000", "2016-03-31": "2765.81700", "2015-12-31": "2724.68700", "2015-09-30": "2715.20700", "2015-06-30": "2674.68700", "2015-03-31": "2743.11700", "2014-12-31": "2730.61300", "2014-09-30": "2743.94900", "2014-06-30": "2700.23900", "2014-03-31": "2589.92200", "2013-12-31": "2530.76600", "2013-09-30": "2665.03700", "2013-06-30": "2523.82300", "2013-03-31": "2483.60500", "2012-12-31": "2510.46800", "2012-09-30": "2393.72500", "2012-06-30": "2396.41200", "2012-03-31": "2431.10600", "2011-12-31": "2432.11200", "2011-09-30": "2433.10400", "2011-06-30": "2434.06700", "2011-03-31": "2474.52000", "2010-12-31": "2563.75400", "2010-09-30": "2542.21200", "2010-06-30": "2572.10300", "2010-03-31": "2570.66100", "2009-12-31": "2625.19900", "2009-09-30": "2622.15700", "2009-06-30": "2697.81800", "2009-03-31": "2832.12300", "2008-12-31": "2832.39600", "2008-09-30": "2823.52000", "2008-06-30": "2939.35500", "2008-03-31": "2910.95800", "2007-12-31": "2828.09500", "2007-09-30": "2764.19200", "2007-06-30": "2631.17600", "2007-03-31": "2466.59600", "2006-12-31": "2330.97600", "2006-09-30": "2280.45300", "2006-06-30": "2561.28500", "2006-03-31": "2741.65300", "2005-12-31": "2633.09100", "2005-09-30": "2564.81700", "2005-06-30": "2532.66400", "2005-03-31": "2576.18300"}, "Other Non-Current Liabilities": {"2020-12-31": "273.97600", "2020-09-30": "262.10400", "2020-06-30": "256.31000", "2020-03-31": "248.16400", "2019-12-31": "296.55400", "2019-09-30": "268.13100", "2019-06-30": "268.13500", "2019-03-31": "276.40000", "2018-12-31": "311.65500", "2018-09-30": "314.74800", "2018-06-30": "317.77600", "2018-03-31": "308.25900", "2017-12-31": "304.74000", "2017-09-30": "300.48300", "2017-06-30": "288.24800", "2017-03-31": "268.68400", "2016-12-31": "265.15700", "2016-09-30": "277.35300", "2016-06-30": "258.61900", "2016-03-31": "243.99300", "2015-12-31": "241.45300", "2015-09-30": "233.27100", "2015-06-30": "234.55900", "2015-03-31": "236.32600", "2014-12-31": "228.57800", "2014-09-30": "214.85800", "2014-06-30": "212.44100", "2014-03-31": "203.91900", "2013-12-31": "192.23900", "2013-09-30": "173.60100", "2013-06-30": "120.18700", "2013-03-31": "126.23800", "2012-12-31": "117.64800", "2012-09-30": "128.49100", "2012-06-30": "132.60600", "2012-03-31": "138.01700", "2011-12-31": "148.64000", "2011-09-30": "150.36200", "2011-06-30": "162.79500", "2011-03-31": "173.27000", "2010-12-31": "176.79100", "2010-09-30": "178.69400", "2010-06-30": "171.29500", "2010-03-31": "171.53900", "2009-12-31": "178.20100", "2009-09-30": "178.49200", "2009-06-30": "165.81300", "2009-03-31": "180.53300", "2008-12-31": "192.49000", "2008-09-30": "167.88300", "2008-06-30": "172.43600", "2008-03-31": "189.75900", "2007-12-31": "179.05400", "2007-09-30": "161.49700", "2007-06-30": "160.52900", "2007-03-31": "155.82100", "2006-12-31": "149.06700", "2006-09-30": "144.38800", "2006-06-30": "142.49100", "2006-03-31": "138.93900", "2005-12-31": "127.73300", "2005-09-30": "38.93300", "2005-06-30": "39.51300", "2005-03-31": "15.22300"}, "Total Long Term Liabilities": {"2020-12-31": "3440.60100", "2020-09-30": "3487.90300", "2020-06-30": "3481.18100", "2020-03-31": "2855.04000", "2019-12-31": "2820.65300", "2019-09-30": "2745.51800", "2019-06-30": "2744.93800", "2019-03-31": "2401.21900", "2018-12-31": "2633.25800", "2018-09-30": "2574.35700", "2018-06-30": "2523.06400", "2018-03-31": "2513.19900", "2017-12-31": "2509.33800", "2017-09-30": "2504.73400", "2017-06-30": "2592.14800", "2017-03-31": "2718.97900", "2016-12-31": "2745.74500", "2016-09-30": "2757.97900", "2016-06-30": "2739.41900", "2016-03-31": "3009.81000", "2015-12-31": "2966.14000", "2015-09-30": "2948.47800", "2015-06-30": "2909.24600", "2015-03-31": "2979.44300", "2014-12-31": "2959.19100", "2014-09-30": "2958.80700", "2014-06-30": "2912.68000", "2014-03-31": "2793.84100", "2013-12-31": "2723.00500", "2013-09-30": "2838.63800", "2013-06-30": "2644.01000", "2013-03-31": "2609.84300", "2012-12-31": "2628.11600", "2012-09-30": "2522.21600", "2012-06-30": "2529.01800", "2012-03-31": "2569.12300", "2011-12-31": "2678.67700", "2011-09-30": "2681.39100", "2011-06-30": "2694.78700", "2011-03-31": "2745.71500", "2010-12-31": "2838.47000", "2010-09-30": "2818.83100", "2010-06-30": "2841.32300", "2010-03-31": "2840.12500", "2009-12-31": "2901.32500", "2009-09-30": "2898.57400", "2009-06-30": "2961.55600", "2009-03-31": "3110.58100", "2008-12-31": "3122.81100", "2008-09-30": "3191.58200", "2008-06-30": "3314.53700", "2008-03-31": "3304.59500", "2007-12-31": "3227.10100", "2007-09-30": "3138.53000", "2007-06-30": "3005.89900", "2007-03-31": "2832.89400", "2006-12-31": "2703.55400", "2006-09-30": "2649.54400", "2006-06-30": "2918.47300", "2006-03-31": "3102.06300", "2005-12-31": "2981.84700", "2005-09-30": "2827.29000", "2005-06-30": "2798.09900", "2005-03-31": "2820.94500"}, "Total Liabilities": {"2020-12-31": "3682.36500", "2020-09-30": "3758.71600", "2020-06-30": "3711.13300", "2020-03-31": "3044.24600", "2019-12-31": "3046.78000", "2019-09-30": "2990.86500", "2019-06-30": "2932.83400", "2019-03-31": "2559.07400", "2018-12-31": "2834.48200", "2018-09-30": "2784.57700", "2018-06-30": "2703.30200", "2018-03-31": "2665.96600", "2017-12-31": "2689.03400", "2017-09-30": "2702.31800", "2017-06-30": "2757.46100", "2017-03-31": "2863.74700", "2016-12-31": "2932.59900", "2016-09-30": "2967.25100", "2016-06-30": "2927.08400", "2016-03-31": "3176.30000", "2015-12-31": "3144.71600", "2015-09-30": "3137.65200", "2015-06-30": "3081.68300", "2015-03-31": "3137.15000", "2014-12-31": "3155.57200", "2014-09-30": "3160.43100", "2014-06-30": "3075.21900", "2014-03-31": "2940.74400", "2013-12-31": "2871.96000", "2013-09-30": "3013.22100", "2013-06-30": "2781.15200", "2013-03-31": "2732.83300", "2012-12-31": "2758.46400", "2012-09-30": "2684.85200", "2012-06-30": "2647.66600", "2012-03-31": "2692.48400", "2011-12-31": "2794.30700", "2011-09-30": "2816.72500", "2011-06-30": "2800.67100", "2011-03-31": "2844.27200", "2010-12-31": "2942.36400", "2010-09-30": "2941.76900", "2010-06-30": "2933.40200", "2010-03-31": "2926.98800", "2009-12-31": "2998.98600", "2009-09-30": "3019.42600", "2009-06-30": "3056.72200", "2009-03-31": "3202.94400", "2008-12-31": "3228.98600", "2008-09-30": "3318.91400", "2008-06-30": "3422.64200", "2008-03-31": "3413.14300", "2007-12-31": "3359.44700", "2007-09-30": "3291.32400", "2007-06-30": "3164.57600", "2007-03-31": "2959.41600", "2006-12-31": "2851.69400", "2006-09-30": "2811.27500", "2006-06-30": "3067.05400", "2006-03-31": "3236.09600", "2005-12-31": "3116.89600", "2005-09-30": "3078.54800", "2005-06-30": "3019.82200", "2005-03-31": "3024.25400"}, "Common Stock Net": {"2020-12-31": "1.06900", "2020-09-30": "1.06800", "2020-06-30": "1.06800", "2020-03-31": "1.06900", "2019-12-31": "1.06900", "2019-09-30": "1.06500", "2019-06-30": "1.06500", "2019-03-31": "1.06400", "2018-12-31": "1.03100", "2018-09-30": "1.03000", "2018-06-30": "1.02700", "2018-03-31": "1.02600", "2017-12-31": "1.02800", "2017-09-30": "1.02800", "2017-06-30": "0.97800", "2017-03-31": "0.97800", "2016-12-31": "0.97800", "2016-09-30": "0.97800", "2016-06-30": "0.97800", "2016-03-31": "0.97500", "2015-12-31": "0.97600", "2015-09-30": "0.97600", "2015-06-30": "0.97600", "2015-03-31": "0.97600", "2014-12-31": "0.97600", "2014-09-30": "0.97400", "2014-06-30": "0.96700", "2014-03-31": "0.96600", "2013-12-31": "0.96700", "2013-09-30": "0.96700", "2013-06-30": "0.96700", "2013-03-31": "0.96200", "2012-12-31": "0.96200", "2012-09-30": "0.95900", "2012-06-30": "0.94500", "2012-03-31": "0.91900", "2011-12-31": "0.84500", "2011-09-30": "0.83900", "2011-06-30": "0.83400", "2011-03-31": "0.82700", "2010-12-31": "0.82400", "2010-09-30": "0.80400", "2010-06-30": "0.79800", "2010-03-31": "0.77800", "2009-12-31": "0.77000", "2009-09-30": "0.77000", "2009-06-30": "0.76900", "2009-03-31": "0.66600", "2008-12-31": "0.66000", "2008-09-30": "0.66000", "2008-06-30": "0.66000", "2008-03-31": "0.66000", "2007-12-31": "0.65400", "2007-09-30": "0.65400", "2007-06-30": "0.65400", "2007-03-31": "0.65400", "2006-12-31": "0.65000", "2006-09-30": "0.65000", "2006-06-30": "0.64900", "2006-03-31": "0.61000", "2005-12-31": "0.60800", "2005-09-30": "0.60700", "2005-06-30": "0.60600", "2005-03-31": "0.60500"}, "Retained Earnings (Accumulated Deficit)": {"2020-12-31": "-791.07900", "2020-09-30": "-737.55600", "2020-06-30": "-689.80900", "2020-03-31": "-623.57000", "2019-12-31": "-584.16700", "2019-09-30": "-599.61500", "2019-06-30": "-563.83400", "2019-03-31": "-526.85600", "2018-12-31": "-495.49600", "2018-09-30": "-466.51200", "2018-06-30": "-436.57500", "2018-03-31": "-396.59600", "2017-12-31": "-368.70300", "2017-09-30": "-383.58400", "2017-06-30": "-351.91000", "2017-03-31": "-317.64200", "2016-12-31": "-289.18000", "2016-09-30": "-261.32400", "2016-06-30": "-104.00400", "2016-03-31": "-491.27500", "2015-12-31": "-458.57700", "2015-09-30": "-452.25700", "2015-06-30": "-426.61400", "2015-03-31": "-403.51800", "2014-12-31": "-453.77700", "2014-09-30": "-568.14200", "2014-06-30": "-550.05000", "2014-03-31": "-523.32100", "2013-12-31": "-494.16700", "2013-09-30": "-571.93500", "2013-06-30": "-574.28600", "2013-03-31": "-590.83100", "2012-12-31": "-598.95100", "2012-09-30": "-692.23500", "2012-06-30": "-674.22100", "2012-03-31": "-648.07400", "2011-12-31": "-690.46600", "2011-09-30": "-700.89700", "2011-06-30": "-676.36700", "2011-03-31": "-623.74000", "2010-12-31": "-595.31700", "2010-09-30": "-580.04600", "2010-06-30": "-550.03900", "2010-03-31": "-520.79800", "2009-12-31": "-492.57100", "2009-09-30": "-383.26500", "2009-06-30": "-357.16800", "2009-03-31": "-345.48100", "2008-12-31": "-312.30900", "2008-09-30": "-238.30100", "2008-06-30": "-272.29400", "2008-03-31": "-250.84500", "2007-12-31": "-227.02500", "2007-09-30": "-269.66700", "2007-06-30": "-241.71100", "2007-03-31": "-243.78600", "2006-12-31": "-213.66500", "2006-09-30": "-206.44200", "2006-06-30": "-293.38600", "2006-03-31": "-289.48200", "2005-12-31": "-295.07400", "2005-09-30": "-273.60900", "2005-06-30": "-236.95400", "2005-03-31": "-224.53300"}, "Comprehensive Income": {"2020-12-31": "-5.38300", "2020-09-30": "-5.43100", "2020-06-30": "-5.79700", "2020-03-31": "-6.16300", "2019-12-31": "-6.52900", "2019-09-30": "-6.43800", "2019-06-30": "-6.79500", "2019-03-31": "0.61600", "2018-12-31": "6.92900", "2018-09-30": "14.03100", "2018-06-30": "8.79400", "2018-03-31": "3.57900", "2017-12-31": "-0.05700", "2017-09-30": "-0.00700", "2017-06-30": "-1.79500", "2017-03-31": "-1.82900", "2016-12-31": "-1.86300", "2016-09-30": "-1.81600", "2016-06-30": "-1.84800", "2016-03-31": "-1.88100", "2015-12-31": "-1.91300", "2015-09-30": "-2.30700", "2015-06-30": "-2.34500", "2015-03-31": "-2.38200", "2014-12-31": "-2.41900", "2014-09-30": "-1.47400", "2014-06-30": "-1.07700", "2014-03-31": "-1.09100", "2013-12-31": "-1.10600", "2013-09-30": "-1.02100", "2013-06-30": "-1.03500", "2013-03-31": "-1.04800", "2012-12-31": "-1.06200", "2012-09-30": "-0.66000", "2012-06-30": "-0.66700", "2012-03-31": "-0.67500", "2011-12-31": "-0.68300", "2011-09-30": "0.20100", "2011-06-30": "0.09300", "2011-03-31": "-31.50400", "2010-12-31": "-33.45800", "2010-09-30": "-41.30200", "2010-06-30": "-43.71800", "2010-03-31": "-42.09300", "2009-12-31": "-41.15500", "2009-09-30": "-44.92100", "2009-06-30": "-41.88600", "2009-03-31": "-48.71600", "2008-12-31": "-51.05600", "2008-09-30": "-17.42300", "2008-06-30": "-15.95500", "2008-03-31": "-34.21800", "2007-12-31": "-16.12300", "2007-09-30": "", "2007-06-30": "", "2007-03-31": "", "2006-12-31": "", "2006-09-30": "", "2006-06-30": "", "2006-03-31": "", "2005-12-31": "", "2005-09-30": "", "2005-06-30": "", "2005-03-31": ""}, "Other Share Holders Equity": {"2020-12-31": "", "2020-09-30": "", "2020-06-30": "", "2020-03-31": "", "2019-12-31": "", "2019-09-30": "", "2019-06-30": "", "2019-03-31": "", "2018-12-31": "", "2018-09-30": "", "2018-06-30": "", "2018-03-31": "", "2017-12-31": "", "2017-09-30": "", "2017-06-30": "", "2017-03-31": "", "2016-12-31": "", "2016-09-30": "", "2016-06-30": "", "2016-03-31": "", "2015-12-31": "", "2015-09-30": "", "2015-06-30": "", "2015-03-31": "", "2014-12-31": "", "2014-09-30": "", "2014-06-30": "", "2014-03-31": "", "2013-12-31": "", "2013-09-30": "", "2013-06-30": "", "2013-03-31": "", "2012-12-31": "", "2012-09-30": "", "2012-06-30": "", "2012-03-31": "", "2011-12-31": "", "2011-09-30": "", "2011-06-30": "", "2011-03-31": "", "2010-12-31": "", "2010-09-30": "", "2010-06-30": "-0.10200", "2010-03-31": "-0.10100", "2009-12-31": "-0.10100", "2009-09-30": "-0.10100", "2009-06-30": "-0.28700", "2009-03-31": "-0.29100", "2008-12-31": "-0.29500", "2008-09-30": "-0.29800", "2008-06-30": "-0.30200", "2008-03-31": "-0.30600", "2007-12-31": "-1.95000", "2007-09-30": "-1.96300", "2007-06-30": "-1.97600", "2007-03-31": "-2.02500", "2006-12-31": "-2.03600", "2006-09-30": "-2.04700", "2006-06-30": "-2.03500", "2006-03-31": "-2.04600", "2005-12-31": "-2.07800", "2005-09-30": "-2.08700", "2005-06-30": "-2.08400", "2005-03-31": "-3.09700"}, "Share Holder Equity": {"2020-12-31": "3516.58700", "2020-09-30": "3566.00700", "2020-06-30": "3610.56700", "2020-03-31": "3671.32400", "2019-12-31": "3701.72400", "2019-09-30": "3657.78100", "2019-06-30": "3688.76800", "2019-03-31": "3726.32000", "2018-12-31": "3385.10400", "2018-09-30": "3413.92300", "2018-06-30": "3428.60400", "2018-03-31": "3462.40900", "2017-12-31": "3484.71400", "2017-09-30": "3466.57700", "2017-06-30": "3041.13900", "2017-03-31": "3071.59900", "2016-12-31": "3095.55300", "2016-09-30": "3121.02800", "2016-06-30": "3272.39000", "2016-03-31": "2864.15500", "2015-12-31": "2892.89600", "2015-09-30": "2896.23600", "2015-06-30": "2919.08500", "2015-03-31": "2939.90900", "2014-12-31": "2888.40900", "2014-09-30": "2751.54500", "2014-06-30": "2714.86900", "2014-03-31": "2739.10500", "2013-12-31": "2760.18100", "2013-09-30": "2677.99000", "2013-06-30": "2705.13000", "2013-03-31": "2650.02300", "2012-12-31": "2626.70800", "2012-09-30": "2533.10800", "2012-06-30": "2464.90800", "2012-03-31": "2311.53100", "2011-12-31": "1827.76800", "2011-09-30": "1777.84900", "2011-06-30": "1758.38800", "2011-03-31": "1739.02100", "2010-12-31": "1757.37300", "2010-09-30": "1664.96600", "2010-06-30": "1661.57800", "2010-03-31": "1600.89100", "2009-12-31": "1609.01300", "2009-09-30": "1714.67100", "2009-06-30": "1741.19800", "2009-03-31": "1472.09800", "2008-12-31": "1501.35600", "2008-09-30": "1513.96600", "2008-06-30": "1478.65400", "2008-03-31": "1478.97300", "2007-12-31": "1531.31300", "2007-09-30": "1617.45500", "2007-06-30": "1696.28200", "2007-03-31": "1720.46400", "2006-12-31": "1734.35600", "2006-09-30": "1734.11600", "2006-06-30": "1642.97300", "2006-03-31": "1382.30800", "2005-12-31": "1370.90300", "2005-09-30": "1389.47600", "2005-06-30": "1421.00600", "2005-03-31": "1425.75100"}, "Total Liabilities And Share Holders Equity": {"2020-12-31": "7198.95200", "2020-09-30": "7324.72300", "2020-06-30": "7321.70000", "2020-03-31": "6715.57000", "2019-12-31": "6748.50400", "2019-09-30": "6648.64600", "2019-06-30": "6621.60200", "2019-03-31": "6285.39400", "2018-12-31": "6219.58600", "2018-09-30": "6198.50000", "2018-06-30": "6131.90600", "2018-03-31": "6128.37500", "2017-12-31": "6173.74800", "2017-09-30": "6168.89500", "2017-06-30": "5798.60000", "2017-03-31": "5935.34600", "2016-12-31": "6028.15200", "2016-09-30": "6088.27900", "2016-06-30": "6199.47400", "2016-03-31": "6040.45500", "2015-12-31": "6037.61200", "2015-09-30": "6033.88800", "2015-06-30": "6000.76800", "2015-03-31": "6077.05900", "2014-12-31": "6043.98100", "2014-09-30": "5911.97600", "2014-06-30": "5790.08800", "2014-03-31": "5679.84900", "2013-12-31": "5632.14100", "2013-09-30": "5691.21100", "2013-06-30": "5486.28200", "2013-03-31": "5382.85600", "2012-12-31": "5385.17200", "2012-09-30": "5217.96000", "2012-06-30": "5112.57400", "2012-03-31": "5004.01500", "2011-12-31": "4622.07500", "2011-09-30": "4594.57400", "2011-06-30": "4559.05900", "2011-03-31": "4583.29300", "2010-12-31": "4699.73700", "2010-09-30": "4606.73500", "2010-06-30": "4594.98000", "2010-03-31": "4527.87900", "2009-12-31": "4607.99900", "2009-09-30": "4734.09700", "2009-06-30": "4797.92000", "2009-03-31": "4675.04200", "2008-12-31": "4730.34200", "2008-09-30": "4832.88000", "2008-06-30": "4901.29600", "2008-03-31": "4892.11600", "2007-12-31": "4890.76000", "2007-09-30": "4908.77900", "2007-06-30": "4860.85800", "2007-03-31": "4679.88000", "2006-12-31": "4586.05000", "2006-09-30": "4545.39100", "2006-06-30": "4710.02700", "2006-03-31": "4618.40400", "2005-12-31": "4487.79900", "2005-09-30": "4468.02400", "2005-06-30": "4440.82800", "2005-03-31": "4450.00500"}}, "cash flow statement": {"Net Income/Loss": {"2020-12-31": "0.00000", "2019-12-31": "224.27000", "2018-12-31": "160.69400", "2017-12-31": "200.86000", "2016-12-31": "838.22600", "2015-12-31": "258.26200", "2014-12-31": "301.31400", "2013-12-31": "346.29100", "2012-12-31": "293.90000", "2011-12-31": "59.96100", "2010-12-31": "31.14200", "2009-12-31": "-44.20300", "2008-12-31": "82.02500", "2007-12-31": "173.70300", "2006-12-31": "232.84600", "2005-12-31": "199.08600"}, "Total Depreciation And Amortization - Cash Flow": {"2020-12-31": "", "2019-12-31": "336.27400", "2018-12-31": "300.94600", "2017-12-31": "263.97400", "2016-12-31": "250.14600", "2015-12-31": "240.94400", "2014-12-31": "222.05500", "2013-12-31": "221.54300", "2012-12-31": "213.48000", "2011-12-31": "187.66800", "2010-12-31": "178.56700", "2009-12-31": "176.34000", "2008-12-31": "172.12600", "2007-12-31": "160.82600", "2006-12-31": "163.67300", "2005-12-31": "174.99300"}, "Other Non-Cash Items": {"2020-12-31": "", "2019-12-31": "-43.04100", "2018-12-31": "32.55400", "2017-12-31": "-25.33200", "2016-12-31": "-645.59000", "2015-12-31": "-70.20700", "2014-12-31": "-127.13900", "2013-12-31": "-184.77600", "2012-12-31": "-173.25400", "2011-12-31": "6.67400", "2010-12-31": "9.81900", "2009-12-31": "85.29900", "2008-12-31": "-34.16700", "2007-12-31": "-98.31000", "2006-12-31": "-166.28600", "2005-12-31": "-182.65500"}, "Total Non-Cash Items": {"2020-12-31": "", "2019-12-31": "293.23300", "2018-12-31": "333.50000", "2017-12-31": "238.64200", "2016-12-31": "-395.44400", "2015-12-31": "170.73700", "2014-12-31": "94.91600", "2013-12-31": "36.76700", "2012-12-31": "40.22600", "2011-12-31": "194.34200", "2010-12-31": "188.38600", "2009-12-31": "261.63900", "2008-12-31": "137.95900", "2007-12-31": "62.51600", "2006-12-31": "-2.61300", "2005-12-31": "-7.66200"}, "Change In Accounts Receivable": {"2020-12-31": "", "2019-12-31": "", "2018-12-31": "", "2017-12-31": "", "2016-12-31": "", "2015-12-31": "", "2014-12-31": "", "2013-12-31": "", "2012-12-31": "", "2011-12-31": "", "2010-12-31": "", "2009-12-31": "", "2008-12-31": "", "2007-12-31": "", "2006-12-31": "", "2005-12-31": ""}, "Change In Inventories": {"2020-12-31": "", "2019-12-31": "", "2018-12-31": "", "2017-12-31": "", "2016-12-31": "", "2015-12-31": "", "2014-12-31": "", "2013-12-31": "", "2012-12-31": "", "2011-12-31": "", "2010-12-31": "", "2009-12-31": "", "2008-12-31": "", "2007-12-31": "", "2006-12-31": "", "2005-12-31": ""}, "Change In Accounts Payable": {"2020-12-31": "", "2019-12-31": "", "2018-12-31": "", "2017-12-31": "", "2016-12-31": "", "2015-12-31": "", "2014-12-31": "", "2013-12-31": "", "2012-12-31": "", "2011-12-31": "", "2010-12-31": "", "2009-12-31": "", "2008-12-31": "", "2007-12-31": "", "2006-12-31": "", "2005-12-31": ""}, "Change In Assets/Liabilities": {"2020-12-31": "", "2019-12-31": "19.39500", "2018-12-31": "11.77600", "2017-12-31": "-4.88800", "2016-12-31": "-2.93600", "2015-12-31": "3.33100", "2014-12-31": "-1.06900", "2013-12-31": "22.20600", "2012-12-31": "-17.81900", "2011-12-31": "-11.37300", "2010-12-31": "3.56800", "2009-12-31": "10.82700", "2008-12-31": "-2.94400", "2007-12-31": "4.68900", "2006-12-31": "-15.89300", "2005-12-31": "-6.25300"}, "Total Change In Assets/Liabilities": {"2020-12-31": "", "2019-12-31": "38.09400", "2018-12-31": "9.55300", "2017-12-31": "-4.84600", "2016-12-31": "0.28100", "2015-12-31": "-5.76100", "2014-12-31": "22.29800", "2013-12-31": "21.23300", "2012-12-31": "-9.85900", "2011-12-31": "-9.46900", "2010-12-31": "4.50800", "2009-12-31": "0.25200", "2008-12-31": "-3.02600", "2007-12-31": "-13.11300", "2006-12-31": "1.33600", "2005-12-31": "9.42100"}, "Cash Flow From Operating Activities": {"2020-12-31": "", "2019-12-31": "555.59700", "2018-12-31": "503.74700", "2017-12-31": "434.65600", "2016-12-31": "443.06300", "2015-12-31": "423.23800", "2014-12-31": "418.52800", "2013-12-31": "404.29100", "2012-12-31": "324.26700", "2011-12-31": "244.83400", "2010-12-31": "224.03600", "2009-12-31": "217.68800", "2008-12-31": "216.95800", "2007-12-31": "223.10600", "2006-12-31": "231.56900", "2005-12-31": "200.84500"}, "Net Change In Property, Plant, And Equipment": {"2020-12-31": "", "2019-12-31": "-776.29100", "2018-12-31": "-637.93900", "2017-12-31": "-280.45100", "2016-12-31": "170.22200", "2015-12-31": "-266.75500", "2014-12-31": "-321.75900", "2013-12-31": "-575.23800", "2012-12-31": "-756.12800", "2011-12-31": "-170.44300", "2010-12-31": "39.08000", "2009-12-31": "-44.70100", "2008-12-31": "-23.24700", "2007-12-31": "-329.06300", "2006-12-31": "-48.61700", "2005-12-31": "153.83800"}, "Net Change In Intangible Assets": {"2020-12-31": "", "2019-12-31": "", "2018-12-31": "", "2017-12-31": "", "2016-12-31": "", "2015-12-31": "", "2014-12-31": "", "2013-12-31": "", "2012-12-31": "", "2011-12-31": "", "2010-12-31": "", "2009-12-31": "", "2008-12-31": "", "2007-12-31": "", "2006-12-31": "", "2005-12-31": ""}, "Net Acquisitions/Divestitures": {"2020-12-31": "", "2019-12-31": "", "2018-12-31": "", "2017-12-31": "", "2016-12-31": "622.98200", "2015-12-31": "", "2014-12-31": "", "2013-12-31": "323.75500", "2012-12-31": "226.86900", "2011-12-31": "19.31000", "2010-12-31": "", "2009-12-31": "", "2008-12-31": "", "2007-12-31": "", "2006-12-31": "", "2005-12-31": ""}, "Net Change In Short-term Investments": {"2020-12-31": "", "2019-12-31": "", "2018-12-31": "", "2017-12-31": "100.00000", "2016-12-31": "-100.00000", "2015-12-31": "", "2014-12-31": "", "2013-12-31": "", "2012-12-31": "", "2011-12-31": "", "2010-12-31": "", "2009-12-31": "", "2008-12-31": "", "2007-12-31": "", "2006-12-31": "", "2005-12-31": ""}, "Net Change In Long-Term Investments": {"2020-12-31": "", "2019-12-31": "-17.19700", "2018-12-31": "-14.50300", "2017-12-31": "-5.12800", "2016-12-31": "", "2015-12-31": "", "2014-12-31": "6.35000", "2013-12-31": "-6.20200", "2012-12-31": "5.62400", "2011-12-31": "-37.94400", "2010-12-31": "-6.43900", "2009-12-31": "-22.99800", "2008-12-31": "-10.44400", "2007-12-31": "0.51000", "2006-12-31": "46.37700", "2005-12-31": "100.10100"}, "Net Change In Investments - Total": {"2020-12-31": "", "2019-12-31": "-17.19700", "2018-12-31": "-14.50300", "2017-12-31": "94.87200", "2016-12-31": "-100.00000", "2015-12-31": "", "2014-12-31": "6.35000", "2013-12-31": "-6.20200", "2012-12-31": "5.62400", "2011-12-31": "-37.94400", "2010-12-31": "-6.43900", "2009-12-31": "-22.99800", "2008-12-31": "-10.44400", "2007-12-31": "0.51000", "2006-12-31": "46.37700", "2005-12-31": "100.10100"}, "Investing Activities - Other": {"2020-12-31": "", "2019-12-31": "1.04300", "2018-12-31": "11.52100", "2017-12-31": "-4.17500", "2016-12-31": "-2.79200", "2015-12-31": "-26.48000", "2014-12-31": "-11.17800", "2013-12-31": "-1.30000", "2012-12-31": "-4.05000", "2011-12-31": "1.71300", "2010-12-31": "2.50900", "2009-12-31": "-1.81700", "2008-12-31": "-3.68300", "2007-12-31": "-18.24500", "2006-12-31": "-49.82700", "2005-12-31": "-461.50000"}, "Cash Flow From Investing Activities": {"2020-12-31": "", "2019-12-31": "-792.44500", "2018-12-31": "-640.92100", "2017-12-31": "-189.75400", "2016-12-31": "690.41200", "2015-12-31": "-293.23500", "2014-12-31": "-326.58700", "2013-12-31": "-258.98500", "2012-12-31": "-527.68500", "2011-12-31": "-187.36400", "2010-12-31": "35.15000", "2009-12-31": "-69.51600", "2008-12-31": "-37.37400", "2007-12-31": "-346.79800", "2006-12-31": "-52.06700", "2005-12-31": "-207.56100"}, "Net Long-Term Debt": {"2020-12-31": "", "2019-12-31": "187.24900", "2018-12-31": "114.10700", "2017-12-31": "-278.99900", "2016-12-31": "-247.07700", "2015-12-31": "-9.04300", "2014-12-31": "211.73780", "2013-12-31": "19.24710", "2012-12-31": "-221.26700", "2011-12-31": "-131.91800", "2010-12-31": "-248.94400", "2009-12-31": "-207.86500", "2008-12-31": "36.71400", "2007-12-31": "503.61400", "2006-12-31": "-272.28400", "2005-12-31": "175.17000"}, "Net Current Debt": {"2020-12-31": "", "2019-12-31": "", "2018-12-31": "", "2017-12-31": "", "2016-12-31": "", "2015-12-31": "", "2014-12-31": "", "2013-12-31": "", "2012-12-31": "", "2011-12-31": "", "2010-12-31": "", "2009-12-31": "", "2008-12-31": "", "2007-12-31": "", "2006-12-31": "", "2005-12-31": ""}, "Debt Issuance/Retirement Net - Total": {"2020-12-31": "", "2019-12-31": "187.24900", "2018-12-31": "114.10700", "2017-12-31": "-278.99900", "2016-12-31": "-247.07700", "2015-12-31": "-9.04300", "2014-12-31": "211.73780", "2013-12-31": "19.24710", "2012-12-31": "-221.26700", "2011-12-31": "-131.91800", "2010-12-31": "-248.94400", "2009-12-31": "-207.86500", "2008-12-31": "36.71400", "2007-12-31": "503.61400", "2006-12-31": "-272.28400", "2005-12-31": "175.17000"}, "Net Common Equity Issued/Repurchased": {"2020-12-31": "", "2019-12-31": "353.21300", "2018-12-31": "-14.66800", "2017-12-31": "445.03800", "2016-12-31": "", "2015-12-31": "", "2014-12-31": "66.22500", "2013-12-31": "40.04400", "2012-12-31": "706.39300", "2011-12-31": "117.96800", "2010-12-31": "233.08600", "2009-12-31": "272.73200", "2008-12-31": "-33.13300", "2007-12-31": "-196.67200", "2006-12-31": "258.91600", "2005-12-31": "3.55000"}, "Net Total Equity Issued/Repurchased": {"2020-12-31": "", "2019-12-31": "353.21300", "2018-12-31": "-14.66800", "2017-12-31": "445.03800", "2016-12-31": "", "2015-12-31": "", "2014-12-31": "66.22500", "2013-12-31": "40.04400", "2012-12-31": "606.39300", "2011-12-31": "117.96800", "2010-12-31": "233.08600", "2009-12-31": "272.73200", "2008-12-31": "-33.13300", "2007-12-31": "-196.67200", "2006-12-31": "258.91600", "2005-12-31": "-13.95000"}, "Total Common And Preferred Stock Dividends Paid": {"2020-12-31": "", "2019-12-31": "-317.25300", "2018-12-31": "-298.00500", "2017-12-31": "-280.76100", "2016-12-31": "-663.36300", "2015-12-31": "-253.12900", "2014-12-31": "-236.51400", "2013-12-31": "-220.08300", "2012-12-31": "-189.01800", "2011-12-31": "-152.24200", "2010-12-31": "-135.62600", "2009-12-31": "-152.68700", "2008-12-31": "-172.33200", "2007-12-31": "-178.14200", "2006-12-31": "-166.23400", "2005-12-31": "-148.31800"}, "Financial Activities - Other": {"2020-12-31": "", "2019-12-31": "-2.46500", "2018-12-31": "1.53800", "2017-12-31": "1.79900", "2016-12-31": "6.20300", "2015-12-31": "-11.05900", "2014-12-31": "2.03300", "2013-12-31": "6.61100", "2012-12-31": "-21.18000", "2011-12-31": "-6.69400", "2010-12-31": "-1.28300", "2009-12-31": "-3.60300", "2008-12-31": "-4.32300", "2007-12-31": "-5.24500", "2006-12-31": "-0.44200", "2005-12-31": "-6.86300"}, "Cash Flow From Financial Activities": {"2020-12-31": "", "2019-12-31": "220.74400", "2018-12-31": "-197.02800", "2017-12-31": "-112.92300", "2016-12-31": "-904.23700", "2015-12-31": "-273.23100", "2014-12-31": "43.48200", "2013-12-31": "-154.18100", "2012-12-31": "174.92800", "2011-12-31": "-172.88600", "2010-12-31": "-152.76700", "2009-12-31": "-91.42300", "2008-12-31": "-173.07400", "2007-12-31": "123.55500", "2006-12-31": "-180.04400", "2005-12-31": "6.03900"}, "Net Cash Flow": {"2020-12-31": "", "2019-12-31": "-16.10400", "2018-12-31": "-334.20200", "2017-12-31": "131.97900", "2016-12-31": "229.23800", "2015-12-31": "-143.22800", "2014-12-31": "135.42300", "2013-12-31": "-8.87500", "2012-12-31": "-28.49000", "2011-12-31": "-115.41600", "2010-12-31": "106.41900", "2009-12-31": "56.74900", "2008-12-31": "6.51000", "2007-12-31": "-0.13700", "2006-12-31": "-0.54200", "2005-12-31": "-0.67700"}, "Stock-Based Compensation": {"2020-12-31": "", "2019-12-31": "15.23500", "2018-12-31": "16.74900", "2017-12-31": "17.54700", "2016-12-31": "20.12300", "2015-12-31": "17.67400", "2014-12-31": "15.55200", "2013-12-31": "14.06300", "2012-12-31": "13.08600", "2011-12-31": "12.03900", "2010-12-31": "11.30600", "2009-12-31": "9.05300", "2008-12-31": "7.66300", "2007-12-31": "7.54700", "2006-12-31": "11.61900", "2005-12-31": "9.54900"}, "Common Stock Dividends Paid": {"2020-12-31": "", "2019-12-31": "-317.25300", "2018-12-31": "-298.00500", "2017-12-31": "-280.76100", "2016-12-31": "-663.36300", "2015-12-31": "-253.12900", "2014-12-31": "-236.51400", "2013-12-31": "-220.08300", "2012-12-31": "-189.01800", "2011-12-31": "-152.24200", "2010-12-31": "-135.62600", "2009-12-31": "-152.68700", "2008-12-31": "-172.33200", "2007-12-31": "-178.14200", "2006-12-31": "-166.23400", "2005-12-31": "-148.31800"}}, "cash flow statement, quarterly": {"Net Income/Loss": {"2020-12-31": -98.198, "2020-09-30": 36.22, "2020-06-30": 17.511, "2020-03-31": "44.46700", "2019-12-31": 96.225, "2019-09-30": 44.782, "2019-06-30": 43.542, "2019-03-31": "39.72100", "2018-12-31": 40.307, "2018-09-30": 39.99, "2018-06-30": 39.872, "2018-03-31": "40.52500", "2017-12-31": 89.082, "2017-09-30": 35.475, "2017-06-30": 40.314, "2017-03-31": "35.98900", "2016-12-31": 42.08, "2016-09-30": 303.421, "2016-06-30": 449.785, "2016-03-31": "42.94000", "2015-12-31": 61.802, "2015-09-30": 38.194, "2015-06-30": 37.201, "2015-03-31": "121.06500", "2014-12-31": 184.624, "2014-09-30": 39.333, "2014-06-30": 36.284, "2014-03-31": "41.07300", "2013-12-31": 135.119, "2013-09-30": 71.802, "2013-06-30": 74.937, "2013-03-31": "64.43300", "2012-12-31": 146.146, "2012-09-30": 31.803, "2012-06-30": 22.847, "2012-03-31": "93.10400", "2011-12-31": 50.064, "2011-09-30": 14.351, "2011-06-30": -14.055, "2011-03-31": "9.60100", "2010-12-31": 19.281, "2010-09-30": 3.832, "2010-06-30": 4.248, "2010-03-31": "3.78100", "2009-12-31": -79.387, "2009-09-30": 6.192, "2009-06-30": 20.487, "2009-03-31": "8.50500", "2008-12-31": -32.507, "2008-09-30": 76.428, "2008-06-30": 21.92, "2008-03-31": "16.18400", "2007-12-31": 106.222, "2007-09-30": 11.852, "2007-06-30": 42.592, "2007-03-31": "13.03700", "2006-12-31": 31.364, "2006-09-30": 125.457, "2006-06-30": 34.582, "2006-03-31": "41.44300", "2005-12-31": 12.887, "2005-09-30": -2.317, "2005-06-30": 21.852, "2005-03-31": "166.66400"}, "Total Depreciation And Amortization - Cash Flow": {"2020-12-31": -275.237, "2020-09-30": 90.575, "2020-06-30": 92.803, "2020-03-31": "91.85900", "2019-12-31": 85.54, "2019-09-30": 85.814, "2019-06-30": 84.646, "2019-03-31": "80.27400", "2018-12-31": 78.677, "2018-09-30": 76.476, "2018-06-30": 75.569, "2018-03-31": "70.22400", "2017-12-31": 68.193, "2017-09-30": 67.014, "2017-06-30": 65.033, "2017-03-31": "63.73400", "2016-12-31": 62.767, "2016-09-30": 62.832, "2016-06-30": 62.456, "2016-03-31": "62.09100", "2015-12-31": 61.684, "2015-09-30": 61.336, "2015-06-30": 59.94, "2015-03-31": "57.98400", "2014-12-31": 45.034, "2014-09-30": 60.015, "2014-06-30": 58.769, "2014-03-31": "58.23700", "2013-12-31": 55.281, "2013-09-30": 56.663, "2013-06-30": 55.213, "2013-03-31": "54.38600", "2012-12-31": 54.336, "2012-09-30": 53.718, "2012-06-30": 54.21, "2012-03-31": "51.21600", "2011-12-31": 46.174, "2011-09-30": 45.907, "2011-06-30": 47.467, "2011-03-31": "48.12000", "2010-12-31": 46.524, "2010-09-30": 44.617, "2010-06-30": 43.193, "2010-03-31": "44.23300", "2009-12-31": 45.187, "2009-09-30": 43.278, "2009-06-30": 43.998, "2009-03-31": "43.87700", "2008-12-31": 43.527, "2008-09-30": 43.342, "2008-06-30": 43.288, "2008-03-31": "41.96900", "2007-12-31": 35.227, "2007-09-30": 43.36, "2007-06-30": 41.002, "2007-03-31": "41.23700", "2006-12-31": 35.515, "2006-09-30": 43.571, "2006-06-30": 44.205, "2006-03-31": "40.38200", "2005-12-31": 39.099, "2005-09-30": 47.697, "2005-06-30": 47.836, "2005-03-31": "40.36100"}, "Other Non-Cash Items": {"2020-12-31": -10.196, "2020-09-30": 3.248, "2020-06-30": 4.009, "2020-03-31": "2.93900", "2019-12-31": -34.794, "2019-09-30": 3.667, "2019-06-30": -15.946, "2019-03-31": "4.03200", "2018-12-31": 20.288, "2018-09-30": 4.102, "2018-06-30": 3.995, "2018-03-31": "4.16900", "2017-12-31": -38.837, "2017-09-30": 4.331, "2017-06-30": 4.499, "2017-03-31": "4.67500", "2016-12-31": 4.5901, "2016-09-30": -257.5401, "2016-06-30": -401.039, "2016-03-31": "8.39900", "2015-12-31": -9.76, "2015-09-30": 7.677, "2015-06-30": 9.329, "2015-03-31": "-77.45300", "2014-12-31": -136.988, "2014-09-30": 2.496, "2014-06-30": 4.498, "2014-03-31": "2.85500", "2013-12-31": -90.978, "2013-09-30": -30.586, "2013-06-30": -34.37, "2013-03-31": "-28.84200", "2012-12-31": -108.85, "2012-09-30": 0.741, "2012-06-30": 3.924, "2012-03-31": "-69.06900", "2011-12-31": -26.025, "2011-09-30": 5.299, "2011-06-30": 29.113, "2011-03-31": "-1.71300", "2010-12-31": -3.102, "2010-09-30": 4.335, "2010-06-30": 4.015, "2010-03-31": "4.57100", "2009-12-31": 88.581, "2009-09-30": 3.86, "2009-06-30": -10.261, "2009-03-31": "3.11900", "2008-12-31": 46.035, "2008-09-30": -67.779, "2008-06-30": -9.375, "2008-03-31": "-3.04800", "2007-12-31": -79.978, "2007-09-30": 0.706, "2007-06-30": -21.494, "2007-03-31": "2.45600", "2006-12-31": 0.889, "2006-09-30": -115.521, "2006-06-30": -23.695, "2006-03-31": "-27.95900", "2005-12-31": 5.412, "2005-09-30": 2.346, "2005-06-30": -21.257, "2005-03-31": "-169.15600"}, "Total Non-Cash Items": {"2020-12-31": -285.433, "2020-09-30": 93.823, "2020-06-30": 96.812, "2020-03-31": "94.79800", "2019-12-31": 50.746, "2019-09-30": 89.481, "2019-06-30": 68.7, "2019-03-31": "84.30600", "2018-12-31": 98.965, "2018-09-30": 80.578, "2018-06-30": 79.564, "2018-03-31": "74.39300", "2017-12-31": 29.356, "2017-09-30": 71.345, "2017-06-30": 69.532, "2017-03-31": "68.40900", "2016-12-31": 67.357, "2016-09-30": -194.708, "2016-06-30": -338.583, "2016-03-31": "70.49000", "2015-12-31": 51.924, "2015-09-30": 69.013, "2015-06-30": 69.269, "2015-03-31": "-19.46900", "2014-12-31": -91.954, "2014-09-30": 62.511, "2014-06-30": 63.267, "2014-03-31": "61.09200", "2013-12-31": -35.697, "2013-09-30": 26.077, "2013-06-30": 20.843, "2013-03-31": "25.54400", "2012-12-31": -54.514, "2012-09-30": 54.459, "2012-06-30": 58.134, "2012-03-31": "-17.85300", "2011-12-31": 20.149, "2011-09-30": 51.206, "2011-06-30": 76.58, "2011-03-31": "46.40700", "2010-12-31": 43.422, "2010-09-30": 48.952, "2010-06-30": 47.208, "2010-03-31": "48.80400", "2009-12-31": 133.768, "2009-09-30": 47.138, "2009-06-30": 33.737, "2009-03-31": "46.99600", "2008-12-31": 89.562, "2008-09-30": -24.437, "2008-06-30": 33.913, "2008-03-31": "38.92100", "2007-12-31": -44.751, "2007-09-30": 44.066, "2007-06-30": 19.508, "2007-03-31": "43.69300", "2006-12-31": 36.404, "2006-09-30": -71.95, "2006-06-30": 20.51, "2006-03-31": "12.42300", "2005-12-31": 44.511, "2005-09-30": 50.043, "2005-06-30": 26.579, "2005-03-31": "-128.79500"}, "Change In Accounts Receivable": {"2020-12-31": 0, "2020-09-30": 0, "2020-06-30": 0, "2020-03-31": "", "2019-12-31": 0, "2019-09-30": 0, "2019-06-30": 0, "2019-03-31": "", "2018-12-31": 0, "2018-09-30": 0, "2018-06-30": 0, "2018-03-31": "", "2017-12-31": 0, "2017-09-30": 0, "2017-06-30": 0, "2017-03-31": "", "2016-12-31": 0, "2016-09-30": 0, "2016-06-30": 0, "2016-03-31": "", "2015-12-31": 0, "2015-09-30": 0, "2015-06-30": 0, "2015-03-31": "", "2014-12-31": 0, "2014-09-30": 0, "2014-06-30": 0, "2014-03-31": "", "2013-12-31": 0, "2013-09-30": 0, "2013-06-30": 0, "2013-03-31": "", "2012-12-31": 0, "2012-09-30": 0, "2012-06-30": 0, "2012-03-31": "", "2011-12-31": 0, "2011-09-30": 0, "2011-06-30": 0, "2011-03-31": "", "2010-12-31": 0, "2010-09-30": 0, "2010-06-30": 0, "2010-03-31": "", "2009-12-31": 0, "2009-09-30": 0, "2009-06-30": 0, "2009-03-31": "", "2008-12-31": 0, "2008-09-30": 0, "2008-06-30": 0, "2008-03-31": "", "2007-12-31": 0, "2007-09-30": 0, "2007-06-30": 0, "2007-03-31": "", "2006-12-31": 0, "2006-09-30": 0, "2006-06-30": 0, "2006-03-31": "", "2005-12-31": 0, "2005-09-30": 0, "2005-06-30": 0, "2005-03-31": ""}, "Change In Inventories": {"2020-12-31": 0, "2020-09-30": 0, "2020-06-30": 0, "2020-03-31": "", "2019-12-31": 0, "2019-09-30": 0, "2019-06-30": 0, "2019-03-31": "", "2018-12-31": 0, "2018-09-30": 0, "2018-06-30": 0, "2018-03-31": "", "2017-12-31": 0, "2017-09-30": 0, "2017-06-30": 0, "2017-03-31": "", "2016-12-31": 0, "2016-09-30": 0, "2016-06-30": 0, "2016-03-31": "", "2015-12-31": 0, "2015-09-30": 0, "2015-06-30": 0, "2015-03-31": "", "2014-12-31": 0, "2014-09-30": 0, "2014-06-30": 0, "2014-03-31": "", "2013-12-31": 0, "2013-09-30": 0, "2013-06-30": 0, "2013-03-31": "", "2012-12-31": 0, "2012-09-30": 0, "2012-06-30": 0, "2012-03-31": "", "2011-12-31": 0, "2011-09-30": 0, "2011-06-30": 0, "2011-03-31": "", "2010-12-31": 0, "2010-09-30": 0, "2010-06-30": 0, "2010-03-31": "", "2009-12-31": 0, "2009-09-30": 0, "2009-06-30": 0, "2009-03-31": "", "2008-12-31": 0, "2008-09-30": 0, "2008-06-30": 0, "2008-03-31": "", "2007-12-31": 0, "2007-09-30": 0, "2007-06-30": 0, "2007-03-31": "", "2006-12-31": 0, "2006-09-30": 0, "2006-06-30": 0, "2006-03-31": "", "2005-12-31": 0, "2005-09-30": 0, "2005-06-30": 0, "2005-03-31": ""}, "Change In Accounts Payable": {"2020-12-31": 0, "2020-09-30": 0, "2020-06-30": 0, "2020-03-31": "", "2019-12-31": 0, "2019-09-30": 0, "2019-06-30": 0, "2019-03-31": "", "2018-12-31": 0, "2018-09-30": 0, "2018-06-30": 0, "2018-03-31": "", "2017-12-31": 0, "2017-09-30": 0, "2017-06-30": 0, "2017-03-31": "", "2016-12-31": 0, "2016-09-30": 0, "2016-06-30": 0, "2016-03-31": "", "2015-12-31": 0, "2015-09-30": 0, "2015-06-30": 0, "2015-03-31": "", "2014-12-31": 0, "2014-09-30": 0, "2014-06-30": 0, "2014-03-31": "", "2013-12-31": 0, "2013-09-30": 0, "2013-06-30": 0, "2013-03-31": "", "2012-12-31": 0, "2012-09-30": 0, "2012-06-30": 0, "2012-03-31": "", "2011-12-31": 0, "2011-09-30": 0, "2011-06-30": 0, "2011-03-31": "", "2010-12-31": 0, "2010-09-30": 0, "2010-06-30": 0, "2010-03-31": "", "2009-12-31": 0, "2009-09-30": 0, "2009-06-30": 0, "2009-03-31": "", "2008-12-31": 0, "2008-09-30": 0, "2008-06-30": 0, "2008-03-31": "", "2007-12-31": 0, "2007-09-30": 0, "2007-06-30": 0, "2007-03-31": "", "2006-12-31": 0, "2006-09-30": 0, "2006-06-30": 0, "2006-03-31": "", "2005-12-31": 0, "2005-09-30": 0, "2005-06-30": 0, "2005-03-31": ""}, "Change In Assets/Liabilities": {"2020-12-31": 14.622, "2020-09-30": -4.231, "2020-06-30": -8.863, "2020-03-31": "-1.52800", "2019-12-31": 27.419, "2019-09-30": -3.557, "2019-06-30": -3.349, "2019-03-31": "-1.11800", "2018-12-31": 7.363, "2018-09-30": -2.003, "2018-06-30": 1.88, "2018-03-31": "4.53600", "2017-12-31": 1.935, "2017-09-30": -11.961, "2017-06-30": 4.406, "2017-03-31": "0.73200", "2016-12-31": -4.505, "2016-09-30": -0.033, "2016-06-30": 0.568, "2016-03-31": "1.03400", "2015-12-31": 9.06, "2015-09-30": -6.22, "2015-06-30": -4.497, "2015-03-31": "4.98800", "2014-12-31": 12.38, "2014-09-30": -4.925, "2014-06-30": -8.127, "2014-03-31": "-0.39700", "2013-12-31": 24.445, "2013-09-30": -2.08, "2013-06-30": -0.785, "2013-03-31": "0.62600", "2012-12-31": 6.669, "2012-09-30": -10.524, "2012-06-30": -9.187, "2012-03-31": "-4.77700", "2011-12-31": -1.689, "2011-09-30": -10.349, "2011-06-30": -2.656, "2011-03-31": "3.32100", "2010-12-31": 6.986, "2010-09-30": -3.447, "2010-06-30": 0.948, "2010-03-31": "-0.91900", "2009-12-31": 5.29, "2009-09-30": 0.279, "2009-06-30": -1.07, "2009-03-31": "6.32800", "2008-12-31": -2.415, "2008-09-30": 0.072, "2008-06-30": -1.629, "2008-03-31": "1.02800", "2007-12-31": -0.901, "2007-09-30": 9.956, "2007-06-30": -9.744, "2007-03-31": "5.37800", "2006-12-31": -18.166, "2006-09-30": -1.722, "2006-06-30": -1.205, "2006-03-31": "5.20000", "2005-12-31": -17.374, "2005-09-30": 13.945, "2005-06-30": -18.693, "2005-03-31": "15.86900"}, "Total Change In Assets/Liabilities": {"2020-12-31": -29.653, "2020-09-30": 33.067, "2020-06-30": 25.267, "2020-03-31": "-28.68100", "2019-12-31": 0.191, "2019-09-30": 55.501, "2019-06-30": 13.778, "2019-03-31": "-31.37600", "2018-12-31": -11.475, "2018-09-30": 24.099, "2018-06-30": 24.693, "2018-03-31": "-27.76400", "2017-12-31": -17.653, "2017-09-30": 23.604, "2017-06-30": 20.616, "2017-03-31": "-31.41300", "2016-12-31": -23.885, "2016-09-30": 26.732, "2016-06-30": 14.354, "2016-03-31": "-16.92000", "2015-12-31": -8.141, "2015-09-30": 15.824, "2015-06-30": 11.616, "2015-03-31": "-25.06000", "2014-12-31": -1.148, "2014-09-30": 31.164, "2014-06-30": 0.428, "2014-03-31": "-8.14600", "2013-12-31": -4.735, "2013-09-30": 30.696, "2013-06-30": 0.379, "2013-03-31": "-5.10700", "2012-12-31": -17.36, "2012-09-30": 22.867, "2012-06-30": -15.894, "2012-03-31": "0.52800", "2011-12-31": -26.176, "2011-09-30": 20.486, "2011-06-30": -2.178, "2011-03-31": "-1.60100", "2010-12-31": -17.128, "2010-09-30": 25.702, "2010-06-30": 6.767, "2010-03-31": "-10.83300", "2009-12-31": -22.088, "2009-09-30": 26.362, "2009-06-30": 0.308, "2009-03-31": "-4.33000", "2008-12-31": -19.41, "2008-09-30": 28.101, "2008-06-30": 6.442, "2008-03-31": "-18.15900", "2007-12-31": -23.378, "2007-09-30": 18.685, "2007-06-30": 9.643, "2007-03-31": "-18.06300", "2006-12-31": -23.048, "2006-09-30": 17.334, "2006-06-30": 3.429, "2006-03-31": "3.62100", "2005-12-31": -20.075, "2005-09-30": 14.219, "2005-06-30": -1.278, "2005-03-31": "16.55500"}, "Cash Flow From Operating Activities": {"2020-12-31": -413.284, "2020-09-30": 163.11, "2020-06-30": 139.59, "2020-03-31": "110.58400", "2019-12-31": 147.162, "2019-09-30": 189.764, "2019-06-30": 126.02, "2019-03-31": "92.65100", "2018-12-31": 127.797, "2018-09-30": 144.667, "2018-06-30": 144.129, "2018-03-31": "87.15400", "2017-12-31": 100.785, "2017-09-30": 130.424, "2017-06-30": 130.462, "2017-03-31": "72.98500", "2016-12-31": 85.552, "2016-09-30": 135.445, "2016-06-30": 125.556, "2016-03-31": "96.51000", "2015-12-31": 105.585, "2015-09-30": 123.031, "2015-06-30": 118.086, "2015-03-31": "76.53600", "2014-12-31": 91.522, "2014-09-30": 133.008, "2014-06-30": 99.979, "2014-03-31": "94.01900", "2013-12-31": 94.687, "2013-09-30": 128.575, "2013-06-30": 96.159, "2013-03-31": "84.87000", "2012-12-31": 74.272, "2012-09-30": 109.129, "2012-06-30": 65.087, "2012-03-31": "75.77900", "2011-12-31": 44.037, "2011-09-30": 86.043, "2011-06-30": 60.347, "2011-03-31": "54.40700", "2010-12-31": 45.575, "2010-09-30": 78.486, "2010-06-30": 58.223, "2010-03-31": "41.75200", "2009-12-31": 32.293, "2009-09-30": 79.692, "2009-06-30": 54.532, "2009-03-31": "51.17100", "2008-12-31": 37.645, "2008-09-30": 80.092, "2008-06-30": 62.275, "2008-03-31": "36.94600", "2007-12-31": 38.093, "2007-09-30": 74.603, "2007-06-30": 71.743, "2007-03-31": "38.66700", "2006-12-31": 44.72, "2006-09-30": 70.841, "2006-06-30": 58.521, "2006-03-31": "57.48700", "2005-12-31": 37.323, "2005-09-30": 61.945, "2005-06-30": 47.153, "2005-03-31": "54.42400"}, "Net Change In Property, Plant, And Equipment": {"2020-12-31": 293.656, "2020-09-30": -94.811, "2020-06-30": -90.044, "2020-03-31": "-108.80100", "2019-12-31": -261.397, "2019-09-30": -93.937, "2019-06-30": -246.574, "2019-03-31": "-174.38300", "2018-12-31": -86.89, "2018-09-30": -171.604, "2018-06-30": -105.718, "2018-03-31": "-273.72700", "2017-12-31": -2.367, "2017-09-30": -71.789, "2017-06-30": -143.512, "2017-03-31": "-62.78300", "2016-12-31": -82.863, "2016-09-30": 371.433, "2016-06-30": -47.283, "2016-03-31": "-71.06500", "2015-12-31": -50.683, "2015-09-30": -95.422, "2015-06-30": -136.585, "2015-03-31": "15.93500", "2014-12-31": 46.391, "2014-09-30": -113.871, "2014-06-30": -149.943, "2014-03-31": "-104.33600", "2013-12-31": -267.812, "2013-09-30": -150.462, "2013-06-30": -166.811, "2013-03-31": "9.84700", "2012-12-31": -302.265, "2012-09-30": -195.742, "2012-06-30": -155.871, "2012-03-31": "-102.25000", "2011-12-31": -34.461, "2011-09-30": -87.491, "2011-06-30": -25.35, "2011-03-31": "-23.14100", "2010-12-31": 82.07, "2010-09-30": -16.035, "2010-06-30": -15.892, "2010-03-31": "-11.06300", "2009-12-31": -17.711, "2009-09-30": -21.835, "2009-06-30": 13.465, "2009-03-31": "-18.62000", "2008-12-31": -29.705, "2008-09-30": 99.519, "2008-06-30": -46.228, "2008-03-31": "-46.83300", "2007-12-31": 48.086, "2007-09-30": -111.436, "2007-06-30": -145.692, "2007-03-31": "-120.02100", "2006-12-31": -57.144, "2006-09-30": 169.531, "2006-06-30": -47.924, "2006-03-31": "-113.08000", "2005-12-31": 228.329, "2005-09-30": -83.1, "2005-06-30": 13.063, "2005-03-31": "-4.45400"}, "Net Change In Intangible Assets": {"2020-12-31": 0, "2020-09-30": 0, "2020-06-30": 0, "2020-03-31": "", "2019-12-31": 0, "2019-09-30": 0, "2019-06-30": 0, "2019-03-31": "", "2018-12-31": 0, "2018-09-30": 0, "2018-06-30": 0, "2018-03-31": "", "2017-12-31": 0, "2017-09-30": 0, "2017-06-30": 0, "2017-03-31": "", "2016-12-31": 0, "2016-09-30": 0, "2016-06-30": 0, "2016-03-31": "", "2015-12-31": 0, "2015-09-30": 0, "2015-06-30": 0, "2015-03-31": "", "2014-12-31": 0, "2014-09-30": 0, "2014-06-30": 0, "2014-03-31": "", "2013-12-31": 0, "2013-09-30": 0, "2013-06-30": 0, "2013-03-31": "", "2012-12-31": 0, "2012-09-30": 0, "2012-06-30": 0, "2012-03-31": "", "2011-12-31": 0, "2011-09-30": 0, "2011-06-30": 0, "2011-03-31": "", "2010-12-31": 0, "2010-09-30": 0, "2010-06-30": 0, "2010-03-31": "", "2009-12-31": 0, "2009-09-30": 0, "2009-06-30": 0, "2009-03-31": "", "2008-12-31": 0, "2008-09-30": 0, "2008-06-30": 0, "2008-03-31": "", "2007-12-31": 0, "2007-09-30": 0, "2007-06-30": 0, "2007-03-31": "", "2006-12-31": 0, "2006-09-30": 0, "2006-06-30": 0, "2006-03-31": "", "2005-12-31": 0, "2005-09-30": 0, "2005-06-30": 0, "2005-03-31": ""}, "Net Acquisitions/Divestitures": {"2020-12-31": 0, "2020-09-30": 0, "2020-06-30": 0, "2020-03-31": "", "2019-12-31": 0, "2019-09-30": 0, "2019-06-30": 0, "2019-03-31": "", "2018-12-31": 0, "2018-09-30": 0, "2018-06-30": 0, "2018-03-31": "", "2017-12-31": 0, "2017-09-30": 0, "2017-06-30": 0, "2017-03-31": "", "2016-12-31": 0, "2016-09-30": 0, "2016-06-30": 622.982, "2016-03-31": "", "2015-12-31": 0, "2015-09-30": 0, "2015-06-30": 0, "2015-03-31": "", "2014-12-31": 0, "2014-09-30": 0, "2014-06-30": 0, "2014-03-31": "", "2013-12-31": 323.755, "2013-09-30": 0, "2013-06-30": 0, "2013-03-31": "", "2012-12-31": 226.869, "2012-09-30": 0, "2012-06-30": 0, "2012-03-31": "", "2011-12-31": 0, "2011-09-30": 0, "2011-06-30": 0, "2011-03-31": "19.31000", "2010-12-31": 0, "2010-09-30": 0, "2010-06-30": 0, "2010-03-31": "", "2009-12-31": 0, "2009-09-30": 0, "2009-06-30": 0, "2009-03-31": "", "2008-12-31": 0, "2008-09-30": 0, "2008-06-30": 0, "2008-03-31": "", "2007-12-31": 0, "2007-09-30": 0, "2007-06-30": 0, "2007-03-31": "", "2006-12-31": 0, "2006-09-30": 0, "2006-06-30": 0, "2006-03-31": "", "2005-12-31": 0, "2005-09-30": 0, "2005-06-30": 0, "2005-03-31": ""}, "Net Change In Short-term Investments": {"2020-12-31": 0, "2020-09-30": 0, "2020-06-30": 0, "2020-03-31": "", "2019-12-31": 0, "2019-09-30": 0, "2019-06-30": 0, "2019-03-31": "", "2018-12-31": 0, "2018-09-30": 0, "2018-06-30": 0, "2018-03-31": "", "2017-12-31": 0, "2017-09-30": 0, "2017-06-30": 0, "2017-03-31": "100.00000", "2016-12-31": 0, "2016-09-30": -100, "2016-06-30": 0, "2016-03-31": "", "2015-12-31": 0, "2015-09-30": 0, "2015-06-30": 0, "2015-03-31": "", "2014-12-31": 0, "2014-09-30": 0, "2014-06-30": 0, "2014-03-31": "", "2013-12-31": 0, "2013-09-30": 0, "2013-06-30": 0, "2013-03-31": "", "2012-12-31": 0, "2012-09-30": 0, "2012-06-30": 0, "2012-03-31": "", "2011-12-31": 0, "2011-09-30": 0, "2011-06-30": 0, "2011-03-31": "", "2010-12-31": 0, "2010-09-30": 0, "2010-06-30": 0, "2010-03-31": "", "2009-12-31": 0, "2009-09-30": 0, "2009-06-30": 0, "2009-03-31": "", "2008-12-31": 0, "2008-09-30": 0, "2008-06-30": 0, "2008-03-31": "", "2007-12-31": 0, "2007-09-30": 0, "2007-06-30": 0, "2007-03-31": "", "2006-12-31": 0, "2006-09-30": 0, "2006-06-30": 0, "2006-03-31": "", "2005-12-31": 0, "2005-09-30": 0, "2005-06-30": 0, "2005-03-31": ""}, "Net Change In Long-Term Investments": {"2020-12-31": 6.126, "2020-09-30": -1.255, "2020-06-30": -1.865, "2020-03-31": "-3.00600", "2019-12-31": -3.404, "2019-09-30": -4.138, "2019-06-30": -7.135, "2019-03-31": "-2.52000", "2018-12-31": -2.067, "2018-09-30": -3.845, "2018-06-30": -6.312, "2018-03-31": "-2.27900", "2017-12-31": -2.329, "2017-09-30": -0.35, "2017-06-30": -2.449, "2017-03-31": "", "2016-12-31": 0, "2016-09-30": 0, "2016-06-30": 0, "2016-03-31": "", "2015-12-31": 0, "2015-09-30": 0, "2015-06-30": 0, "2015-03-31": "", "2014-12-31": -0.221, "2014-09-30": 0.718, "2014-06-30": 0, "2014-03-31": "5.85300", "2013-12-31": 2.807, "2013-09-30": -9.245, "2013-06-30": 1.045, "2013-03-31": "-0.80900", "2012-12-31": 6.018, "2012-09-30": 3.108, "2012-06-30": -0.466, "2012-03-31": "-3.03600", "2011-12-31": -9.627, "2011-09-30": 1.076, "2011-06-30": -22.791, "2011-03-31": "-6.60200", "2010-12-31": -1.373, "2010-09-30": -4.746, "2010-06-30": -0.059, "2010-03-31": "-0.26100", "2009-12-31": -0.202, "2009-09-30": -22.33, "2009-06-30": -0.156, "2009-03-31": "-0.31000", "2008-12-31": 0.742, "2008-09-30": -1.105, "2008-06-30": -3.736, "2008-03-31": "-6.34500", "2007-12-31": 3.87, "2007-09-30": 0.214, "2007-06-30": -3.679, "2007-03-31": "0.10500", "2006-12-31": 16.919, "2006-09-30": 22.87, "2006-06-30": 0.7, "2006-03-31": "5.88800", "2005-12-31": 9.558, "2005-09-30": 13.988, "2005-06-30": 6.499, "2005-03-31": "70.05600"}, "Net Change In Investments - Total": {"2020-12-31": 6.126, "2020-09-30": -1.255, "2020-06-30": -1.865, "2020-03-31": "-3.00600", "2019-12-31": -3.404, "2019-09-30": -4.138, "2019-06-30": -7.135, "2019-03-31": "-2.52000", "2018-12-31": -2.067, "2018-09-30": -3.845, "2018-06-30": -6.312, "2018-03-31": "-2.27900", "2017-12-31": -2.329, "2017-09-30": -0.35, "2017-06-30": -2.449, "2017-03-31": "100.00000", "2016-12-31": 0, "2016-09-30": -100, "2016-06-30": 0, "2016-03-31": "", "2015-12-31": 0, "2015-09-30": 0, "2015-06-30": 0, "2015-03-31": "", "2014-12-31": -0.221, "2014-09-30": 0.718, "2014-06-30": 0, "2014-03-31": "5.85300", "2013-12-31": 2.807, "2013-09-30": -9.245, "2013-06-30": 1.045, "2013-03-31": "-0.80900", "2012-12-31": 6.018, "2012-09-30": 3.108, "2012-06-30": -0.466, "2012-03-31": "-3.03600", "2011-12-31": -9.627, "2011-09-30": 1.076, "2011-06-30": -22.791, "2011-03-31": "-6.60200", "2010-12-31": -1.373, "2010-09-30": -4.746, "2010-06-30": -0.059, "2010-03-31": "-0.26100", "2009-12-31": -0.202, "2009-09-30": -22.33, "2009-06-30": -0.156, "2009-03-31": "-0.31000", "2008-12-31": 0.742, "2008-09-30": -1.105, "2008-06-30": -3.736, "2008-03-31": "-6.34500", "2007-12-31": 3.87, "2007-09-30": 0.214, "2007-06-30": -3.679, "2007-03-31": "0.10500", "2006-12-31": 16.919, "2006-09-30": 22.87, "2006-06-30": 0.7, "2006-03-31": "5.88800", "2005-12-31": 9.558, "2005-09-30": 13.988, "2005-06-30": 6.499, "2005-03-31": "70.05600"}, "Investing Activities - Other": {"2020-12-31": -1.693, "2020-09-30": 3.613, "2020-06-30": -0.051, "2020-03-31": "-1.86900", "2019-12-31": 1.84, "2019-09-30": -1.302, "2019-06-30": 0.359, "2019-03-31": "0.14600", "2018-12-31": -0.173, "2018-09-30": 10.896, "2018-06-30": 0.349, "2018-03-31": "0.44900", "2017-12-31": -5.028, "2017-09-30": 1.157, "2017-06-30": 2.138, "2017-03-31": "-2.44200", "2016-12-31": 3.911, "2016-09-30": 0.218, "2016-06-30": 0.007, "2016-03-31": "-6.92800", "2015-12-31": -10.669, "2015-09-30": -7.272, "2015-06-30": -6.746, "2015-03-31": "-1.79300", "2014-12-31": -6.656, "2014-09-30": -2.736, "2014-06-30": -1.043, "2014-03-31": "-0.74300", "2013-12-31": 53.53, "2013-09-30": -54.858, "2013-06-30": 0.987, "2013-03-31": "-0.95900", "2012-12-31": 0.136, "2012-09-30": -4.812, "2012-06-30": 0.809, "2012-03-31": "-0.18300", "2011-12-31": 2.898, "2011-09-30": -2.232, "2011-06-30": -1.61, "2011-03-31": "2.65700", "2010-12-31": 4.512, "2010-09-30": -0.908, "2010-06-30": -0.724, "2010-03-31": "-0.37100", "2009-12-31": -1.173, "2009-09-30": -2.933, "2009-06-30": -7.582, "2009-03-31": "9.87100", "2008-12-31": -0.724, "2008-09-30": -4.018, "2008-06-30": -0.978, "2008-03-31": "2.03700", "2007-12-31": -0.15, "2007-09-30": 12.505, "2007-06-30": -19.39, "2007-03-31": "-11.21000", "2006-12-31": -18.989, "2006-09-30": -11.907, "2006-06-30": 1.609, "2006-03-31": "-20.54000", "2005-12-31": -305.493, "2005-09-30": 7.138, "2005-06-30": -8.918, "2005-03-31": "-154.22700"}, "Cash Flow From Investing Activities": {"2020-12-31": 298.089, "2020-09-30": -92.453, "2020-06-30": -91.96, "2020-03-31": "-113.67600", "2019-12-31": -262.961, "2019-09-30": -99.377, "2019-06-30": -253.35, "2019-03-31": "-176.75700", "2018-12-31": -89.13, "2018-09-30": -164.553, "2018-06-30": -111.681, "2018-03-31": "-275.55700", "2017-12-31": -9.724, "2017-09-30": -70.982, "2017-06-30": -143.823, "2017-03-31": "34.77500", "2016-12-31": -78.952, "2016-09-30": 271.651, "2016-06-30": 575.706, "2016-03-31": "-77.99300", "2015-12-31": -61.352, "2015-09-30": -102.694, "2015-06-30": -143.331, "2015-03-31": "14.14200", "2014-12-31": 39.514, "2014-09-30": -115.889, "2014-06-30": -150.986, "2014-03-31": "-99.22600", "2013-12-31": 112.28, "2013-09-30": -214.565, "2013-06-30": -164.779, "2013-03-31": "8.07900", "2012-12-31": -69.242, "2012-09-30": -197.446, "2012-06-30": -155.528, "2012-03-31": "-105.46900", "2011-12-31": -41.19, "2011-09-30": -88.647, "2011-06-30": -49.751, "2011-03-31": "-7.77600", "2010-12-31": 85.209, "2010-09-30": -21.689, "2010-06-30": -16.675, "2010-03-31": "-11.69500", "2009-12-31": -19.086, "2009-09-30": -47.098, "2009-06-30": 5.727, "2009-03-31": "-9.05900", "2008-12-31": -29.687, "2008-09-30": 94.396, "2008-06-30": -50.942, "2008-03-31": "-51.14100", "2007-12-31": 51.806, "2007-09-30": -98.717, "2007-06-30": -168.761, "2007-03-31": "-131.12600", "2006-12-31": -59.214, "2006-09-30": 180.494, "2006-06-30": -45.615, "2006-03-31": "-127.73200", "2005-12-31": -67.606, "2005-09-30": -61.974, "2005-06-30": 10.644, "2005-03-31": "-88.62500"}, "Net Long-Term Debt": {"2020-12-31": -699.103, "2020-09-30": 0, "2020-06-30": 617.103, "2020-03-31": "82.00000", "2019-12-31": 33.943, "2019-09-30": -0.251, "2019-06-30": 351.16, "2019-03-31": "-197.60300", "2018-12-31": 61.179, "2018-09-30": 53.641, "2018-06-30": -0.355, "2018-03-31": "-0.35800", "2017-12-31": -0.35, "2017-09-30": -100.344, "2017-06-30": -147.091, "2017-03-31": "-31.21400", "2016-12-31": -0.787, "2016-09-30": -0.92, "2016-06-30": -285.76, "2016-03-31": "40.39000", "2015-12-31": 20.117, "2015-09-30": 40.272, "2015-06-30": -68.718, "2015-03-31": "-0.71400", "2014-12-31": -0.7002, "2014-09-30": 43.454, "2014-06-30": 110.071, "2014-03-31": "58.91300", "2013-12-31": -134.5359, "2013-09-30": 140.949, "2013-06-30": 39.956, "2013-03-31": "-27.12200", "2012-12-31": 90.325, "2012-09-30": -2.889, "2012-06-30": -34.894, "2012-03-31": "-273.80900", "2011-12-31": -1.191, "2011-09-30": -1.16, "2011-06-30": -40.439, "2011-03-31": "-89.12800", "2010-12-31": -114.298, "2010-09-30": -81.911, "2010-06-30": 1.624, "2010-03-31": "-54.35900", "2009-12-31": 3.218, "2009-09-30": -75.489, "2009-06-30": -135.701, "2009-03-31": "0.10700", "2008-12-31": 18.172, "2008-09-30": -98.138, "2008-06-30": 32.384, "2008-03-31": "84.29600", "2007-12-31": 70.847, "2007-09-30": 132.878, "2007-06-30": 164.424, "2007-03-31": "135.46500", "2006-12-31": 50.37, "2006-09-30": -250.49, "2006-06-30": -180.549, "2006-03-31": "108.38500", "2005-12-31": 68.085, "2005-09-30": 32.196, "2005-06-30": -43.68, "2005-03-31": "118.56900"}, "Net Current Debt": {"2020-12-31": 0, "2020-09-30": 0, "2020-06-30": 0, "2020-03-31": "", "2019-12-31": 0, "2019-09-30": 0, "2019-06-30": 0, "2019-03-31": "", "2018-12-31": 0, "2018-09-30": 0, "2018-06-30": 0, "2018-03-31": "", "2017-12-31": 0, "2017-09-30": 0, "2017-06-30": 0, "2017-03-31": "", "2016-12-31": 0, "2016-09-30": 0, "2016-06-30": 0, "2016-03-31": "", "2015-12-31": 0, "2015-09-30": 0, "2015-06-30": 0, "2015-03-31": "", "2014-12-31": 0, "2014-09-30": 0, "2014-06-30": 0, "2014-03-31": "", "2013-12-31": 0, "2013-09-30": 0, "2013-06-30": 0, "2013-03-31": "", "2012-12-31": 0, "2012-09-30": 0, "2012-06-30": 0, "2012-03-31": "", "2011-12-31": 0, "2011-09-30": 0, "2011-06-30": 0, "2011-03-31": "", "2010-12-31": 0, "2010-09-30": 0, "2010-06-30": 0, "2010-03-31": "", "2009-12-31": 0, "2009-09-30": -0.0001, "2009-06-30": 0.0001, "2009-03-31": "", "2008-12-31": 0, "2008-09-30": 0, "2008-06-30": 0, "2008-03-31": "", "2007-12-31": 0, "2007-09-30": 0, "2007-06-30": 0, "2007-03-31": "", "2006-12-31": 0, "2006-09-30": 0, "2006-06-30": 0, "2006-03-31": "", "2005-12-31": 0, "2005-09-30": 0, "2005-06-30": 0, "2005-03-31": ""}, "Debt Issuance/Retirement Net - Total": {"2020-12-31": -699.103, "2020-09-30": 0, "2020-06-30": 617.103, "2020-03-31": "82.00000", "2019-12-31": 33.943, "2019-09-30": -0.251, "2019-06-30": 351.16, "2019-03-31": "-197.60300", "2018-12-31": 61.179, "2018-09-30": 53.641, "2018-06-30": -0.355, "2018-03-31": "-0.35800", "2017-12-31": -0.35, "2017-09-30": -100.344, "2017-06-30": -147.091, "2017-03-31": "-31.21400", "2016-12-31": -0.787, "2016-09-30": -0.92, "2016-06-30": -285.76, "2016-03-31": "40.39000", "2015-12-31": 20.117, "2015-09-30": 40.272, "2015-06-30": -68.718, "2015-03-31": "-0.71400", "2014-12-31": -0.7002, "2014-09-30": 43.454, "2014-06-30": 110.071, "2014-03-31": "58.91300", "2013-12-31": -134.5359, "2013-09-30": 140.949, "2013-06-30": 39.956, "2013-03-31": "-27.12200", "2012-12-31": 90.325, "2012-09-30": -2.889, "2012-06-30": -34.894, "2012-03-31": "-273.80900", "2011-12-31": -1.191, "2011-09-30": -1.16, "2011-06-30": -40.439, "2011-03-31": "-89.12800", "2010-12-31": -114.298, "2010-09-30": -81.911, "2010-06-30": 1.624, "2010-03-31": "-54.35900", "2009-12-31": 3.218, "2009-09-30": -75.489, "2009-06-30": -135.701, "2009-03-31": "0.10700", "2008-12-31": 18.172, "2008-09-30": -98.138, "2008-06-30": 32.384, "2008-03-31": "84.29600", "2007-12-31": 70.847, "2007-09-30": 132.878, "2007-06-30": 164.424, "2007-03-31": "135.46500", "2006-12-31": 50.37, "2006-09-30": -250.49, "2006-06-30": -180.549, "2006-03-31": "108.38500", "2005-12-31": 68.085, "2005-09-30": 32.196, "2005-06-30": -43.68, "2005-03-31": "118.56900"}, "Net Common Equity Issued/Repurchased": {"2020-12-31": 0, "2020-09-30": 0, "2020-06-30": 0, "2020-03-31": "", "2019-12-31": 24.839, "2019-09-30": 0, "2019-06-30": 0, "2019-03-31": "328.37400", "2018-12-31": 0, "2018-09-30": -14.668, "2018-06-30": 0, "2018-03-31": "", "2017-12-31": 0, "2017-09-30": 445.038, "2017-06-30": 0, "2017-03-31": "", "2016-12-31": -3.835, "2016-09-30": 0.349, "2016-06-30": 3.486, "2016-03-31": "", "2015-12-31": 0, "2015-09-30": 0, "2015-06-30": 0, "2015-03-31": "", "2014-12-31": 15.69, "2014-09-30": 50.535, "2014-06-30": 0, "2014-03-31": "", "2013-12-31": -2.52, "2013-09-30": -0.018, "2013-06-30": 33.216, "2013-03-31": "9.36600", "2012-12-31": 0.443, "2012-09-30": 92.797, "2012-06-30": 177.242, "2012-03-31": "435.91100", "2011-12-31": 36.838, "2011-09-30": 39.883, "2011-06-30": 37.452, "2011-03-31": "3.79500", "2010-12-31": 97.337, "2010-09-30": 29.327, "2010-06-30": 89.222, "2010-03-31": "17.20000", "2009-12-31": 0.62, "2009-09-30": 0, "2009-06-30": 272.112, "2009-03-31": "", "2008-12-31": -3.198, "2008-09-30": -1.585, "2008-06-30": 0.245, "2008-03-31": "-28.59500", "2007-12-31": -114.934, "2007-09-30": -65.068, "2007-06-30": -17.504, "2007-03-31": "0.83400", "2006-12-31": 0.933, "2006-09-30": 0.307, "2006-06-30": 256.396, "2006-03-31": "1.28000", "2005-12-31": 0.877, "2005-09-30": 2.304, "2005-06-30": 3.163, "2005-03-31": "-2.79400"}, "Net Total Equity Issued/Repurchased": {"2020-12-31": 0, "2020-09-30": 0, "2020-06-30": 0, "2020-03-31": "", "2019-12-31": 24.839, "2019-09-30": 0, "2019-06-30": 0, "2019-03-31": "328.37400", "2018-12-31": 0, "2018-09-30": -14.668, "2018-06-30": 0, "2018-03-31": "", "2017-12-31": 0, "2017-09-30": 445.038, "2017-06-30": 0, "2017-03-31": "", "2016-12-31": -3.835, "2016-09-30": 0.349, "2016-06-30": 3.486, "2016-03-31": "", "2015-12-31": 0, "2015-09-30": 0, "2015-06-30": 0, "2015-03-31": "", "2014-12-31": 15.69, "2014-09-30": 50.535, "2014-06-30": 0, "2014-03-31": "", "2013-12-31": -2.52, "2013-09-30": -0.018, "2013-06-30": 33.216, "2013-03-31": "9.36600", "2012-12-31": 0.443, "2012-09-30": 92.797, "2012-06-30": 177.242, "2012-03-31": "335.91100", "2011-12-31": 36.838, "2011-09-30": 39.883, "2011-06-30": 37.452, "2011-03-31": "3.79500", "2010-12-31": 97.337, "2010-09-30": 29.327, "2010-06-30": 89.222, "2010-03-31": "17.20000", "2009-12-31": 0.62, "2009-09-30": 0, "2009-06-30": 272.112, "2009-03-31": "", "2008-12-31": -3.198, "2008-09-30": -1.585, "2008-06-30": 0.245, "2008-03-31": "-28.59500", "2007-12-31": -114.934, "2007-09-30": -65.068, "2007-06-30": -17.504, "2007-03-31": "0.83400", "2006-12-31": 0.933, "2006-09-30": 0.307, "2006-06-30": 256.396, "2006-03-31": "1.28000", "2005-12-31": 0.877, "2005-09-30": 2.304, "2005-06-30": 3.163, "2005-03-31": "-20.29400"}, "Total Common And Preferred Stock Dividends Paid": {"2020-12-31": 249.223, "2020-09-30": -84.138, "2020-06-30": -84.112, "2020-03-31": "-80.97300", "2019-12-31": -80.764, "2019-09-30": -80.766, "2019-06-30": -80.741, "2019-03-31": "-74.98200", "2018-12-31": -74.976, "2018-09-30": -75.07, "2018-06-30": -75.016, "2018-03-31": "-72.94300", "2017-12-31": -72.93, "2017-09-30": -69.344, "2017-06-30": -69.326, "2017-03-31": "-69.16100", "2016-12-31": -82.821, "2016-09-30": -447.273, "2016-06-30": -69.02, "2016-03-31": "-64.24900", "2015-12-31": -64.253, "2015-09-30": -64.253, "2015-06-30": -64.237, "2015-03-31": "-60.38600", "2014-12-31": -60.23, "2014-09-30": -59.769, "2014-06-30": -59.728, "2014-03-31": "-56.78700", "2013-12-31": -56.793, "2013-09-30": -56.821, "2013-06-30": -56.528, "2013-03-31": "-49.94100", "2012-12-31": -50.377, "2012-09-30": -49.783, "2012-06-30": -47.594, "2012-03-31": "-41.26400", "2011-12-31": -39.31, "2011-09-30": -38.966, "2011-06-30": -38.666, "2011-03-31": "-35.30000", "2010-12-31": -34.574, "2010-09-30": -34.397, "2010-06-30": -33.5, "2010-03-31": "-33.15500", "2009-12-31": -33.149, "2009-09-30": -33.129, "2009-06-30": -43.254, "2009-03-31": "-43.15500", "2008-12-31": -43.215, "2008-09-30": -43.213, "2008-06-30": -43.021, "2008-03-31": "-42.88300", "2007-12-31": -44.448, "2007-09-30": -45.454, "2007-06-30": -45.141, "2007-03-31": "-43.09900", "2006-12-31": -43.057, "2006-09-30": -43.63, "2006-06-30": -40.622, "2006-03-31": "-38.92500", "2005-12-31": -38.933, "2005-09-30": -39.513, "2005-06-30": -14.571, "2005-03-31": "-55.30100"}, "Financial Activities - Other": {"2020-12-31": -0.958, "2020-09-30": 1.336, "2020-06-30": -1.588, "2020-03-31": "1.21000", "2019-12-31": 2.355, "2019-09-30": -1.388, "2019-06-30": 0.107, "2019-03-31": "-3.53900", "2018-12-31": 0.143, "2018-09-30": 0.921, "2018-06-30": 0.138, "2018-03-31": "0.33600", "2017-12-31": 0.572, "2017-09-30": 0.03, "2017-06-30": 0.704, "2017-03-31": "0.49300", "2016-12-31": 4.236, "2016-09-30": -0.106, "2016-06-30": 1.006, "2016-03-31": "1.06700", "2015-12-31": 0.218, "2015-09-30": -2.489, "2015-06-30": 0.355, "2015-03-31": "-9.14300", "2014-12-31": 1.294, "2014-09-30": -1.281, "2014-06-30": -0.035, "2014-03-31": "2.05500", "2013-12-31": -0.031, "2013-09-30": 0.081, "2013-06-30": -1.16, "2013-03-31": "7.72100", "2012-12-31": -24.342, "2012-09-30": 1.656, "2012-06-30": -1.889, "2012-03-31": "3.39500", "2011-12-31": -0.124, "2011-09-30": -4.202, "2011-06-30": -4.566, "2011-03-31": "2.19800", "2010-12-31": 0.255, "2010-09-30": -6.9, "2010-06-30": 0.708, "2010-03-31": "4.65400", "2009-12-31": -1.423, "2009-09-30": 0.042, "2009-06-30": -3.007, "2009-03-31": "0.78500", "2008-12-31": -1.827, "2008-09-30": -3.277, "2008-06-30": -0.646, "2008-03-31": "1.42700", "2007-12-31": -1.674, "2007-09-30": -0.093, "2007-06-30": -3.173, "2007-03-31": "-0.30500", "2006-12-31": -0.779, "2006-09-30": 0.839, "2006-06-30": 0.313, "2006-03-31": "-0.81500", "2005-12-31": 0.754, "2005-09-30": -0.314, "2005-06-30": -2.628, "2005-03-31": "-4.67500"}, "Cash Flow From Financial Activities": {"2020-12-31": -450.838, "2020-09-30": -82.802, "2020-06-30": 531.403, "2020-03-31": "2.23700", "2019-12-31": -19.627, "2019-09-30": -82.405, "2019-06-30": 270.526, "2019-03-31": "52.25000", "2018-12-31": -13.654, "2018-09-30": -35.176, "2018-06-30": -75.233, "2018-03-31": "-72.96500", "2017-12-31": -72.708, "2017-09-30": 275.38, "2017-06-30": -215.713, "2017-03-31": "-99.88200", "2016-12-31": -83.207, "2016-09-30": -447.95, "2016-06-30": -350.288, "2016-03-31": "-22.79200", "2015-12-31": -43.918, "2015-09-30": -26.47, "2015-06-30": -132.6, "2015-03-31": "-70.24300", "2014-12-31": -43.946, "2014-09-30": 32.939, "2014-06-30": 50.308, "2014-03-31": "4.18100", "2013-12-31": -193.88, "2013-09-30": 84.191, "2013-06-30": 15.484, "2013-03-31": "-59.97600", "2012-12-31": 16.049, "2012-09-30": 41.781, "2012-06-30": 92.865, "2012-03-31": "24.23300", "2011-12-31": -3.787, "2011-09-30": -4.445, "2011-06-30": -46.219, "2011-03-31": "-118.43500", "2010-12-31": -51.28, "2010-09-30": -93.881, "2010-06-30": 58.054, "2010-03-31": "-65.66000", "2009-12-31": -30.734, "2009-09-30": -108.576, "2009-06-30": 90.15, "2009-03-31": "-42.26300", "2008-12-31": -30.068, "2008-09-30": -146.213, "2008-06-30": -11.038, "2008-03-31": "14.24500", "2007-12-31": -90.209, "2007-09-30": 22.263, "2007-06-30": 98.606, "2007-03-31": "92.89500", "2006-12-31": 7.467, "2006-09-30": -292.974, "2006-06-30": 35.538, "2006-03-31": "69.92500", "2005-12-31": 30.783, "2005-09-30": -5.327, "2005-06-30": -57.716, "2005-03-31": "38.29900"}, "Net Cash Flow": {"2020-12-31": -566.033, "2020-09-30": -12.145, "2020-06-30": 579.033, "2020-03-31": "-0.85500", "2019-12-31": -135.426, "2019-09-30": 7.982, "2019-06-30": 143.196, "2019-03-31": "-31.85600", "2018-12-31": 25.013, "2018-09-30": -55.062, "2018-06-30": -42.785, "2018-03-31": "-261.36800", "2017-12-31": 18.353, "2017-09-30": 334.822, "2017-06-30": -229.074, "2017-03-31": "7.87800", "2016-12-31": -76.607, "2016-09-30": -40.854, "2016-06-30": 350.974, "2016-03-31": "-4.27500", "2015-12-31": 0.315, "2015-09-30": -6.133, "2015-06-30": -157.845, "2015-03-31": "20.43500", "2014-12-31": 87.09, "2014-09-30": 50.058, "2014-06-30": -0.699, "2014-03-31": "-1.02600", "2013-12-31": 13.087, "2013-09-30": -1.799, "2013-06-30": -53.136, "2013-03-31": "32.97300", "2012-12-31": 21.079, "2012-09-30": -46.536, "2012-06-30": 2.424, "2012-03-31": "-5.45700", "2011-12-31": -0.94, "2011-09-30": -7.049, "2011-06-30": -35.623, "2011-03-31": "-71.80400", "2010-12-31": 79.504, "2010-09-30": -37.084, "2010-06-30": 99.602, "2010-03-31": "-35.60300", "2009-12-31": -17.527, "2009-09-30": -75.982, "2009-06-30": 150.409, "2009-03-31": "-0.15100", "2008-12-31": -22.11, "2008-09-30": 28.275, "2008-06-30": 0.295, "2008-03-31": "0.05000", "2007-12-31": -0.31, "2007-09-30": -1.851, "2007-06-30": 1.588, "2007-03-31": "0.43600", "2006-12-31": -7.027, "2006-09-30": -41.639, "2006-06-30": 48.444, "2006-03-31": "-0.32000", "2005-12-31": 0.5, "2005-09-30": -5.356, "2005-06-30": 0.081, "2005-03-31": "4.09800"}, "Stock-Based Compensation": {"2020-12-31": -10.237, "2020-09-30": 3.191, "2020-06-30": 3.613, "2020-03-31": "3.43300", "2019-12-31": 3.052, "2019-09-30": 3.648, "2019-06-30": 4.505, "2019-03-31": "4.03000", "2018-12-31": 4.412, "2018-09-30": 4.131, "2018-06-30": 4.023, "2018-03-31": "4.18300", "2017-12-31": 4.299, "2017-09-30": 4.353, "2017-06-30": 4.446, "2017-03-31": "4.44900", "2016-12-31": 4.612, "2016-09-30": 5.144, "2016-06-30": 5.608, "2016-03-31": "4.75900", "2015-12-31": 4.662, "2015-09-30": 4.58, "2015-06-30": 4.513, "2015-03-31": "3.91900", "2014-12-31": 3.65, "2014-09-30": 4.035, "2014-06-30": 4.241, "2014-03-31": "3.62600", "2013-12-31": 3.381, "2013-09-30": 3.713, "2013-06-30": 3.695, "2013-03-31": "3.27400", "2012-12-31": 3.136, "2012-09-30": 3.472, "2012-06-30": 3.473, "2012-03-31": "3.00500", "2011-12-31": 2.785, "2011-09-30": 3.251, "2011-06-30": 3.226, "2011-03-31": "2.77700", "2010-12-31": 2.804, "2010-09-30": 2.735, "2010-06-30": 2.637, "2010-03-31": "3.13000", "2009-12-31": 2.018, "2009-09-30": 2.48, "2009-06-30": 2.395, "2009-03-31": "2.16000", "2008-12-31": 1.854, "2008-09-30": 1.673, "2008-06-30": 2.154, "2008-03-31": "1.98200", "2007-12-31": 2.339, "2007-09-30": 1.77, "2007-06-30": 1.715, "2007-03-31": "1.72300", "2006-12-31": 11.619, "2006-09-30": 0, "2006-06-30": 0, "2006-03-31": "", "2005-12-31": 9.549, "2005-09-30": 0, "2005-06-30": 0, "2005-03-31": ""}, "Common Stock Dividends Paid": {"2020-12-31": 249.223, "2020-09-30": -84.138, "2020-06-30": -84.112, "2020-03-31": "-80.97300", "2019-12-31": -80.764, "2019-09-30": -80.766, "2019-06-30": -80.741, "2019-03-31": "-74.98200", "2018-12-31": -74.976, "2018-09-30": -75.07, "2018-06-30": -75.016, "2018-03-31": "-72.94300", "2017-12-31": -72.93, "2017-09-30": -69.344, "2017-06-30": -69.326, "2017-03-31": "-69.16100", "2016-12-31": -82.821, "2016-09-30": -447.273, "2016-06-30": -69.02, "2016-03-31": "-64.24900", "2015-12-31": -64.253, "2015-09-30": -64.253, "2015-06-30": -64.237, "2015-03-31": "-60.38600", "2014-12-31": -60.23, "2014-09-30": -59.769, "2014-06-30": -59.728, "2014-03-31": "-56.78700", "2013-12-31": -56.793, "2013-09-30": -56.821, "2013-06-30": -56.528, "2013-03-31": "-49.94100", "2012-12-31": -50.377, "2012-09-30": -49.783, "2012-06-30": -47.594, "2012-03-31": "-41.26400", "2011-12-31": -39.31, "2011-09-30": -38.966, "2011-06-30": -38.666, "2011-03-31": "-35.30000", "2010-12-31": -34.574, "2010-09-30": -34.397, "2010-06-30": -33.5, "2010-03-31": "-33.15500", "2009-12-31": -33.149, "2009-09-30": -33.129, "2009-06-30": -43.254, "2009-03-31": "-43.15500", "2008-12-31": -43.215, "2008-09-30": -43.213, "2008-06-30": -43.021, "2008-03-31": "-42.88300", "2007-12-31": -44.448, "2007-09-30": -45.454, "2007-06-30": -45.141, "2007-03-31": "-43.09900", "2006-12-31": -43.057, "2006-09-30": -43.63, "2006-06-30": -40.622, "2006-03-31": "-38.92500", "2005-12-31": -38.933, "2005-09-30": -39.513, "2005-06-30": -14.571, "2005-03-31": "-55.30100"}}, "financial ratios": {"Current Ratio": {"2019-12-31": "", "2018-12-31": "", "2017-12-31": "", "2016-12-31": "", "2015-12-31": "", "2014-12-31": "", "2013-12-31": "", "2012-12-31": "", "2011-12-31": "", "2010-12-31": "", "2009-12-31": "", "2008-12-31": "", "2007-12-31": "", "2006-12-31": "", "2005-12-31": ""}, "Long-term Debt / Capital": {"2019-12-31": "0.40540", "2018-12-31": "0.40680", "2017-12-31": "0.38750", "2016-12-31": "0.44490", "2015-12-31": "0.48500", "2014-12-31": "0.48600", "2013-12-31": "0.47830", "2012-12-31": "0.48870", "2011-12-31": "0.57090", "2010-12-31": "0.59330", "2009-12-31": "0.62000", "2008-12-31": "0.65360", "2007-12-31": "0.64870", "2006-12-31": "0.57340", "2005-12-31": "0.65760"}, "Debt/Equity Ratio": {"2019-12-31": "0.68190", "2018-12-31": "0.68580", "2017-12-31": "0.63260", "2016-12-31": "0.80130", "2015-12-31": "0.94190", "2014-12-31": "0.94540", "2013-12-31": "0.91690", "2012-12-31": "0.95570", "2011-12-31": "1.33060", "2010-12-31": "1.45890", "2009-12-31": "1.63160", "2008-12-31": "1.88660", "2007-12-31": "1.84680", "2006-12-31": "1.34400", "2005-12-31": "1.92070"}, "Gross Margin": {"2019-12-31": "", "2018-12-31": "", "2017-12-31": "", "2016-12-31": "", "2015-12-31": "", "2014-12-31": "", "2013-12-31": "", "2012-12-31": "", "2011-12-31": "", "2010-12-31": "", "2009-12-31": "", "2008-12-31": "", "2007-12-31": "", "2006-12-31": "", "2005-12-31": ""}, "Operating Margin": {"2019-12-31": "21.38110", "2018-12-31": "24.69850", "2017-12-31": "23.45540", "2016-12-31": "26.59000", "2015-12-31": "26.31680", "2014-12-31": "25.32760", "2013-12-31": "26.68010", "2012-12-31": "24.75660", "2011-12-31": "21.51750", "2010-12-31": "19.05850", "2009-12-31": "20.35770", "2008-12-31": "29.76140", "2007-12-31": "24.95750", "2006-12-31": "22.00420", "2005-12-31": "23.12950"}, "EBIT Margin": {"2019-12-31": "21.38110", "2018-12-31": "24.69850", "2017-12-31": "23.45540", "2016-12-31": "26.59000", "2015-12-31": "26.31680", "2014-12-31": "25.32760", "2013-12-31": "26.68010", "2012-12-31": "24.75660", "2011-12-31": "21.51750", "2010-12-31": "19.05850", "2009-12-31": "20.35770", "2008-12-31": "29.76140", "2007-12-31": "24.95750", "2006-12-31": "22.00420", "2005-12-31": "23.12950"}, "EBITDA Margin": {"2019-12-31": "54.07790", "2018-12-31": "56.22750", "2017-12-31": "52.75670", "2016-12-31": "55.13090", "2015-12-31": "55.15100", "2014-12-31": "53.42650", "2013-12-31": "54.76430", "2012-12-31": "55.32720", "2011-12-31": "52.82670", "2010-12-31": "50.49240", "2009-12-31": "49.61850", "2008-12-31": "57.86780", "2007-12-31": "52.29410", "2006-12-31": "51.17790", "2005-12-31": "57.84620"}, "Pre-Tax Profit Margin": {"2019-12-31": "21.91230", "2018-12-31": "16.98450", "2017-12-31": "22.43150", "2016-12-31": "52.14250", "2015-12-31": "28.76720", "2014-12-31": "36.06650", "2013-12-31": "19.95840", "2012-12-31": "23.28940", "2011-12-31": "3.29150", "2010-12-31": "1.60310", "2009-12-31": "-11.22330", "2008-12-31": "-0.94230", "2007-12-31": "9.54550", "2006-12-31": "21.38090", "2005-12-31": "30.06100"}, "Net Profit Margin": {"2019-12-31": "21.35450", "2018-12-31": "16.35700", "2017-12-31": "21.80300", "2016-12-31": "93.53940", "2015-12-31": "29.83600", "2014-12-31": "36.96100", "2013-12-31": "42.63970", "2012-12-31": "40.58180", "2011-12-31": "8.23810", "2010-12-31": "4.04020", "2009-12-31": "-8.42950", "2008-12-31": "11.58920", "2007-12-31": "25.23410", "2006-12-31": "41.50340", "2005-12-31": "39.49640"}, "Asset Turnover": {"2019-12-31": "0.15240", "2018-12-31": "0.15350", "2017-12-31": "0.14590", "2016-12-31": "0.14540", "2015-12-31": "0.13840", "2014-12-31": "0.13080", "2013-12-31": "0.14010", "2012-12-31": "0.12970", "2011-12-31": "0.12970", "2010-12-31": "0.12090", "2009-12-31": "0.13080", "2008-12-31": "0.12950", "2007-12-31": "0.12030", "2006-12-31": "0.12230", "2005-12-31": "0.11230"}, "Inventory Turnover Ratio": {"2019-12-31": "", "2018-12-31": "", "2017-12-31": "", "2016-12-31": "", "2015-12-31": "", "2014-12-31": "", "2013-12-31": "", "2012-12-31": "", "2011-12-31": "", "2010-12-31": "", "2009-12-31": "", "2008-12-31": "", "2007-12-31": "", "2006-12-31": "", "2005-12-31": ""}, "Receiveable Turnover": {"2019-12-31": "", "2018-12-31": "", "2017-12-31": "", "2016-12-31": "", "2015-12-31": "", "2014-12-31": "", "2013-12-31": "", "2012-12-31": "", "2011-12-31": "", "2010-12-31": "", "2009-12-31": "", "2008-12-31": "", "2007-12-31": "", "2006-12-31": "", "2005-12-31": ""}, "Days Sales In Receivables": {"2019-12-31": "", "2018-12-31": "", "2017-12-31": "", "2016-12-31": "", "2015-12-31": "", "2014-12-31": "", "2013-12-31": "", "2012-12-31": "", "2011-12-31": "", "2010-12-31": "", "2009-12-31": "", "2008-12-31": "", "2007-12-31": "", "2006-12-31": "", "2005-12-31": ""}, "ROE - Return On Equity": {"2019-12-31": "6.05850", "2018-12-31": "4.74710", "2017-12-31": "5.76400", "2016-12-31": "14.71090", "2015-12-31": "8.24470", "2014-12-31": "9.80180", "2013-12-31": "5.63790", "2012-12-31": "6.14560", "2011-12-31": "0.95790", "2010-12-31": "0.42830", "2009-12-31": "-4.26370", "2008-12-31": "-0.44050", "2007-12-31": "3.46800", "2006-12-31": "6.91630", "2005-12-31": "11.05300"}, "Return On Tangible Equity": {"2019-12-31": "6.05850", "2018-12-31": "4.74710", "2017-12-31": "5.76400", "2016-12-31": "14.71090", "2015-12-31": "8.24470", "2014-12-31": "9.80180", "2013-12-31": "5.63790", "2012-12-31": "6.14560", "2011-12-31": "0.95790", "2010-12-31": "0.42830", "2009-12-31": "-4.26370", "2008-12-31": "-0.44050", "2007-12-31": "3.46800", "2006-12-31": "6.91630", "2005-12-31": "11.05300"}, "ROA - Return On Assets": {"2019-12-31": "3.32330", "2018-12-31": "2.58370", "2017-12-31": "3.25350", "2016-12-31": "7.55430", "2015-12-31": "3.95040", "2014-12-31": "4.68430", "2013-12-31": "2.76300", "2012-12-31": "2.99760", "2011-12-31": "0.37880", "2010-12-31": "0.16010", "2009-12-31": "-1.48880", "2008-12-31": "-0.13980", "2007-12-31": "1.08580", "2006-12-31": "2.61560", "2005-12-31": "3.37640"}, "ROI - Return On Investment": {"2019-12-31": "3.60230", "2018-12-31": "2.81590", "2017-12-31": "3.53050", "2016-12-31": "8.16670", "2015-12-31": "4.24580", "2014-12-31": "5.03850", "2013-12-31": "2.94120", "2012-12-31": "3.14230", "2011-12-31": "0.41100", "2010-12-31": "0.17420", "2009-12-31": "-1.62020", "2008-12-31": "-0.15260", "2007-12-31": "1.21820", "2006-12-31": "2.95060", "2005-12-31": "3.78440"}, "Book Value Per Share": {"2019-12-31": "34.63500", "2018-12-31": "32.83960", "2017-12-31": "33.90820", "2016-12-31": "31.64610", "2015-12-31": "29.64910", "2014-12-31": "29.59310", "2013-12-31": "28.55560", "2012-12-31": "27.30440", "2011-12-31": "21.62600", "2010-12-31": "21.33100", "2009-12-31": "20.89740", "2008-12-31": "22.73820", "2007-12-31": "23.40240", "2006-12-31": "26.67990", "2005-12-31": "22.56150"}, "Operating Cash Flow Per Share": {"2019-12-31": 0.3082, "2018-12-31": 0.584, "2017-12-31": -0.23, "2016-12-31": 0.1988, "2015-12-31": -0.0014, "2014-12-31": 0.1622, "2013-12-31": 0.7785, "2012-12-31": 0.4573, "2011-12-31": 0.0673, "2010-12-31": -0.2254, "2009-12-31": -0.4344, "2008-12-31": 0.1518, "2007-12-31": -0.1168, "2006-12-31": 0.3237, "2005-12-31": 3.5666}, "Free Cash Flow Per Share": {"2019-12-31": -0.8135, "2018-12-31": -3.0739, "2017-12-31": -5.1548, "2016-12-31": 5.073, "2015-12-31": 0.6548, "2014-12-31": 3.0255, "2013-12-31": 3.116, "2012-12-31": -6.0603, "2011-12-31": -2.8225, "2010-12-31": 1.061, "2009-12-31": -0.7306, "2008-12-31": 5.2968, "2007-12-31": -4.8657, "2006-12-31": -3.2248, "2005-12-31": 6.2984}}, "financial ratios, quarterly": {"Current Ratio": {"2020-09-30": "", "2020-06-30": "", "2020-03-31": "", "2019-12-31": "", "2019-09-30": "", "2019-06-30": "", "2019-03-31": "", "2018-12-31": "", "2018-09-30": "", "2018-06-30": "", "2018-03-31": "", "2017-12-31": "", "2017-09-30": "", "2017-06-30": "", "2017-03-31": "", "2016-12-31": "", "2016-09-30": "", "2016-06-30": "", "2016-03-31": "", "2015-12-31": "", "2015-09-30": "", "2015-06-30": "", "2015-03-31": "", "2014-12-31": "", "2014-09-30": "", "2014-06-30": "", "2014-03-31": "", "2013-12-31": "", "2013-09-30": "", "2013-06-30": "", "2013-03-31": "", "2012-12-31": "", "2012-09-30": "", "2012-06-30": "", "2012-03-31": "", "2011-12-31": "", "2011-09-30": "", "2011-06-30": "", "2011-03-31": "", "2010-12-31": "", "2010-09-30": "", "2010-06-30": "", "2010-03-31": "", "2009-12-31": "", "2009-09-30": "", "2009-06-30": "", "2009-03-31": "", "2008-12-31": "", "2008-09-30": "", "2008-06-30": "", "2008-03-31": "", "2007-12-31": "", "2007-09-30": "", "2007-06-30": "", "2007-03-31": "", "2006-12-31": "", "2006-09-30": "", "2006-06-30": "", "2006-03-31": "", "2005-12-31": "", "2005-09-30": "", "2005-06-30": "", "2005-03-31": ""}, "Long-term Debt / Capital": {"2020-09-30": "0.47500", "2020-06-30": "0.47180", "2020-03-31": "0.41520", "2019-12-31": "0.40540", "2019-09-30": "0.40380", "2019-06-30": "0.40170", "2019-03-31": "0.36310", "2018-12-31": "0.40680", "2018-09-30": "0.39830", "2018-06-30": "0.39140", "2018-03-31": "0.38910", "2017-12-31": "0.38750", "2017-09-30": "0.38870", "2017-06-30": "0.43100", "2017-03-31": "0.44370", "2016-12-31": "0.44490", "2016-09-30": "0.44280", "2016-06-30": "0.43120", "2016-03-31": "0.49130", "2015-12-31": "0.48500", "2015-09-30": "0.48390", "2015-06-30": "0.47820", "2015-03-31": "0.48270", "2014-12-31": "0.48600", "2014-09-30": "0.49930", "2014-06-30": "0.49860", "2014-03-31": "0.48600", "2013-12-31": "0.47830", "2013-09-30": "0.49880", "2013-06-30": "0.48270", "2013-03-31": "0.48380", "2012-12-31": "0.48870", "2012-09-30": "0.48590", "2012-06-30": "0.49300", "2012-03-31": "0.51260", "2011-12-31": "0.57090", "2011-09-30": "0.57780", "2011-06-30": "0.58060", "2011-03-31": "0.58730", "2010-12-31": "0.59330", "2010-09-30": "0.60430", "2010-06-30": "0.60750", "2010-03-31": "0.61620", "2009-12-31": "0.62000", "2009-09-30": "0.60460", "2009-06-30": "0.60780", "2009-03-31": "0.65800", "2008-12-31": "0.65360", "2008-09-30": "0.65100", "2008-06-30": "0.66530", "2008-03-31": "0.66310", "2007-12-31": "0.64870", "2007-09-30": "0.63090", "2007-06-30": "0.60800", "2007-03-31": "0.58910", "2006-12-31": "0.57340", "2006-09-30": "0.56800", "2006-06-30": "0.60920", "2006-03-31": "0.66480", "2005-12-31": "0.65760", "2005-09-30": "0.64860", "2005-06-30": "0.64060", "2005-03-31": "0.64370"}, "Debt/Equity Ratio": {"2020-09-30": "0.90460", "2020-06-30": "0.89320", "2020-03-31": "0.71010", "2019-12-31": "0.68190", "2019-09-30": "0.67730", "2019-06-30": "0.67140", "2019-03-31": "0.57020", "2018-12-31": "0.68580", "2018-09-30": "0.66190", "2018-06-30": "0.64320", "2018-03-31": "0.63680", "2017-12-31": "0.63260", "2017-09-30": "0.63590", "2017-06-30": "0.75760", "2017-03-31": "0.79770", "2016-12-31": "0.80130", "2016-09-30": "0.79480", "2016-06-30": "0.75810", "2016-03-31": "0.96570", "2015-12-31": "0.94190", "2015-09-30": "0.93750", "2015-06-30": "0.91630", "2015-03-31": "0.93310", "2014-12-31": "0.94540", "2014-09-30": "0.99720", "2014-06-30": "0.99460", "2014-03-31": "0.94550", "2013-12-31": "0.91690", "2013-09-30": "0.99520", "2013-06-30": "0.93300", "2013-03-31": "0.93720", "2012-12-31": "0.95570", "2012-09-30": "0.94500", "2012-06-30": "0.97220", "2012-03-31": "1.05170", "2011-12-31": "1.33060", "2011-09-30": "1.36860", "2011-06-30": "1.38430", "2011-03-31": "1.42290", "2010-12-31": "1.45890", "2010-09-30": "1.52690", "2010-06-30": "1.54800", "2010-03-31": "1.60580", "2009-12-31": "1.63160", "2009-09-30": "1.52920", "2009-06-30": "1.54940", "2009-03-31": "1.92390", "2008-12-31": "1.88660", "2008-09-30": "1.86500", "2008-06-30": "1.98790", "2008-03-31": "1.96820", "2007-12-31": "1.84680", "2007-09-30": "1.70900", "2007-06-30": "1.55110", "2007-03-31": "1.43370", "2006-12-31": "1.34400", "2006-09-30": "1.31510", "2006-06-30": "1.55890", "2006-03-31": "1.98340", "2005-12-31": "1.92070", "2005-09-30": "1.84590", "2005-06-30": "1.78230", "2005-03-31": "1.80690"}, "Gross Margin": {"2020-09-30": "", "2020-06-30": "", "2020-03-31": "", "2019-12-31": "", "2019-09-30": "", "2019-06-30": "", "2019-03-31": "", "2018-12-31": "", "2018-09-30": "", "2018-06-30": "", "2018-03-31": "", "2017-12-31": "", "2017-09-30": "", "2017-06-30": "", "2017-03-31": "", "2016-12-31": "", "2016-09-30": "", "2016-06-30": "", "2016-03-31": "", "2015-12-31": "", "2015-09-30": "", "2015-06-30": "", "2015-03-31": "", "2014-12-31": "", "2014-09-30": "", "2014-06-30": "", "2014-03-31": "", "2013-12-31": "", "2013-09-30": "", "2013-06-30": "", "2013-03-31": "", "2012-12-31": "", "2012-09-30": "", "2012-06-30": "", "2012-03-31": "", "2011-12-31": "", "2011-09-30": "", "2011-06-30": "", "2011-03-31": "", "2010-12-31": "", "2010-09-30": "", "2010-06-30": "", "2010-03-31": "", "2009-12-31": "", "2009-09-30": "", "2009-06-30": "", "2009-03-31": "", "2008-12-31": "", "2008-09-30": "", "2008-06-30": "", "2008-03-31": "", "2007-12-31": "", "2007-09-30": "", "2007-06-30": "", "2007-03-31": "", "2006-12-31": "", "2006-09-30": "", "2006-06-30": "", "2006-03-31": "", "2005-12-31": "", "2005-09-30": "", "2005-06-30": "", "2005-03-31": ""}, "Operating Margin": {"2020-09-30": "18.58530", "2020-06-30": "10.21770", "2020-03-31": "16.70720", "2019-12-31": "14.72750", "2019-09-30": "22.74010", "2019-06-30": "21.56540", "2019-03-31": "26.81850", "2018-12-31": "27.04040", "2018-09-30": "22.27780", "2018-06-30": "23.71450", "2018-03-31": "25.76050", "2017-12-31": "23.22790", "2017-09-30": "21.82200", "2017-06-30": "24.43350", "2017-03-31": "24.39630", "2016-12-31": "27.82640", "2016-09-30": "25.52910", "2016-06-30": "26.37920", "2016-03-31": "26.64450", "2015-12-31": "26.31480", "2015-09-30": "26.95950", "2015-06-30": "26.35490", "2015-03-31": "25.60220", "2014-12-31": "17.95950", "2014-09-30": "26.58680", "2014-06-30": "27.92770", "2014-03-31": "27.21520", "2013-12-31": "28.67360", "2013-09-30": "26.35680", "2013-06-30": "26.48590", "2013-03-31": "25.07390", "2012-12-31": "17.37460", "2012-09-30": "27.00610", "2012-06-30": "25.31850", "2012-03-31": "29.15400", "2011-12-31": "20.11400", "2011-09-30": "27.42230", "2011-06-30": "21.54990", "2011-03-31": "16.36590", "2010-12-31": "16.86710", "2010-09-30": "16.83630", "2010-06-30": "24.17530", "2010-03-31": "17.83050", "2009-12-31": "19.75340", "2009-09-30": "17.13640", "2009-06-30": "18.17760", "2009-03-31": "26.22780", "2008-12-31": "46.55560", "2008-09-30": "17.95490", "2008-06-30": "25.04200", "2008-03-31": "30.83900", "2007-12-31": "24.15690", "2007-09-30": "26.65240", "2007-06-30": "24.32660", "2007-03-31": "24.62420", "2006-12-31": "17.93670", "2006-09-30": "19.90840", "2006-06-30": "21.86250", "2006-03-31": "27.66680", "2005-12-31": "37.39860", "2005-09-30": "16.52030", "2005-06-30": "18.15490", "2005-03-31": "21.45310"}, "EBIT Margin": {"2020-09-30": "18.58530", "2020-06-30": "10.21770", "2020-03-31": "16.70720", "2019-12-31": "14.72750", "2019-09-30": "22.74010", "2019-06-30": "21.56540", "2019-03-31": "26.81850", "2018-12-31": "27.04040", "2018-09-30": "22.27780", "2018-06-30": "23.71450", "2018-03-31": "25.76050", "2017-12-31": "23.22790", "2017-09-30": "21.82200", "2017-06-30": "24.43350", "2017-03-31": "24.39630", "2016-12-31": "27.82640", "2016-09-30": "25.52910", "2016-06-30": "26.37920", "2016-03-31": "26.64450", "2015-12-31": "26.31480", "2015-09-30": "26.95950", "2015-06-30": "26.35490", "2015-03-31": "25.60220", "2014-12-31": "17.95950", "2014-09-30": "26.58680", "2014-06-30": "27.92770", "2014-03-31": "27.21520", "2013-12-31": "28.67360", "2013-09-30": "26.35680", "2013-06-30": "26.48590", "2013-03-31": "25.07390", "2012-12-31": "17.37460", "2012-09-30": "27.00610", "2012-06-30": "25.31850", "2012-03-31": "29.15400", "2011-12-31": "20.11400", "2011-09-30": "27.42230", "2011-06-30": "21.54990", "2011-03-31": "16.36590", "2010-12-31": "16.86700", "2010-09-30": "16.83630", "2010-06-30": "24.17530", "2010-03-31": "17.83050", "2009-12-31": "19.75350", "2009-09-30": "17.13640", "2009-06-30": "18.17760", "2009-03-31": "26.22780", "2008-12-31": "46.55560", "2008-09-30": "17.95490", "2008-06-30": "25.04200", "2008-03-31": "30.83900", "2007-12-31": "24.15690", "2007-09-30": "26.65240", "2007-06-30": "24.32660", "2007-03-31": "24.62420", "2006-12-31": "17.93670", "2006-09-30": "19.90840", "2006-06-30": "21.86250", "2006-03-31": "27.66680", "2005-12-31": "37.39860", "2005-09-30": "16.52030", "2005-06-30": "18.15490", "2005-03-31": "21.45310"}, "EBITDA Margin": {"2020-09-30": "", "2020-06-30": "", "2020-03-31": "", "2019-12-31": "", "2019-09-30": "", "2019-06-30": "", "2019-03-31": "", "2018-12-31": "", "2018-09-30": "", "2018-06-30": "", "2018-03-31": "", "2017-12-31": "", "2017-09-30": "", "2017-06-30": "", "2017-03-31": "", "2016-12-31": "", "2016-09-30": "", "2016-06-30": "", "2016-03-31": "", "2015-12-31": "", "2015-09-30": "", "2015-06-30": "", "2015-03-31": "", "2014-12-31": "", "2014-09-30": "", "2014-06-30": "", "2014-03-31": "", "2013-12-31": "", "2013-09-30": "", "2013-06-30": "", "2013-03-31": "", "2012-12-31": "", "2012-09-30": "", "2012-06-30": "", "2012-03-31": "", "2011-12-31": "", "2011-09-30": "", "2011-06-30": "", "2011-03-31": "", "2010-12-31": "", "2010-09-30": "", "2010-06-30": "", "2010-03-31": "", "2009-12-31": "", "2009-09-30": "", "2009-06-30": "", "2009-03-31": "", "2008-12-31": "", "2008-09-30": "", "2008-06-30": "", "2008-03-31": "", "2007-12-31": "", "2007-09-30": "", "2007-06-30": "", "2007-03-31": "", "2006-12-31": "", "2006-09-30": "", "2006-06-30": "", "2006-03-31": "", "2005-12-31": "", "2005-09-30": "", "2005-06-30": "", "2005-03-31": ""}, "Pre-Tax Profit Margin": {"2020-09-30": "13.86230", "2020-06-30": "7.14250", "2020-03-31": "16.90020", "2019-12-31": "36.66770", "2019-09-30": "17.29950", "2019-06-30": "17.11360", "2019-03-31": "16.04760", "2018-12-31": "16.59040", "2018-09-30": "16.67700", "2018-06-30": "16.97440", "2018-03-31": "17.73560", "2017-12-31": "38.85440", "2017-09-30": "15.77150", "2017-06-30": "18.05930", "2017-03-31": "16.60890", "2016-12-31": "19.56950", "2016-09-30": "137.95310", "2016-06-30": "32.73820", "2016-03-31": "17.54590", "2015-12-31": "26.70980", "2015-09-30": "15.89190", "2015-06-30": "15.76890", "2015-03-31": "57.84740", "2014-12-31": "102.67780", "2014-09-30": "18.62340", "2014-06-30": "17.59540", "2014-03-31": "20.17540", "2013-12-31": "21.02960", "2013-09-30": "17.91980", "2013-06-30": "24.82630", "2013-03-31": "15.95010", "2012-12-31": "33.02850", "2012-09-30": "15.49990", "2012-06-30": "11.60760", "2012-03-31": "34.05850", "2011-12-31": "9.23450", "2011-09-30": "8.26070", "2011-06-30": "-9.10400", "2011-03-31": "6.42690", "2010-12-31": "-1.14720", "2010-09-30": "2.24470", "2010-06-30": "2.37160", "2010-03-31": "2.24350", "2009-12-31": "-63.18700", "2009-09-30": "3.89050", "2009-06-30": "1.86680", "2009-03-31": "5.17670", "2008-12-31": "-23.86910", "2008-09-30": "6.50450", "2008-06-30": "6.47410", "2008-03-31": "5.71090", "2007-12-31": "14.43670", "2007-09-30": "6.14830", "2007-06-30": "9.11360", "2007-03-31": "8.82070", "2006-12-31": "3.45800", "2006-09-30": "63.60630", "2006-06-30": "5.59720", "2006-03-31": "8.50060", "2005-12-31": "5.34200", "2005-09-30": "-2.69780", "2005-06-30": "-0.97250", "2005-03-31": "136.50100"}, "Net Profit Margin": {"2020-09-30": "13.15550", "2020-06-30": "6.57280", "2020-03-31": "16.27960", "2019-12-31": "36.06380", "2019-09-30": "16.72490", "2019-06-30": "16.57760", "2019-03-31": "15.53420", "2018-12-31": "16.00370", "2018-09-30": "16.07560", "2018-06-30": "16.30770", "2018-03-31": "17.07760", "2017-12-31": "38.28490", "2017-09-30": "15.06890", "2017-06-30": "17.54400", "2017-03-31": "15.88050", "2016-12-31": "18.83260", "2016-09-30": "132.08530", "2016-06-30": "201.51080", "2016-03-31": "19.17780", "2015-12-31": "28.18480", "2015-09-30": "17.42480", "2015-06-30": "17.47740", "2015-03-31": "57.33850", "2014-12-31": "109.68020", "2014-09-30": "17.96500", "2014-06-30": "16.91770", "2014-03-31": "19.44170", "2013-12-31": "63.62470", "2013-09-30": "35.40600", "2013-06-30": "37.01450", "2013-03-31": "33.44170", "2012-12-31": "84.47440", "2012-09-30": "16.73330", "2012-06-30": "12.18250", "2012-03-31": "51.77870", "2011-12-31": "40.32780", "2011-09-30": "7.20970", "2011-06-30": "-10.28300", "2011-03-31": "4.62300", "2010-12-31": "14.93260", "2010-09-30": "1.06950", "2010-06-30": "1.41050", "2010-03-31": "1.52890", "2009-12-31": "-59.13200", "2009-09-30": "2.53630", "2009-06-30": "11.71730", "2009-03-31": "3.96990", "2008-12-31": "-23.90470", "2008-09-30": "46.22390", "2008-06-30": "11.11960", "2008-03-31": "9.84720", "2007-12-31": "57.86690", "2007-09-30": "7.85310", "2007-06-30": "28.43500", "2007-03-31": "8.82810", "2006-12-31": "25.97130", "2006-09-30": "83.74630", "2006-06-30": "23.90820", "2006-03-31": "28.42180", "2005-12-31": "10.47030", "2005-09-30": "-1.69580", "2005-06-30": "16.24710", "2005-03-31": "151.72100"}, "Asset Turnover": {"2020-09-30": "0.03630", "2020-06-30": "0.03420", "2020-03-31": "0.03960", "2019-12-31": "0.03900", "2019-09-30": "0.03920", "2019-06-30": "0.03860", "2019-03-31": "0.03950", "2018-12-31": "0.03940", "2018-09-30": "0.03900", "2018-06-30": "0.03870", "2018-03-31": "0.03760", "2017-12-31": "0.03720", "2017-09-30": "0.03700", "2017-06-30": "0.03850", "2017-03-31": "0.03700", "2016-12-31": "0.03600", "2016-09-30": "0.03620", "2016-06-30": "0.03570", "2016-03-31": "0.03600", "2015-12-31": "0.03560", "2015-09-30": "0.03520", "2015-06-30": "0.03440", "2015-03-31": "0.03320", "2014-12-31": "0.02690", "2014-09-30": "0.03600", "2014-06-30": "0.03600", "2014-03-31": "0.03630", "2013-12-31": "0.03630", "2013-09-30": "0.03510", "2013-06-30": "0.03550", "2013-03-31": "0.03530", "2012-12-31": "0.03160", "2012-09-30": "0.03480", "2012-06-30": "0.03460", "2012-03-31": "0.03390", "2011-12-31": "0.02510", "2011-09-30": "0.03570", "2011-06-30": "0.03540", "2011-03-31": "0.03440", "2010-12-31": "0.02410", "2010-09-30": "0.03350", "2010-06-30": "0.03290", "2010-03-31": "0.03300", "2009-12-31": "0.02910", "2009-09-30": "0.03280", "2009-06-30": "0.03260", "2009-03-31": "0.03360", "2008-12-31": "0.03090", "2008-09-30": "0.03300", "2008-06-30": "0.03170", "2008-03-31": "0.03100", "2007-12-31": "0.02860", "2007-09-30": "0.03070", "2007-06-30": "0.03080", "2007-03-31": "0.03160", "2006-12-31": "0.02630", "2006-09-30": "0.03300", "2006-06-30": "0.03070", "2006-03-31": "0.03160", "2005-12-31": "0.02740", "2005-09-30": "0.03060", "2005-06-30": "0.03030", "2005-03-31": "0.02470"}, "Inventory Turnover Ratio": {"2020-09-30": "", "2020-06-30": "", "2020-03-31": "", "2019-12-31": "", "2019-09-30": "", "2019-06-30": "", "2019-03-31": "", "2018-12-31": "", "2018-09-30": "", "2018-06-30": "", "2018-03-31": "", "2017-12-31": "", "2017-09-30": "", "2017-06-30": "", "2017-03-31": "", "2016-12-31": "", "2016-09-30": "", "2016-06-30": "", "2016-03-31": "", "2015-12-31": "", "2015-09-30": "", "2015-06-30": "", "2015-03-31": "", "2014-12-31": "", "2014-09-30": "", "2014-06-30": "", "2014-03-31": "", "2013-12-31": "", "2013-09-30": "", "2013-06-30": "", "2013-03-31": "", "2012-12-31": "", "2012-09-30": "", "2012-06-30": "", "2012-03-31": "", "2011-12-31": "", "2011-09-30": "", "2011-06-30": "", "2011-03-31": "", "2010-12-31": "", "2010-09-30": "", "2010-06-30": "", "2010-03-31": "", "2009-12-31": "", "2009-09-30": "", "2009-06-30": "", "2009-03-31": "", "2008-12-31": "", "2008-09-30": "", "2008-06-30": "", "2008-03-31": "", "2007-12-31": "", "2007-09-30": "", "2007-06-30": "", "2007-03-31": "", "2006-12-31": "", "2006-09-30": "", "2006-06-30": "", "2006-03-31": "", "2005-12-31": "", "2005-09-30": "", "2005-06-30": "", "2005-03-31": ""}, "Receiveable Turnover": {"2020-09-30": "", "2020-06-30": "", "2020-03-31": "", "2019-12-31": "", "2019-09-30": "", "2019-06-30": "", "2019-03-31": "", "2018-12-31": "", "2018-09-30": "", "2018-06-30": "", "2018-03-31": "", "2017-12-31": "", "2017-09-30": "", "2017-06-30": "", "2017-03-31": "", "2016-12-31": "", "2016-09-30": "", "2016-06-30": "", "2016-03-31": "", "2015-12-31": "", "2015-09-30": "", "2015-06-30": "", "2015-03-31": "", "2014-12-31": "", "2014-09-30": "", "2014-06-30": "", "2014-03-31": "", "2013-12-31": "", "2013-09-30": "", "2013-06-30": "", "2013-03-31": "", "2012-12-31": "", "2012-09-30": "", "2012-06-30": "", "2012-03-31": "", "2011-12-31": "", "2011-09-30": "", "2011-06-30": "", "2011-03-31": "", "2010-12-31": "", "2010-09-30": "", "2010-06-30": "", "2010-03-31": "", "2009-12-31": "", "2009-09-30": "", "2009-06-30": "", "2009-03-31": "", "2008-12-31": "", "2008-09-30": "", "2008-06-30": "", "2008-03-31": "", "2007-12-31": "", "2007-09-30": "", "2007-06-30": "", "2007-03-31": "", "2006-12-31": "", "2006-09-30": "", "2006-06-30": "", "2006-03-31": "", "2005-12-31": "", "2005-09-30": "", "2005-06-30": "", "2005-03-31": ""}, "Days Sales In Receivables": {"2020-09-30": "", "2020-06-30": "", "2020-03-31": "", "2019-12-31": "", "2019-09-30": "", "2019-06-30": "", "2019-03-31": "", "2018-12-31": "", "2018-09-30": "", "2018-06-30": "", "2018-03-31": "", "2017-12-31": "", "2017-09-30": "", "2017-06-30": "", "2017-03-31": "", "2016-12-31": "", "2016-09-30": "", "2016-06-30": "", "2016-03-31": "", "2015-12-31": "", "2015-09-30": "", "2015-06-30": "", "2015-03-31": "", "2014-12-31": "", "2014-09-30": "", "2014-06-30": "", "2014-03-31": "", "2013-12-31": "", "2013-09-30": "", "2013-06-30": "", "2013-03-31": "", "2012-12-31": "", "2012-09-30": "", "2012-06-30": "", "2012-03-31": "", "2011-12-31": "", "2011-09-30": "", "2011-06-30": "", "2011-03-31": "", "2010-12-31": "", "2010-09-30": "", "2010-06-30": "", "2010-03-31": "", "2009-12-31": "", "2009-09-30": "", "2009-06-30": "", "2009-03-31": "", "2008-12-31": "", "2008-09-30": "", "2008-06-30": "", "2008-03-31": "", "2007-12-31": "", "2007-09-30": "", "2007-06-30": "", "2007-03-31": "", "2006-12-31": "", "2006-09-30": "", "2006-06-30": "", "2006-03-31": "", "2005-12-31": "", "2005-09-30": "", "2005-06-30": "", "2005-03-31": ""}, "ROE - Return On Equity": {"2020-09-30": "1.01570", "2020-06-30": "0.48500", "2020-03-31": "1.21120", "2019-12-31": "2.59950", "2019-09-30": "1.22430", "2019-06-30": "1.18040", "2019-03-31": "1.06600", "2018-12-31": "1.19070", "2018-09-30": "1.17140", "2018-06-30": "1.16290", "2018-03-31": "1.17040", "2017-12-31": "2.55640", "2017-09-30": "1.02330", "2017-06-30": "1.32560", "2017-03-31": "1.17170", "2016-12-31": "1.35940", "2016-09-30": "9.72180", "2016-06-30": "2.20080", "2016-03-31": "1.32200", "2015-12-31": "1.96630", "2015-09-30": "1.14930", "2015-06-30": "1.10120", "2015-03-31": "3.95240", "2014-12-31": "5.76190", "2014-09-30": "1.42950", "2014-06-30": "1.33650", "2014-03-31": "1.49950", "2013-12-31": "1.54800", "2013-09-30": "1.30970", "2013-06-30": "1.77220", "2013-03-31": "1.12740", "2012-12-31": "2.12860", "2012-09-30": "1.09900", "2012-06-30": "0.81550", "2012-03-31": "2.49070", "2011-12-31": "0.56880", "2011-09-30": "0.74550", "2011-06-30": "-0.85020", "2011-03-31": "0.50650", "2010-12-31": "-0.09060", "2010-09-30": "0.16520", "2010-06-30": "0.19760", "2010-03-31": "0.19260", "2009-12-31": "-5.27760", "2009-09-30": "0.34480", "2009-06-30": "0.14770", "2009-03-31": "0.53190", "2008-12-31": "-2.34350", "2008-09-30": "0.67930", "2008-06-30": "0.67010", "2008-03-31": "0.56640", "2007-12-31": "1.28800", "2007-09-30": "0.55190", "2007-06-30": "0.78610", "2007-03-31": "0.64640", "2006-12-31": "0.24080", "2006-09-30": "5.49480", "2006-06-30": "0.49280", "2006-03-31": "0.89670", "2005-12-31": "0.47960", "2005-09-30": "-0.26530", "2005-06-30": "-0.09200", "2005-03-31": "10.51690"}, "Return On Tangible Equity": {"2020-09-30": "1.01570", "2020-06-30": "0.48500", "2020-03-31": "1.21120", "2019-12-31": "2.59950", "2019-09-30": "1.22430", "2019-06-30": "1.18040", "2019-03-31": "1.06600", "2018-12-31": "1.19070", "2018-09-30": "1.17140", "2018-06-30": "1.16290", "2018-03-31": "1.17040", "2017-12-31": "2.55640", "2017-09-30": "1.02330", "2017-06-30": "1.32560", "2017-03-31": "1.17170", "2016-12-31": "1.35940", "2016-09-30": "9.72180", "2016-06-30": "2.20080", "2016-03-31": "1.32200", "2015-12-31": "1.96630", "2015-09-30": "1.14930", "2015-06-30": "1.10120", "2015-03-31": "3.95240", "2014-12-31": "5.76190", "2014-09-30": "1.42950", "2014-06-30": "1.33650", "2014-03-31": "1.49950", "2013-12-31": "1.54800", "2013-09-30": "1.30970", "2013-06-30": "1.77220", "2013-03-31": "1.12740", "2012-12-31": "2.12860", "2012-09-30": "1.09900", "2012-06-30": "0.81550", "2012-03-31": "2.49070", "2011-12-31": "0.56880", "2011-09-30": "0.74550", "2011-06-30": "-0.85020", "2011-03-31": "0.50650", "2010-12-31": "-0.09060", "2010-09-30": "0.16520", "2010-06-30": "0.19760", "2010-03-31": "0.19260", "2009-12-31": "-5.27760", "2009-09-30": "0.34480", "2009-06-30": "0.14770", "2009-03-31": "0.53190", "2008-12-31": "-2.34350", "2008-09-30": "0.67930", "2008-06-30": "0.67010", "2008-03-31": "0.56640", "2007-12-31": "1.28800", "2007-09-30": "0.55190", "2007-06-30": "0.78610", "2007-03-31": "0.64640", "2006-12-31": "0.24080", "2006-09-30": "5.49480", "2006-06-30": "0.49280", "2006-03-31": "0.89670", "2005-12-31": "0.47960", "2005-09-30": "-0.26530", "2005-06-30": "-0.09200", "2005-03-31": "10.51690"}, "ROA - Return On Assets": {"2020-09-30": "0.49450", "2020-06-30": "0.23920", "2020-03-31": "0.66210", "2019-12-31": "1.42590", "2019-09-30": "0.67360", "2019-06-30": "0.65760", "2019-03-31": "0.63200", "2018-12-31": "0.64810", "2018-09-30": "0.64520", "2018-06-30": "0.65020", "2018-03-31": "0.66130", "2017-12-31": "1.44290", "2017-09-30": "0.57510", "2017-06-30": "0.69520", "2017-03-31": "0.60640", "2016-12-31": "0.69810", "2016-09-30": "4.98370", "2016-06-30": "1.16170", "2016-03-31": "0.62680", "2015-12-31": "0.94220", "2015-09-30": "0.55170", "2015-06-30": "0.53570", "2015-03-31": "1.91200", "2014-12-31": "2.75360", "2014-09-30": "0.66530", "2014-06-30": "0.62670", "2014-03-31": "0.72310", "2013-12-31": "0.75860", "2013-09-30": "0.61630", "2013-06-30": "0.87380", "2013-03-31": "0.55500", "2012-12-31": "1.03830", "2012-09-30": "0.53350", "2012-06-30": "0.39320", "2012-03-31": "1.15050", "2011-12-31": "0.22490", "2011-09-30": "0.28840", "2011-06-30": "-0.32790", "2011-03-31": "0.19220", "2010-12-31": "-0.03390", "2010-09-30": "0.05970", "2010-06-30": "0.07150", "2010-03-31": "0.06810", "2009-12-31": "-1.84280", "2009-09-30": "0.12490", "2009-06-30": "0.05360", "2009-03-31": "0.16750", "2008-12-31": "-0.74380", "2008-09-30": "0.21280", "2008-06-30": "0.20220", "2008-03-31": "0.17120", "2007-12-31": "0.40330", "2007-09-30": "0.18180", "2007-06-30": "0.27430", "2007-03-31": "0.23760", "2006-12-31": "0.09110", "2006-09-30": "2.09630", "2006-06-30": "0.17190", "2006-03-31": "0.26840", "2005-12-31": "0.14650", "2005-09-30": "-0.08250", "2005-06-30": "-0.02950", "2005-03-31": "3.36950"}, "ROI - Return On Investment": {"2020-09-30": "0.53330", "2020-06-30": "0.25620", "2020-03-31": "0.70830", "2019-12-31": "1.54560", "2019-09-30": "0.72990", "2019-06-30": "0.70620", "2019-03-31": "0.67890", "2018-12-31": "0.70630", "2018-09-30": "0.70490", "2018-06-30": "0.70770", "2018-03-31": "0.71510", "2017-12-31": "1.56580", "2017-09-30": "0.62560", "2017-06-30": "0.75420", "2017-03-31": "0.65180", "2016-12-31": "0.75460", "2016-09-30": "5.41660", "2016-06-30": "1.25180", "2016-03-31": "0.67250", "2015-12-31": "1.01260", "2015-09-30": "0.59320", "2015-06-30": "0.57470", "2015-03-31": "2.04460", "2014-12-31": "2.96190", "2014-09-30": "0.71570", "2014-06-30": "0.67010", "2014-03-31": "0.77070", "2013-12-31": "0.80760", "2013-09-30": "0.65640", "2013-06-30": "0.91680", "2013-03-31": "0.58200", "2012-12-31": "1.08840", "2012-09-30": "0.56500", "2012-06-30": "0.41350", "2012-03-31": "1.21390", "2011-12-31": "0.24410", "2011-09-30": "0.31470", "2011-06-30": "-0.35660", "2011-03-31": "0.20910", "2010-12-31": "-0.03680", "2010-09-30": "0.06540", "2010-06-30": "0.07760", "2010-03-31": "0.07390", "2009-12-31": "-2.00550", "2009-09-30": "0.13630", "2009-06-30": "0.05790", "2009-03-31": "0.18190", "2008-12-31": "-0.81190", "2008-09-30": "0.23710", "2008-06-30": "0.22430", "2008-03-31": "0.19080", "2007-12-31": "0.45240", "2007-09-30": "0.20370", "2007-06-30": "0.30810", "2007-03-31": "0.26560", "2006-12-31": "0.10270", "2006-09-30": "2.37350", "2006-06-30": "0.19260", "2006-03-31": "0.30060", "2005-12-31": "0.16420", "2005-09-30": "-0.09320", "2005-06-30": "-0.03310", "2005-03-31": "3.74680"}, "Book Value Per Share": {"2020-09-30": "33.37430", "2020-06-30": "33.79290", "2020-03-31": "34.35610", "2019-12-31": "34.63500", "2019-09-30": "34.35440", "2019-06-30": "34.64740", "2019-03-31": "35.03930", "2018-12-31": "32.83960", "2018-09-30": "33.15230", "2018-06-30": "33.40290", "2018-03-31": "33.73350", "2017-12-31": "33.90820", "2017-09-30": "33.73240", "2017-06-30": "31.10790", "2017-03-31": "31.41880", "2016-12-31": "31.64610", "2016-09-30": "31.91070", "2016-06-30": "33.47540", "2016-03-31": "29.38950", "2015-12-31": "29.64910", "2015-09-30": "29.68250", "2015-06-30": "29.91850", "2015-03-31": "30.12630", "2014-12-31": "29.59310", "2014-09-30": "28.25400", "2014-06-30": "28.08940", "2014-03-31": "28.34840", "2013-12-31": "28.55560", "2013-09-30": "27.70470", "2013-06-30": "27.98630", "2013-03-31": "27.53300", "2012-12-31": "27.30440", "2012-09-30": "26.42320", "2012-06-30": "26.07430", "2012-03-31": "25.13710", "2011-12-31": "21.62600", "2011-09-30": "21.19670", "2011-06-30": "21.09290", "2011-03-31": "21.01710", "2010-12-31": "21.33100", "2010-09-30": "20.71340", "2010-06-30": "20.83300", "2010-03-31": "20.57890", "2009-12-31": "20.89740", "2009-09-30": "22.27770", "2009-06-30": "22.63800", "2009-03-31": "", "2008-12-31": "22.73820", "2008-09-30": "", "2008-06-30": "", "2008-03-31": "", "2007-12-31": "23.40240", "2007-09-30": "", "2007-06-30": "", "2007-03-31": "", "2006-12-31": "26.67990", "2006-09-30": "", "2006-06-30": "", "2006-03-31": "", "2005-12-31": "22.56150", "2005-09-30": "", "2005-06-30": "", "2005-03-31": ""}, "Operating Cash Flow Per Share": {"2020-09-30": 1.6389, "2020-06-30": 1.4039, "2020-03-31": "1.11270", "2019-12-31": 1.4675, "2019-09-30": 1.914, "2019-06-30": 1.2541, "2019-03-31": "0.95480", "2018-12-31": 1.3421, "2018-09-30": 1.5141, "2018-06-30": 1.5186, "2018-03-31": "0.90740", "2017-12-31": 1.0705, "2017-09-30": 1.393, "2017-06-30": 1.4322, "2017-03-31": "0.80250", "2016-12-31": 0.9564, "2016-09-30": 1.5006, "2016-06-30": 1.4049, "2016-03-31": "1.06630", "2015-12-31": 1.1814, "2015-09-30": 1.3916, "2015-06-30": 1.3104, "2015-03-31": "0.84600", "2014-12-31": 1.0711, "2014-09-30": 1.4793, "2014-06-30": 1.1219, "2014-03-31": "1.05850", "2013-12-31": 1.0788, "2013-09-30": 1.4436, "2013-06-30": 1.0738, "2013-03-31": "0.97240", "2012-12-31": 0.8931, "2012-09-30": 1.2169, "2012-06-30": 0.7655, "2012-03-31": "0.91460", "2011-12-31": 0.6293, "2011-09-30": 1.1173, "2011-06-30": 0.8387, "2011-03-31": "0.74750", "2010-12-31": 0.6955, "2010-09-30": 1.1081, "2010-06-30": 0.8594, "2010-03-31": "0.60250", "2009-12-31": 0.7073, "2009-09-30": 1.0648, "2009-06-30": 0.8058, "2009-03-31": "0.91300", "2008-12-31": 0.7237, "2008-09-30": 1.4308, "2008-06-30": 1.1066, "2008-03-31": "0.66420", "2007-12-31": 0.6373, "2007-09-30": 1.2939, "2007-06-30": 1.1978, "2007-03-31": "0.64450", "2006-12-31": 0.8397, "2006-09-30": 1.004, "2006-06-30": 1.0103, "2006-03-31": "1.03630", "2005-12-31": 0.6293, "2005-09-30": 1.1083, "2005-06-30": 0.7267, "2005-03-31": "1.10230"}, "Free Cash Flow Per Share": {"2020-09-30": 0.6865, "2020-06-30": 0.4984, "2020-03-31": "0.01790", "2019-12-31": -1.146, "2019-09-30": 0.9688, "2019-06-30": -1.2012, "2019-03-31": "-0.84220", "2018-12-31": 0.428, "2018-09-30": -0.281, "2018-06-30": 0.3884, "2018-03-31": "-1.94250", "2017-12-31": 1.0606, "2017-09-30": 0.6375, "2017-06-30": -0.1435, "2017-03-31": "0.11220", "2016-12-31": 0.0381, "2016-09-30": 5.6293, "2016-06-30": 0.8731, "2016-03-31": "0.28110", "2015-12-31": 0.614, "2015-09-30": 0.315, "2015-06-30": -0.2026, "2015-03-31": "1.02220", "2014-12-31": 1.5543, "2014-09-30": 0.217, "2014-06-30": -0.5613, "2014-03-31": "-0.11620", "2013-12-31": -1.9563, "2013-09-30": -0.2474, "2013-06-30": -0.8133, "2013-03-31": "1.08530", "2012-12-31": -2.6852, "2012-09-30": -0.964, "2012-06-30": -1.079, "2012-03-31": "-0.31950", "2011-12-31": 0.14, "2011-09-30": -0.0434, "2011-06-30": 0.4864, "2011-03-31": "0.42960", "2010-12-31": 1.8842, "2010-09-30": 0.8831, "2010-06-30": 0.6249, "2010-03-31": "0.44290", "2009-12-31": 0.3957, "2009-09-30": 0.7434, "2009-06-30": 1.0542, "2009-03-31": "0.58080", "2008-12-31": 0.1878, "2008-09-30": 3.207, "2008-06-30": 0.2876, "2008-03-31": "-0.17770", "2007-12-31": 1.4648, "2007-09-30": -0.6654, "2007-06-30": -1.2355, "2007-03-31": "-1.35600", "2006-12-31": -0.1162, "2006-09-30": 3.9836, "2006-06-30": 0.2083, "2006-03-31": "-1.00210", "2005-12-31": 4.6992, "2005-09-30": -0.3848, "2005-06-30": 0.9719, "2005-03-31": "1.01210"}}, "revenue": {"Camden Property Trust Annual Revenue (Millions of US $)": {"2020": "$1,044", "2019": "$1,028", "2018": "$955", "2017": "$901", "2016": "$876", "2015": "$836", "2014": "$790", "2013": "$789", "2012": "$698", "2011": "$599", "2010": "$568", "2009": "$603", "2008": "$612", "2007": "$588", "2006": "$561", "2005": "$504"}, "Camden Property Trust Quarterly Revenue (Millions of US $)": {"2020-12-31": "$262", "2020-09-30": "$266", "2020-06-30": "$251", "2020-03-31": "$266", "2019-12-31": "$263", "2019-09-30": "$261", "2019-06-30": "$256", "2019-03-31": "$249", "2018-12-31": "$245", "2018-09-30": "$242", "2018-06-30": "$237", "2018-03-31": "$231", "2017-12-31": "$230", "2017-09-30": "$228", "2017-06-30": "$223", "2017-03-31": "$220", "2016-12-31": "$217", "2016-09-30": "$220", "2016-06-30": "$221", "2016-03-31": "$218", "2015-12-31": "$215", "2015-09-30": "$213", "2015-06-30": "$206", "2015-03-31": "$202", "2014-12-31": "$163", "2014-09-30": "$213", "2014-06-30": "$208", "2014-03-31": "$206", "2013-12-31": "$204", "2013-09-30": "$200", "2013-06-30": "$195", "2013-03-31": "$190", "2012-12-31": "$170", "2012-09-30": "$182", "2012-06-30": "$177", "2012-03-31": "$170", "2011-12-31": "$116", "2011-09-30": "$164", "2011-06-30": "$161", "2011-03-31": "$158", "2010-12-31": "$113", "2010-09-30": "$154", "2010-06-30": "$151", "2010-03-31": "$149", "2009-12-31": "$134", "2009-09-30": "$155", "2009-06-30": "$156", "2009-03-31": "$157", "2008-12-31": "$146", "2008-09-30": "$159", "2008-06-30": "$156", "2008-03-31": "$151", "2007-12-31": "$140", "2007-09-30": "$151", "2007-06-30": "$150", "2007-03-31": "$148", "2006-12-31": "$121", "2006-09-30": "$150", "2006-06-30": "$145", "2006-03-31": "$146", "2005-12-31": "$123", "2005-09-30": "$137", "2005-06-30": "$134", "2005-03-31": "$110"}}, "gross-profit": {"Camden Property Trust Annual Gross Profit (Millions of US $)": {"2020": "$649", "2019": "$662", "2018": "$611", "2017": "$572", "2016": "$565", "2015": "$535", "2014": "$482", "2013": "$503", "2012": "$442", "2011": "$349", "2010": "$321", "2009": "$346", "2008": "$358", "2007": "$352", "2006": "$332", "2005": "$294"}, "Camden Property Trust Quarterly Gross Profit (Millions of US $)": {"2020-12-31": "$162", "2020-09-30": "$165", "2020-06-30": "$151", "2020-03-31": "$165", "2019-12-31": "$173", "2019-09-30": "$167", "2019-06-30": "$165", "2019-03-31": "$151", "2018-12-31": "$158", "2018-09-30": "$148", "2018-06-30": "$152", "2018-03-31": "$147", "2017-12-31": "$149", "2017-09-30": "$134", "2017-06-30": "$143", "2017-03-31": "$133", "2016-12-31": "$143", "2016-09-30": "$134", "2016-06-30": "$135", "2016-03-31": "$133", "2015-12-31": "$140", "2015-09-30": "$128", "2015-06-30": "$127", "2015-03-31": "$122", "2014-12-31": "$101", "2014-09-30": "$129", "2014-06-30": "$127", "2014-03-31": "$126", "2013-12-31": "$132", "2013-09-30": "$122", "2013-06-30": "$118", "2013-03-31": "$120", "2012-12-31": "$111", "2012-09-30": "$109", "2012-06-30": "$111", "2012-03-31": "$106", "2011-12-31": "$78", "2011-09-30": "$99", "2011-06-30": "$98", "2011-03-31": "$95", "2010-12-31": "$74", "2010-09-30": "$91", "2010-06-30": "$89", "2010-03-31": "$88", "2009-12-31": "$84", "2009-09-30": "$91", "2009-06-30": "$94", "2009-03-31": "$96", "2008-12-31": "$91", "2008-09-30": "$94", "2008-06-30": "$97", "2008-03-31": "$95", "2007-12-31": "$91", "2007-09-30": "$92", "2007-06-30": "$95", "2007-03-31": "$93", "2006-12-31": "$79", "2006-09-30": "$90", "2006-06-30": "$91", "2006-03-31": "$91", "2005-12-31": "$78", "2005-09-30": "$83", "2005-06-30": "$83", "2005-03-31": "$66"}}, "operating-income": {"Camden Property Trust Annual Operating Income (Millions of US $)": {"2020": "$188", "2019": "$220", "2018": "$236", "2017": "$211", "2016": "$233", "2015": "$220", "2014": "$200", "2013": "$210", "2012": "$173", "2011": "$129", "2010": "$108", "2009": "$123", "2008": "$182", "2007": "$147", "2006": "$123", "2005": "$117"}, "Camden Property Trust Quarterly Operating Income (Millions of US $)": {"2020-12-31": "$39", "2020-09-30": "$49", "2020-06-30": "$26", "2020-03-31": "$44", "2019-12-31": "$39", "2019-09-30": "$59", "2019-06-30": "$55", "2019-03-31": "$67", "2018-12-31": "$66", "2018-09-30": "$54", "2018-06-30": "$56", "2018-03-31": "$59", "2017-12-31": "$53", "2017-09-30": "$50", "2017-06-30": "$55", "2017-03-31": "$54", "2016-12-31": "$60", "2016-09-30": "$56", "2016-06-30": "$58", "2016-03-31": "$58", "2015-12-31": "$57", "2015-09-30": "$57", "2015-06-30": "$54", "2015-03-31": "$52", "2014-12-31": "$29", "2014-09-30": "$57", "2014-06-30": "$58", "2014-03-31": "$56", "2013-12-31": "$59", "2013-09-30": "$53", "2013-06-30": "$52", "2013-03-31": "$48", "2012-12-31": "$30", "2012-09-30": "$49", "2012-06-30": "$45", "2012-03-31": "$49", "2011-12-31": "$23", "2011-09-30": "$45", "2011-06-30": "$35", "2011-03-31": "$26", "2010-12-31": "$19", "2010-09-30": "$26", "2010-06-30": "$37", "2010-03-31": "$27", "2009-12-31": "$26", "2009-09-30": "$27", "2009-06-30": "$28", "2009-03-31": "$41", "2008-12-31": "$68", "2008-09-30": "$29", "2008-06-30": "$39", "2008-03-31": "$47", "2007-12-31": "$34", "2007-09-30": "$40", "2007-06-30": "$36", "2007-03-31": "$36", "2006-12-31": "$22", "2006-09-30": "$30", "2006-06-30": "$32", "2006-03-31": "$40", "2005-12-31": "$46", "2005-09-30": "$23", "2005-06-30": "$24", "2005-03-31": "$24"}}, "ebitda": {"Camden Property Trust Annual EBITDA (Millions of US $)": {"2019": "$556", "2018": "$537", "2017": "$475", "2016": "$483", "2015": "$461", "2014": "$422", "2013": "$432", "2012": "$386", "2011": "$317", "2010": "$287", "2009": "$299", "2008": "$354", "2007": "$308", "2006": "$287", "2005": "$292"}, "Camden Property Trust Quarterly EBITDA (Millions of US $)": {"2020-09-30": "$140", "2020-06-30": "$118", "2020-03-31": "$136", "2019-12-31": "$124", "2019-09-30": "$145", "2019-06-30": "$140", "2019-03-31": "$147", "2018-12-31": "$145", "2018-09-30": "$130", "2018-06-30": "$132", "2018-03-31": "$130", "2017-12-31": "$122", "2017-09-30": "$117", "2017-06-30": "$120", "2017-03-31": "$117", "2016-12-31": "$123", "2016-09-30": "$119", "2016-06-30": "$121", "2016-03-31": "$120", "2015-12-31": "$118", "2015-09-30": "$119", "2015-06-30": "$114", "2015-03-31": "$110", "2014-12-31": "$74", "2014-09-30": "$117", "2014-06-30": "$117", "2014-03-31": "$114", "2013-12-31": "$114", "2013-09-30": "$109", "2013-06-30": "$107", "2013-03-31": "$102", "2012-12-31": "$84", "2012-09-30": "$103", "2012-06-30": "$99", "2012-03-31": "$101", "2011-12-31": "$70", "2011-09-30": "$91", "2011-06-30": "$82", "2011-03-31": "$74", "2010-12-31": "$66", "2010-09-30": "$71", "2010-06-30": "$80", "2010-03-31": "$71", "2009-12-31": "$72", "2009-09-30": "$70", "2009-06-30": "$72", "2009-03-31": "$85", "2008-12-31": "$112", "2008-09-30": "$72", "2008-06-30": "$82", "2008-03-31": "$89", "2007-12-31": "$69", "2007-09-30": "$84", "2007-06-30": "$77", "2007-03-31": "$78", "2006-12-31": "$57", "2006-09-30": "$73", "2006-06-30": "$76", "2006-03-31": "$81", "2005-12-31": "$85", "2005-09-30": "$70", "2005-06-30": "$72", "2005-03-31": "$64"}}, "net-income": {"Camden Property Trust Annual Net Income (Millions of US $)": {"2020": "$124", "2019": "$220", "2018": "$156", "2017": "$196", "2016": "$820", "2015": "$249", "2014": "$292", "2013": "$336", "2012": "$283", "2011": "$49", "2010": "$23", "2009": "$-51", "2008": "$71", "2007": "$148", "2006": "$233", "2005": "$199"}, "Camden Property Trust Quarterly Net Income (Millions of US $)": {"2020-12-31": "$29", "2020-09-30": "$35", "2020-06-30": "$16", "2020-03-31": "$43", "2019-12-31": "$95", "2019-09-30": "$44", "2019-06-30": "$42", "2019-03-31": "$39", "2018-12-31": "$39", "2018-09-30": "$39", "2018-06-30": "$39", "2018-03-31": "$39", "2017-12-31": "$88", "2017-09-30": "$34", "2017-06-30": "$39", "2017-03-31": "$35", "2016-12-31": "$41", "2016-09-30": "$291", "2016-06-30": "$446", "2016-03-31": "$42", "2015-12-31": "$61", "2015-09-30": "$37", "2015-06-30": "$36", "2015-03-31": "$116", "2014-12-31": "$178", "2014-09-30": "$38", "2014-06-30": "$35", "2014-03-31": "$40", "2013-12-31": "$130", "2013-09-30": "$71", "2013-06-30": "$72", "2013-03-31": "$63", "2012-12-31": "$144", "2012-09-30": "$30", "2012-06-30": "$22", "2012-03-31": "$88", "2011-12-31": "$47", "2011-09-30": "$12", "2011-06-30": "$-17", "2011-03-31": "$7", "2010-12-31": "$17", "2010-09-30": "$2", "2010-06-30": "$2", "2010-03-31": "$2", "2009-12-31": "$-79", "2009-09-30": "$4", "2009-06-30": "$18", "2009-03-31": "$6", "2008-12-31": "$-35", "2008-09-30": "$74", "2008-06-30": "$17", "2008-03-31": "$15", "2007-12-31": "$81", "2007-09-30": "$12", "2007-06-30": "$43", "2007-03-31": "$13", "2006-12-31": "$31", "2006-09-30": "$125", "2006-06-30": "$35", "2006-03-31": "$41", "2005-12-31": "$13", "2005-09-30": "$-2", "2005-06-30": "$22", "2005-03-31": "$167"}}, "eps-earnings-per-share-diluted": {"Camden Property Trust Annual EPS": {"2020": "$1.24", "2019": "$2.22", "2018": "$1.63", "2017": "$2.13", "2016": "$9.05", "2015": "$2.76", "2014": "$3.27", "2013": "$3.78", "2012": "$3.30", "2011": "$0.66", "2010": "$0.33", "2009": "$-0.80", "2008": "$1.28", "2007": "$2.50", "2006": "$3.96", "2005": "$3.58"}, "Camden Property Trust Quarterly EPS": {"2020-12-31": "$0.29", "2020-09-30": "$0.35", "2020-06-30": "$0.17", "2020-03-31": "$0.43", "2019-12-31": "$0.95", "2019-09-30": "$0.44", "2019-06-30": "$0.43", "2019-03-31": "$0.40", "2018-12-31": "$0.42", "2018-09-30": "$0.40", "2018-06-30": "$0.40", "2018-03-31": "$0.41", "2017-12-31": "$0.93", "2017-09-30": "$0.38", "2017-06-30": "$0.43", "2017-03-31": "$0.39", "2016-12-31": "$0.46", "2016-09-30": "$3.21", "2016-06-30": "$4.92", "2016-03-31": "$0.46", "2015-12-31": "$0.68", "2015-09-30": "$0.41", "2015-06-30": "$0.40", "2015-03-31": "$1.27", "2014-12-31": "$1.99", "2014-09-30": "$0.43", "2014-06-30": "$0.40", "2014-03-31": "$0.45", "2013-12-31": "$1.46", "2013-09-30": "$0.79", "2013-06-30": "$0.81", "2013-03-31": "$0.72", "2012-12-31": "$1.62", "2012-09-30": "$0.35", "2012-06-30": "$0.26", "2012-03-31": "$1.07", "2011-12-31": "$0.63", "2011-09-30": "$0.16", "2011-06-30": "$-0.23", "2011-03-31": "$0.10", "2010-12-31": "$0.25", "2010-09-30": "$0.02", "2010-06-30": "$0.03", "2010-03-31": "$0.03", "2009-12-31": "$-1.27", "2009-09-30": "$0.06", "2009-06-30": "$0.30", "2009-03-31": "$0.11", "2008-12-31": "$-0.60", "2008-09-30": "$1.30", "2008-06-30": "$0.31", "2008-03-31": "$0.27", "2007-12-31": "$1.37", "2007-09-30": "$0.20", "2007-06-30": "$0.71", "2007-03-31": "$0.22", "2006-12-31": "$0.53", "2006-09-30": "$2.07", "2006-06-30": "$0.61", "2006-03-31": "$0.75", "2005-12-31": "$-0.16", "2005-09-30": "$-0.05", "2005-06-30": "$0.39", "2005-03-31": "$3.40"}}, "shares-outstanding": {"Camden Property Trust Annual Shares Outstanding (Millions of Shares)": {"2020": "99", "2019": "99", "2018": "95", "2017": "93", "2016": "90", "2015": "89", "2014": "88", "2013": "88", "2012": "86", "2011": "73", "2010": "69", "2009": "62", "2008": "55", "2007": "59", "2006": "60", "2005": "56"}, "Camden Property Trust Quarterly Shares Outstanding (Millions of Shares)": {"2020-12-31": "100", "2020-09-30": "99", "2020-06-30": "99", "2020-03-31": "99", "2019-12-31": "99", "2019-09-30": "99", "2019-06-30": "99", "2019-03-31": "97", "2018-12-31": "95", "2018-09-30": "95", "2018-06-30": "95", "2018-03-31": "96", "2017-12-31": "93", "2017-09-30": "92", "2017-06-30": "91", "2017-03-31": "91", "2016-12-31": "90", "2016-09-30": "90", "2016-06-30": "90", "2016-03-31": "91", "2015-12-31": "89", "2015-09-30": "90", "2015-06-30": "90", "2015-03-31": "90", "2014-12-31": "88", "2014-09-30": "89", "2014-06-30": "89", "2014-03-31": "89", "2013-12-31": "88", "2013-09-30": "89", "2013-06-30": "88", "2013-03-31": "87", "2012-12-31": "86", "2012-09-30": "86", "2012-06-30": "84", "2012-03-31": "83", "2011-12-31": "73", "2011-09-30": "74", "2011-06-30": "72", "2011-03-31": "73", "2010-12-31": "69", "2010-09-30": "69", "2010-06-30": "68", "2010-03-31": "69", "2009-12-31": "62", "2009-09-30": "67", "2009-06-30": "61", "2009-03-31": "56", "2008-12-31": "55", "2008-09-30": "56", "2008-06-30": "56", "2008-03-31": "56", "2007-12-31": "59", "2007-09-30": "59", "2007-06-30": "60", "2007-03-31": "60", "2006-12-31": "60", "2006-09-30": "61", "2006-06-30": "57", "2006-03-31": "55", "2005-12-31": "56", "2005-09-30": "56", "2005-06-30": "56", "2005-03-31": "49"}}, "total-assets": {"Camden Property Trust Annual Total Assets (Millions of US $)": {"2019": "$6,749", "2018": "$6,220", "2017": "$6,174", "2016": "$6,028", "2015": "$6,038", "2014": "$6,044", "2013": "$5,632", "2012": "$5,385", "2011": "$4,622", "2010": "$4,700", "2009": "$4,608", "2008": "$4,730", "2007": "$4,891", "2006": "$4,586", "2005": "$4,488"}, "Camden Property Trust Quarterly Total Assets (Millions of US $)": {"2020-09-30": "$7,325", "2020-06-30": "$7,322", "2020-03-31": "$6,716", "2019-12-31": "$6,749", "2019-09-30": "$6,649", "2019-06-30": "$6,622", "2019-03-31": "$6,285", "2018-12-31": "$6,220", "2018-09-30": "$6,199", "2018-06-30": "$6,132", "2018-03-31": "$6,128", "2017-12-31": "$6,174", "2017-09-30": "$6,169", "2017-06-30": "$5,799", "2017-03-31": "$5,935", "2016-12-31": "$6,028", "2016-09-30": "$6,088", "2016-06-30": "$6,199", "2016-03-31": "$6,040", "2015-12-31": "$6,038", "2015-09-30": "$6,034", "2015-06-30": "$6,001", "2015-03-31": "$6,077", "2014-12-31": "$6,044", "2014-09-30": "$5,912", "2014-06-30": "$5,790", "2014-03-31": "$5,680", "2013-12-31": "$5,632", "2013-09-30": "$5,691", "2013-06-30": "$5,486", "2013-03-31": "$5,383", "2012-12-31": "$5,385", "2012-09-30": "$5,218", "2012-06-30": "$5,113", "2012-03-31": "$5,004", "2011-12-31": "$4,622", "2011-09-30": "$4,595", "2011-06-30": "$4,559", "2011-03-31": "$4,583", "2010-12-31": "$4,700", "2010-09-30": "$4,607", "2010-06-30": "$4,595", "2010-03-31": "$4,528", "2009-12-31": "$4,608", "2009-09-30": "$4,734", "2009-06-30": "$4,798", "2009-03-31": "$4,675", "2008-12-31": "$4,730", "2008-09-30": "$4,833", "2008-06-30": "$4,901", "2008-03-31": "$4,892", "2007-12-31": "$4,891", "2007-09-30": "$4,909", "2007-06-30": "$4,861", "2007-03-31": "$4,680", "2006-12-31": "$4,586", "2006-09-30": "$4,545", "2006-06-30": "$4,710", "2006-03-31": "$4,618", "2005-12-31": "$4,488", "2005-09-30": "$4,468", "2005-06-30": "$4,441", "2005-03-31": "$4,450"}}, "cash-on-hand": {"Camden Property Trust Annual Cash on Hand (Millions of US $)": {"2019": "$27", "2018": "$44", "2017": "$378", "2016": "$346", "2015": "$17", "2014": "$160", "2013": "$24", "2012": "$33", "2011": "$60", "2010": "$176", "2009": "$68", "2008": "$13", "2007": "$7", "2006": "$6", "2005": "$7"}, "Camden Property Trust Quarterly Cash on Hand (Millions of US $)": {"2020-09-30": "$594", "2020-06-30": "$606", "2020-03-31": "$27", "2019-12-31": "$27", "2019-09-30": "$163", "2019-06-30": "$155", "2019-03-31": "$12", "2018-12-31": "$44", "2018-09-30": "$19", "2018-06-30": "$74", "2018-03-31": "$116", "2017-12-31": "$378", "2017-09-30": "$359", "2017-06-30": "$25", "2017-03-31": "$254", "2016-12-31": "$346", "2016-09-30": "$422", "2016-06-30": "$363", "2016-03-31": "$12", "2015-12-31": "$17", "2015-09-30": "$17", "2015-06-30": "$22", "2015-03-31": "$179", "2014-12-31": "$160", "2014-09-30": "$72", "2014-06-30": "$21", "2014-03-31": "$22", "2013-12-31": "$24", "2013-09-30": "$66", "2013-06-30": "$13", "2013-03-31": "$65", "2012-12-31": "$33", "2012-09-30": "$12", "2012-06-30": "$57", "2012-03-31": "$55", "2011-12-31": "$60", "2011-09-30": "$61", "2011-06-30": "$68", "2011-03-31": "$104", "2010-12-31": "$176", "2010-09-30": "$96", "2010-06-30": "$132", "2010-03-31": "$32", "2009-12-31": "$68", "2009-09-30": "$86", "2009-06-30": "$163", "2009-03-31": "$12", "2008-12-31": "$13", "2008-09-30": "$34", "2008-06-30": "$6", "2008-03-31": "$6", "2007-12-31": "$7", "2007-09-30": "$7", "2007-06-30": "$23", "2007-03-31": "$7", "2006-12-31": "$6", "2006-09-30": "$14", "2006-06-30": "$55", "2006-03-31": "$7", "2005-12-31": "$7", "2005-09-30": "$7", "2005-06-30": "$13", "2005-03-31": "$12"}}, "long-term-debt": {"Camden Property Trust Annual Long Term Debt (Millions of US $)": {"2019": "$2,524", "2018": "$2,322", "2017": "$2,205", "2016": "$2,481", "2015": "$2,725", "2014": "$2,731", "2013": "$2,531", "2012": "$2,510", "2011": "$2,432", "2010": "$2,564", "2009": "$2,625", "2008": "$2,832", "2007": "$2,828", "2006": "$2,331", "2005": "$2,633"}, "Camden Property Trust Quarterly Long Term Debt (Millions of US $)": {"2020-09-30": "$3,226", "2020-06-30": "$3,225", "2020-03-31": "$2,607", "2019-12-31": "$2,524", "2019-09-30": "$2,477", "2019-06-30": "$2,477", "2019-03-31": "$2,125", "2018-12-31": "$2,322", "2018-09-30": "$2,260", "2018-06-30": "$2,205", "2018-03-31": "$2,205", "2017-12-31": "$2,205", "2017-09-30": "$2,204", "2017-06-30": "$2,304", "2017-03-31": "$2,450", "2016-12-31": "$2,481", "2016-09-30": "$2,481", "2016-06-30": "$2,481", "2016-03-31": "$2,766", "2015-12-31": "$2,725", "2015-09-30": "$2,715", "2015-06-30": "$2,675", "2015-03-31": "$2,743", "2014-12-31": "$2,731", "2014-09-30": "$2,744", "2014-06-30": "$2,700", "2014-03-31": "$2,590", "2013-12-31": "$2,531", "2013-09-30": "$2,665", "2013-06-30": "$2,524", "2013-03-31": "$2,484", "2012-12-31": "$2,510", "2012-09-30": "$2,394", "2012-06-30": "$2,396", "2012-03-31": "$2,431", "2011-12-31": "$2,432", "2011-09-30": "$2,433", "2011-06-30": "$2,434", "2011-03-31": "$2,475", "2010-12-31": "$2,564", "2010-09-30": "$2,542", "2010-06-30": "$2,572", "2010-03-31": "$2,571", "2009-12-31": "$2,625", "2009-09-30": "$2,622", "2009-06-30": "$2,698", "2009-03-31": "$2,832", "2008-12-31": "$2,832", "2008-09-30": "$2,824", "2008-06-30": "$2,939", "2008-03-31": "$2,911", "2007-12-31": "$2,828", "2007-09-30": "$2,764", "2007-06-30": "$2,631", "2007-03-31": "$2,467", "2006-12-31": "$2,331", "2006-09-30": "$2,280", "2006-06-30": "$2,561", "2006-03-31": "$2,742", "2005-12-31": "$2,633", "2005-09-30": "$2,565", "2005-06-30": "$2,533", "2005-03-31": "$2,576"}}, "total-liabilities": {"Camden Property Trust Annual Total Liabilities (Millions of US $)": {"2019": "$3,047", "2018": "$2,834", "2017": "$2,689", "2016": "$2,933", "2015": "$3,145", "2014": "$3,156", "2013": "$2,872", "2012": "$2,758", "2011": "$2,794", "2010": "$2,942", "2009": "$2,999", "2008": "$3,229", "2007": "$3,359", "2006": "$2,852", "2005": "$3,117"}, "Camden Property Trust Quarterly Total Liabilities (Millions of US $)": {"2020-09-30": "$3,759", "2020-06-30": "$3,711", "2020-03-31": "$3,044", "2019-12-31": "$3,047", "2019-09-30": "$2,991", "2019-06-30": "$2,933", "2019-03-31": "$2,559", "2018-12-31": "$2,834", "2018-09-30": "$2,785", "2018-06-30": "$2,703", "2018-03-31": "$2,666", "2017-12-31": "$2,689", "2017-09-30": "$2,702", "2017-06-30": "$2,757", "2017-03-31": "$2,864", "2016-12-31": "$2,933", "2016-09-30": "$2,967", "2016-06-30": "$2,927", "2016-03-31": "$3,176", "2015-12-31": "$3,145", "2015-09-30": "$3,138", "2015-06-30": "$3,082", "2015-03-31": "$3,137", "2014-12-31": "$3,156", "2014-09-30": "$3,160", "2014-06-30": "$3,075", "2014-03-31": "$2,941", "2013-12-31": "$2,872", "2013-09-30": "$3,013", "2013-06-30": "$2,781", "2013-03-31": "$2,733", "2012-12-31": "$2,758", "2012-09-30": "$2,685", "2012-06-30": "$2,648", "2012-03-31": "$2,692", "2011-12-31": "$2,794", "2011-09-30": "$2,817", "2011-06-30": "$2,801", "2011-03-31": "$2,844", "2010-12-31": "$2,942", "2010-09-30": "$2,942", "2010-06-30": "$2,933", "2010-03-31": "$2,927", "2009-12-31": "$2,999", "2009-09-30": "$3,019", "2009-06-30": "$3,057", "2009-03-31": "$3,203", "2008-12-31": "$3,229", "2008-09-30": "$3,319", "2008-06-30": "$3,423", "2008-03-31": "$3,413", "2007-12-31": "$3,359", "2007-09-30": "$3,291", "2007-06-30": "$3,165", "2007-03-31": "$2,959", "2006-12-31": "$2,852", "2006-09-30": "$2,811", "2006-06-30": "$3,067", "2006-03-31": "$3,236", "2005-12-31": "$3,117", "2005-09-30": "$3,079", "2005-06-30": "$3,020", "2005-03-31": "$3,024"}}, "total-share-holder-equity": {"Camden Property Trust Annual Share Holder Equity (Millions of US $)": {"2019": "$3,702", "2018": "$3,385", "2017": "$3,485", "2016": "$3,096", "2015": "$2,893", "2014": "$2,888", "2013": "$2,760", "2012": "$2,627", "2011": "$1,828", "2010": "$1,757", "2009": "$1,609", "2008": "$1,501", "2007": "$1,531", "2006": "$1,734", "2005": "$1,371"}, "Camden Property Trust Quarterly Share Holder Equity (Millions of US $)": {"2020-09-30": "$3,566", "2020-06-30": "$3,611", "2020-03-31": "$3,671", "2019-12-31": "$3,702", "2019-09-30": "$3,658", "2019-06-30": "$3,689", "2019-03-31": "$3,726", "2018-12-31": "$3,385", "2018-09-30": "$3,414", "2018-06-30": "$3,429", "2018-03-31": "$3,462", "2017-12-31": "$3,485", "2017-09-30": "$3,467", "2017-06-30": "$3,041", "2017-03-31": "$3,072", "2016-12-31": "$3,096", "2016-09-30": "$3,121", "2016-06-30": "$3,272", "2016-03-31": "$2,864", "2015-12-31": "$2,893", "2015-09-30": "$2,896", "2015-06-30": "$2,919", "2015-03-31": "$2,940", "2014-12-31": "$2,888", "2014-09-30": "$2,752", "2014-06-30": "$2,715", "2014-03-31": "$2,739", "2013-12-31": "$2,760", "2013-09-30": "$2,678", "2013-06-30": "$2,705", "2013-03-31": "$2,650", "2012-12-31": "$2,627", "2012-09-30": "$2,533", "2012-06-30": "$2,465", "2012-03-31": "$2,312", "2011-12-31": "$1,828", "2011-09-30": "$1,778", "2011-06-30": "$1,758", "2011-03-31": "$1,739", "2010-12-31": "$1,757", "2010-09-30": "$1,665", "2010-06-30": "$1,662", "2010-03-31": "$1,601", "2009-12-31": "$1,609", "2009-09-30": "$1,715", "2009-06-30": "$1,741", "2009-03-31": "$1,472", "2008-12-31": "$1,501", "2008-09-30": "$1,514", "2008-06-30": "$1,479", "2008-03-31": "$1,479", "2007-12-31": "$1,531", "2007-09-30": "$1,617", "2007-06-30": "$1,696", "2007-03-31": "$1,720", "2006-12-31": "$1,734", "2006-09-30": "$1,734", "2006-06-30": "$1,643", "2006-03-31": "$1,382", "2005-12-31": "$1,371", "2005-09-30": "$1,389", "2005-06-30": "$1,421", "2005-03-31": "$1,426"}}, "profit-margins": {"current": "11.87%"}, "gross margin": {"2020-12-31": "61.53%", "2020-09-30": "62.52%", "2020-06-30": "63.02%", "2020-03-31": "64.05%", "2019-12-31": "63.75%", "2019-09-30": "63.40%", "2019-06-30": "62.70%", "2019-03-31": "62.59%", "2018-12-31": "63.35%", "2018-09-30": "63.40%", "2018-06-30": "62.85%", "2018-03-31": "62.83%", "2017-12-31": "62.04%", "2017-09-30": "62.27%", "2017-06-30": "62.84%", "2017-03-31": "62.07%", "2016-12-31": "62.21%", "2016-09-30": "62.01%", "2016-06-30": "61.82%", "2016-03-31": "61.97%", "2015-12-31": "61.84%", "2015-09-30": "60.97%", "2015-06-30": "61.10%", "2015-03-31": "60.94%", "2014-12-31": "61.14%", "2014-09-30": "61.85%", "2014-06-30": "61.98%", "2014-03-31": "61.86%", "2013-12-31": "62.36%", "2013-09-30": "62.38%", "2013-06-30": "62.14%", "2013-03-31": "62.73%", "2012-12-31": "62.52%", "2012-09-30": "62.64%", "2012-06-30": "62.84%", "2012-03-31": "62.36%", "2011-12-31": "61.77%", "2011-09-30": "61.41%", "2011-06-30": "61.09%", "2011-03-31": "60.59%", "2010-12-31": "60.32%", "2010-09-30": "59.86%", "2010-06-30": "59.76%", "2010-03-31": "60.10%", "2009-12-31": "60.63%", "2009-09-30": "60.59%", "2009-06-30": "60.68%", "2009-03-31": "61.17%", "2008-12-31": "61.60%", "2008-09-30": "62.21%", "2008-06-30": "62.71%", "2008-03-31": "63.01%", "2007-12-31": "62.99%", "2007-09-30": "62.98%", "2007-06-30": "62.74%", "2007-03-31": "62.59%", "2006-12-31": "62.46%", "2006-09-30": "62.06%", "2006-06-30": "62.25%", "2006-03-31": "62.04%", "2005-12-31": "61.51%"}, "operating margin": {"2020-12-31": "15.12%", "2020-09-30": "15.11%", "2020-06-30": "16.14%", "2020-03-31": "18.83%", "2019-12-31": "21.38%", "2019-09-30": "24.43%", "2019-06-30": "24.40%", "2019-03-31": "24.97%", "2018-12-31": "24.61%", "2018-09-30": "23.62%", "2018-06-30": "23.54%", "2018-03-31": "23.79%", "2017-12-31": "23.53%", "2017-09-30": "24.66%", "2017-06-30": "25.57%", "2017-03-31": "25.97%", "2016-12-31": "26.48%", "2016-09-30": "26.20%", "2016-06-30": "26.53%", "2016-03-31": "26.53%", "2015-12-31": "26.32%", "2015-09-30": "24.49%", "2015-06-30": "24.49%", "2015-03-31": "24.94%", "2014-12-31": "25.32%", "2014-09-30": "27.68%", "2014-06-30": "27.63%", "2014-03-31": "27.33%", "2013-12-31": "26.87%", "2013-09-30": "24.24%", "2013-06-30": "24.29%", "2013-03-31": "23.92%", "2012-12-31": "24.75%", "2012-09-30": "25.74%", "2012-06-30": "25.84%", "2012-03-31": "24.88%", "2011-12-31": "21.54%", "2011-09-30": "20.97%", "2011-06-30": "18.09%", "2011-03-31": "18.75%", "2010-12-31": "19.22%", "2010-09-30": "19.73%", "2010-06-30": "19.86%", "2010-03-31": "18.18%", "2009-12-31": "20.27%", "2009-09-30": "26.71%", "2009-06-30": "26.86%", "2009-03-31": "28.64%", "2008-12-31": "29.90%", "2008-09-30": "24.59%", "2008-06-30": "26.76%", "2008-03-31": "26.52%", "2007-12-31": "24.79%", "2007-09-30": "23.51%", "2007-06-30": "21.79%", "2007-03-31": "21.28%", "2006-12-31": "22.06%", "2006-09-30": "26.24%", "2006-06-30": "25.59%", "2006-03-31": "24.63%", "2005-12-31": "23.21%"}, "ebitda margin": {"2020-09-30": "49.52%", "2020-06-30": "50.24%", "2020-03-31": "52.10%", "2019-12-31": "54.03%", "2019-09-30": "57.07%", "2019-06-30": "56.65%", "2019-03-31": "56.94%", "2018-12-31": "56.23%", "2018-09-30": "54.68%", "2018-06-30": "54.10%", "2018-03-31": "53.62%", "2017-12-31": "52.83%", "2017-09-30": "53.72%", "2017-06-30": "54.43%", "2017-03-31": "54.67%", "2016-12-31": "55.14%", "2016-09-30": "54.69%", "2016-06-30": "55.13%", "2016-03-31": "55.28%", "2015-12-31": "55.14%", "2015-09-30": "53.19%", "2015-06-30": "52.93%", "2015-03-31": "53.18%", "2014-12-31": "53.42%", "2014-09-30": "55.60%", "2014-06-30": "55.50%", "2014-03-31": "55.16%", "2013-12-31": "54.75%", "2013-09-30": "53.25%", "2013-06-30": "53.73%", "2013-03-31": "53.96%", "2012-12-31": "55.36%", "2012-09-30": "57.83%", "2012-06-30": "57.58%", "2012-03-31": "56.30%", "2011-12-31": "52.92%", "2011-09-30": "52.52%", "2011-06-30": "50.00%", "2011-03-31": "50.52%", "2010-12-31": "50.79%", "2010-09-30": "50.00%", "2010-06-30": "49.75%", "2010-03-31": "47.98%", "2009-12-31": "49.67%", "2009-09-30": "55.21%", "2009-06-30": "55.18%", "2009-03-31": "56.80%", "2008-12-31": "58.01%", "2008-09-30": "51.49%", "2008-06-30": "54.18%", "2008-03-31": "53.89%", "2007-12-31": "52.29%", "2007-09-30": "51.93%", "2007-06-30": "50.09%", "2007-03-31": "50.35%", "2006-12-31": "51.07%", "2006-09-30": "55.85%", "2006-06-30": "56.62%", "2006-03-31": "57.04%", "2005-12-31": "57.74%"}, "pre tax profit margin": {"2020-12-31": "12.54%", "2020-09-30": "18.83%", "2020-06-30": "19.69%", "2020-03-31": "22.08%", "2019-12-31": "21.96%", "2019-09-30": "16.82%", "2019-06-30": "16.63%", "2019-03-31": "16.55%", "2018-12-31": "16.96%", "2018-09-30": "22.34%", "2018-06-30": "22.25%", "2018-03-31": "22.59%", "2017-12-31": "22.31%", "2017-09-30": "17.34%", "2017-06-30": "47.95%", "2017-03-31": "51.82%", "2016-12-31": "52.17%", "2016-09-30": "54.00%", "2016-06-30": "23.30%", "2016-03-31": "19.01%", "2015-12-31": "28.83%", "2015-09-30": "44.77%", "2015-06-30": "45.54%", "2015-03-31": "45.93%", "2014-12-31": "36.20%", "2014-09-30": "19.49%", "2014-06-30": "19.32%", "2014-03-31": "20.99%", "2013-12-31": "19.90%", "2013-09-30": "22.52%", "2013-06-30": "21.98%", "2013-03-31": "18.78%", "2012-12-31": "23.32%", "2012-09-30": "18.29%", "2012-06-30": "16.59%", "2012-03-31": "11.13%", "2011-12-31": "3.34%", "2011-09-30": "1.34%", "2011-06-30": "-0.51%", "2011-03-31": "2.78%", "2010-12-31": "1.59%", "2010-09-30": "-12.76%", "2010-06-30": "-12.22%", "2010-03-31": "-12.29%", "2009-12-31": "-11.30%", "2009-09-30": "-2.93%", "2009-06-30": "-2.27%", "2009-03-31": "-1.13%", "2008-12-31": "-0.98%", "2008-09-30": "8.09%", "2008-06-30": "8.03%", "2008-03-31": "8.78%", "2007-12-31": "9.51%", "2007-09-30": "7.02%", "2007-06-30": "22.14%", "2007-03-31": "21.28%", "2006-12-31": "21.17%", "2006-09-30": "21.63%", "2006-06-30": "4.17%", "2006-03-31": "2.59%", "2005-12-31": "30.16%"}, "net profit margin": {"2020-12-31": "11.77%", "2020-09-30": "18.07%", "2020-06-30": "19.02%", "2020-03-31": "21.41%", "2019-12-31": "21.38%", "2019-09-30": "16.22%", "2019-06-30": "16.03%", "2019-03-31": "16.03%", "2018-12-31": "16.34%", "2018-09-30": "21.81%", "2018-06-30": "21.60%", "2018-03-31": "21.93%", "2017-12-31": "21.75%", "2017-09-30": "16.78%", "2017-06-30": "46.14%", "2017-03-31": "92.60%", "2016-12-31": "93.61%", "2016-09-30": "96.11%", "2016-06-30": "67.59%", "2016-03-31": "20.66%", "2015-12-31": "29.90%", "2015-09-30": "46.81%", "2015-06-30": "46.94%", "2015-03-31": "46.69%", "2014-12-31": "36.84%", "2014-09-30": "29.24%", "2014-06-30": "33.74%", "2014-03-31": "38.88%", "2013-12-31": "42.59%", "2013-09-30": "46.36%", "2013-06-30": "41.93%", "2013-03-31": "36.02%", "2012-12-31": "40.63%", "2012-09-30": "28.99%", "2012-06-30": "26.95%", "2012-03-31": "21.28%", "2011-12-31": "8.18%", "2011-09-30": "3.19%", "2011-06-30": "1.54%", "2011-03-31": "4.86%", "2010-12-31": "4.06%", "2010-09-30": "-12.41%", "2010-06-30": "-12.05%", "2010-03-31": "-9.26%", "2009-12-31": "-8.47%", "2009-09-30": "-1.14%", "2009-06-30": "10.19%", "2009-03-31": "10.03%", "2008-12-31": "11.60%", "2008-09-30": "30.86%", "2008-06-30": "20.90%", "2008-03-31": "25.51%", "2007-12-31": "25.30%", "2007-09-30": "17.37%", "2007-06-30": "37.26%", "2007-03-31": "36.17%", "2006-12-31": "41.28%", "2006-09-30": "37.94%", "2006-06-30": "15.79%", "2006-03-31": "13.70%", "2005-12-31": "39.68%"}, "pe ratio": {"current": "20.78", "2021-02-05": "107.16", "2020-12-31": "105.18", "2020-09-30": "46.44", "2020-06-30": "45.04", "2020-03-31": "34.28", "2019-12-31": "46.07", "2019-09-30": "63.21", "2019-06-30": "60.46", "2019-03-31": "59.42", "2018-12-31": "50.83", "2018-09-30": "40.93", "2018-06-30": "39.91", "2018-03-31": "36.04", "2017-12-31": "39.61", "2017-09-30": "49.98", "2017-06-30": "17.01", "2017-03-31": "7.91", "2016-12-31": "8.12", "2016-09-30": "7.82", "2016-06-30": "11.17", "2016-03-31": "35.08", "2015-12-31": "22.39", "2015-09-30": "14.46", "2015-06-30": "14.33", "2015-03-31": "14.93", "2014-12-31": "17.50", "2014-09-30": "19.15", "2014-06-30": "17.35", "2014-03-31": "14.37", "2013-12-31": "11.16", "2013-09-30": "11.50", "2013-06-30": "14.47", "2013-03-31": "16.92", "2012-12-31": "14.87", "2012-09-30": "19.89", "2012-06-30": "22.55", "2012-03-31": "28.30", "2011-12-31": "66.18", "2011-09-30": "140.27", "2011-06-30": "332.47", "2011-03-31": "98.22", "2010-12-31": "112.73", "2010-09-30": "0.00", "2010-06-30": "0.00", "2010-03-31": "0.00", "2009-12-31": "0.00", "2009-09-30": "0.00", "2009-06-30": "15.91", "2009-03-31": "12.13", "2008-12-31": "14.91", "2008-09-30": "8.10", "2008-06-30": "11.61", "2008-03-31": "10.96", "2007-12-31": "10.58", "2007-09-30": "21.28", "2007-06-30": "10.32", "2007-03-31": "11.04", "2006-12-31": "9.94"}, "price sales": {"2021-02-05": "9.70", "2020-12-31": "9.52", "2020-09-30": "8.39", "2020-06-30": "8.55", "2020-03-31": "7.32", "2019-12-31": "9.81", "2019-09-30": "10.27", "2019-06-30": "9.68", "2019-03-31": "9.42", "2018-12-31": "8.24", "2018-09-30": "8.76", "2018-06-30": "8.51", "2018-03-31": "7.82", "2017-12-31": "8.46", "2017-09-30": "8.40", "2017-06-30": "7.81", "2017-03-31": "7.28", "2016-12-31": "7.54", "2016-09-30": "7.45", "2016-06-30": "7.48", "2016-03-31": "7.19", "2015-12-31": "6.63", "2015-09-30": "6.73", "2015-06-30": "6.69", "2015-03-31": "6.92", "2014-12-31": "6.42", "2014-09-30": "5.61", "2014-06-30": "5.85", "2014-03-31": "5.57", "2013-12-31": "4.73", "2013-09-30": "5.25", "2013-06-30": "5.95", "2013-03-31": "5.92", "2012-12-31": "5.91", "2012-09-30": "5.83", "2012-06-30": "5.98", "2012-03-31": "5.68", "2011-12-31": "5.25", "2011-09-30": "4.59", "2011-06-30": "5.23", "2011-03-31": "4.64", "2010-12-31": "4.38", "2010-09-30": "3.64", "2010-06-30": "3.03", "2010-03-31": "2.95", "2009-12-31": "2.77", "2009-09-30": "2.48", "2009-06-30": "1.60", "2009-03-31": "1.21", "2008-12-31": "1.71", "2008-09-30": "2.50", "2008-06-30": "2.44", "2008-03-31": "2.80", "2007-12-31": "2.72", "2007-09-30": "3.70", "2007-06-30": "3.86", "2007-03-31": "3.99", "2006-12-31": "4.08"}, "price book": {"current": "2.78", "2021-02-05": "3.05", "2020-09-30": "2.64", "2020-06-30": "2.65", "2020-03-31": "2.25", "2019-12-31": "2.95", "2019-09-30": "3.09", "2019-06-30": "2.86", "2019-03-31": "2.73", "2018-12-31": "2.51", "2018-09-30": "2.62", "2018-06-30": "2.51", "2018-03-31": "2.28", "2017-12-31": "2.45", "2017-09-30": "2.43", "2017-06-30": "2.44", "2017-03-31": "2.26", "2016-12-31": "2.32", "2016-09-30": "2.27", "2016-06-30": "2.16", "2016-03-31": "2.32", "2015-12-31": "2.08", "2015-09-30": "1.98", "2015-06-30": "1.95", "2015-03-31": "2.02", "2014-12-31": "1.93", "2014-09-30": "1.86", "2014-06-30": "1.92", "2014-03-31": "1.78", "2013-12-31": "1.48", "2013-09-30": "1.63", "2013-06-30": "1.80", "2013-03-31": "1.80", "2012-12-31": "1.79", "2012-09-30": "1.73", "2012-06-30": "1.82", "2012-03-31": "1.82", "2011-12-31": "1.99", "2011-09-30": "1.79", "2011-06-30": "2.05", "2011-03-31": "1.82", "2010-12-31": "1.69", "2010-09-30": "1.53", "2010-06-30": "1.29", "2010-03-31": "1.31", "2009-12-31": "1.30", "2009-09-30": "1.15", "2009-06-30": "0.77", "2009-03-31": "0.00", "2008-12-31": "0.83", "2008-09-30": "0.00", "2008-06-30": "0.00", "2008-03-31": "0.00", "2007-12-31": "1.15", "2007-09-30": "0.00", "2007-06-30": "0.00", "2007-03-31": "0.00", "2006-12-31": "1.48", "2006-09-30": "0.00", "2006-06-30": "0.00", "2006-03-31": "0.00"}, "price fcf": {"2021-02-05": "", "2020-09-30": "$0.06", "2020-06-30": "$0.34", "2020-03-31": "$-1.36", "2019-12-31": "$-2.22", "2019-09-30": "$-0.65", "2019-06-30": "$-1.90", "2019-03-31": "$-0.31", "2018-12-31": "$-1.41", "2018-09-30": "$-0.77", "2018-06-30": "$0.14", "2018-03-31": "$-0.39", "2017-12-31": "$1.67", "2017-09-30": "$0.64", "2017-06-30": "$5.64", "2017-03-31": "$6.65", "2016-12-31": "$6.82", "2016-09-30": "$7.40", "2016-06-30": "$2.08", "2016-03-31": "$1.01", "2015-12-31": "$1.75", "2015-09-30": "$2.69", "2015-06-30": "$2.59", "2015-03-31": "$2.23", "2014-12-31": "$1.09", "2014-09-30": "$-2.42", "2014-06-30": "$-2.88", "2014-03-31": "$-3.13", "2013-12-31": "$-1.93", "2013-09-30": "$-2.66", "2013-06-30": "$-3.38", "2013-03-31": "$-3.64", "2012-12-31": "$-5.05", "2012-09-30": "$-2.22", "2012-06-30": "$-1.30", "2012-03-31": "$0.26", "2011-12-31": "$1.01", "2011-09-30": "$2.76", "2011-06-30": "$3.68", "2011-03-31": "$3.82", "2010-12-31": "$3.84", "2010-09-30": "$2.35", "2010-06-30": "$2.21", "2010-03-31": "$2.64", "2009-12-31": "$2.77", "2009-09-30": "$2.57", "2009-06-30": "$5.03", "2009-03-31": "$4.26", "2008-12-31": "$3.50", "2008-09-30": "$4.78", "2008-06-30": "$0.91", "2008-03-31": "$-0.61", "2007-12-31": "$-1.79", "2007-09-30": "$-3.37", "2007-06-30": "$1.28", "2007-03-31": "$2.72", "2006-12-31": "$3.07"}, "net worth": {"value": "$9.91B"}, "current ratio": {"2020-12-31": "1.84", "2020-09-30": "2.27", "2020-06-30": "2.73", "2020-03-31": "0.25", "2019-12-31": "0.22", "2019-09-30": "0.76", "2019-06-30": "0.94", "2019-03-31": "0.21", "2018-12-31": "0.33", "2018-09-30": "0.20", "2018-06-30": "0.54", "2018-03-31": "0.92", "2017-12-31": "2.24", "2017-09-30": "1.94", "2017-06-30": "0.29", "2017-03-31": "1.92", "2016-12-31": "1.98", "2016-09-30": "2.13", "2016-06-30": "2.06", "2016-03-31": "0.22", "2015-12-31": "0.23", "2015-09-30": "0.22", "2015-06-30": "0.28", "2015-03-31": "1.30", "2014-12-31": "0.95", "2014-09-30": "0.49", "2014-06-30": "0.30", "2014-03-31": "0.33", "2013-12-31": "0.35", "2013-09-30": "0.53", "2013-06-30": "0.29", "2013-03-31": "0.75", "2012-12-31": "0.51", "2012-09-30": "0.25", "2012-06-30": "0.74", "2012-03-31": "0.69", "2011-12-31": "0.79", "2011-09-30": "0.69", "2011-06-30": "0.93", "2011-03-31": "1.36", "2010-12-31": "2.03", "2010-09-30": "1.19", "2010-06-30": "2.20", "2010-03-31": "1.28", "2009-12-31": "1.53", "2009-09-30": "1.46", "2009-06-30": "2.66", "2009-03-31": "1.15", "2008-12-31": "1.10", "2008-09-30": "1.09", "2008-06-30": "0.97", "2008-03-31": "0.95", "2007-12-31": "0.79", "2007-09-30": "0.67", "2007-06-30": "0.73", "2007-03-31": "0.77", "2006-12-31": "0.58", "2006-09-30": "0.51", "2006-06-30": "0.81", "2006-03-31": "0.57", "2005-12-31": "0.49", "2005-09-30": "0.31", "2005-06-30": "0.41", "2005-03-31": "0.44"}, "quick ratio": {"2020-12-31": "0.00", "2020-09-30": "0.00", "2020-06-30": "0.00", "2020-03-31": "0.00", "2019-12-31": "0.00", "2019-09-30": "0.00", "2019-06-30": "0.00", "2019-03-31": "0.00", "2018-12-31": "0.00", "2018-09-30": "0.00", "2018-06-30": "0.00", "2018-03-31": "0.00", "2017-12-31": "0.00", "2017-09-30": "0.00", "2017-06-30": "0.00", "2017-03-31": "0.00", "2016-12-31": "0.00", "2016-09-30": "0.00", "2016-06-30": "0.00", "2016-03-31": "0.00", "2015-12-31": "0.00", "2015-09-30": "0.00", "2015-06-30": "0.00", "2015-03-31": "0.00", "2014-12-31": "0.00", "2014-09-30": "0.00", "2014-06-30": "0.00", "2014-03-31": "0.00", "2013-12-31": "0.00", "2013-09-30": "0.00", "2013-06-30": "0.00", "2013-03-31": "0.00", "2012-12-31": "0.00", "2012-09-30": "0.00", "2012-06-30": "0.00", "2012-03-31": "0.00", "2011-12-31": "0.00", "2011-09-30": "0.00", "2011-06-30": "0.00", "2011-03-31": "0.00", "2010-12-31": "0.00", "2010-09-30": "0.00", "2010-06-30": "0.00", "2010-03-31": "0.00", "2009-12-31": "0.00", "2009-09-30": "0.00", "2009-06-30": "0.00", "2009-03-31": "0.00", "2008-12-31": "0.00", "2008-09-30": "0.00", "2008-06-30": "0.00", "2008-03-31": "0.00", "2007-12-31": "0.00", "2007-09-30": "0.00", "2007-06-30": "0.00", "2007-03-31": "0.00", "2006-12-31": "0.00", "2006-09-30": "0.00", "2006-06-30": "0.00", "2006-03-31": "0.00", "2005-12-31": "0.00", "2005-09-30": "0.00", "2005-06-30": "0.00", "2005-03-31": "0.00"}, "debt equity ratio": {"current": "0.90", "2020-12-31": "1.05", "2020-09-30": "1.05", "2020-06-30": "1.03", "2020-03-31": "0.83", "2019-12-31": "0.82", "2019-09-30": "0.82", "2019-06-30": "0.80", "2019-03-31": "0.69", "2018-12-31": "0.84", "2018-09-30": "0.82", "2018-06-30": "0.79", "2018-03-31": "0.77", "2017-12-31": "0.77", "2017-09-30": "0.78", "2017-06-30": "0.91", "2017-03-31": "0.93", "2016-12-31": "0.95", "2016-09-30": "0.95", "2016-06-30": "0.89", "2016-03-31": "1.11", "2015-12-31": "1.09", "2015-09-30": "1.08", "2015-06-30": "1.06", "2015-03-31": "1.07", "2014-12-31": "1.09", "2014-09-30": "1.15", "2014-06-30": "1.13", "2014-03-31": "1.07", "2013-12-31": "1.04", "2013-09-30": "1.13", "2013-06-30": "1.03", "2013-03-31": "1.03", "2012-12-31": "1.05", "2012-09-30": "1.06", "2012-06-30": "1.07", "2012-03-31": "1.17", "2011-12-31": "1.53", "2011-09-30": "1.58", "2011-06-30": "1.59", "2011-03-31": "1.64", "2010-12-31": "1.67", "2010-09-30": "1.77", "2010-06-30": "1.77", "2010-03-31": "1.83", "2009-12-31": "1.86", "2009-09-30": "1.76", "2009-06-30": "1.76", "2009-03-31": "2.18", "2008-12-31": "2.15", "2008-09-30": "2.19", "2008-06-30": "2.32", "2008-03-31": "2.31", "2007-12-31": "2.19", "2007-09-30": "2.04", "2007-06-30": "1.87", "2007-03-31": "1.72", "2006-12-31": "1.64", "2006-09-30": "1.62", "2006-06-30": "1.87", "2006-03-31": "2.34", "2005-12-31": "2.27", "2005-09-30": "2.22", "2005-06-30": "2.13", "2005-03-31": "2.12"}, "return on equity": {"2020-12-31": "3.42%", "2020-09-30": "5.20%", "2020-06-30": "5.41%", "2020-03-31": "6.09%", "2019-12-31": "5.96%", "2019-09-30": "4.54%", "2019-06-30": "4.47%", "2019-03-31": "4.47%", "2018-12-31": "4.56%", "2018-09-30": "5.95%", "2018-06-30": "5.78%", "2018-03-31": "5.95%", "2017-12-31": "6.00%", "2017-09-30": "4.70%", "2017-06-30": "13.17%", "2017-03-31": "25.89%", "2016-12-31": "26.55%", "2016-09-30": "27.65%", "2016-06-30": "19.66%", "2016-03-31": "6.08%", "2015-12-31": "8.59%", "2015-09-30": "12.61%", "2015-06-30": "12.80%", "2015-03-31": "13.00%", "2014-12-31": "10.49%", "2014-09-30": "8.86%", "2014-06-30": "10.14%", "2014-03-31": "11.51%", "2013-12-31": "12.45%", "2013-09-30": "13.13%", "2013-06-30": "11.75%", "2013-03-31": "10.08%", "2012-12-31": "11.43%", "2012-09-30": "8.19%", "2012-06-30": "8.06%", "2012-03-31": "6.77%", "2011-12-31": "2.76%", "2011-09-30": "1.08%", "2011-06-30": "0.52%", "2011-03-31": "1.64%", "2010-12-31": "1.38%", "2010-09-30": "-4.47%", "2010-06-30": "-4.31%", "2010-03-31": "-3.30%", "2009-12-31": "-3.12%", "2009-09-30": "-0.44%", "2009-06-30": "4.05%", "2009-03-31": "4.16%", "2008-12-31": "4.75%", "2008-09-30": "12.46%", "2008-06-30": "8.19%", "2008-03-31": "9.55%", "2007-12-31": "9.08%", "2007-09-30": "5.85%", "2007-06-30": "12.32%", "2007-03-31": "11.95%", "2006-12-31": "14.29%", "2006-09-30": "13.96%", "2006-06-30": "6.02%", "2006-03-31": "5.32%", "2005-12-31": "14.27%"}, "return on assets": {"2020-12-31": "1.72%", "2020-09-30": "2.69%", "2020-06-30": "2.89%", "2020-03-31": "3.35%", "2019-12-31": "3.35%", "2019-09-30": "2.55%", "2019-06-30": "2.51%", "2019-03-31": "2.51%", "2018-12-31": "2.53%", "2018-09-30": "3.33%", "2018-06-30": "3.25%", "2018-03-31": "3.30%", "2017-12-31": "3.26%", "2017-09-30": "2.49%", "2017-06-30": "6.81%", "2017-03-31": "13.41%", "2016-12-31": "13.47%", "2016-09-30": "13.79%", "2016-06-30": "9.64%", "2016-03-31": "2.92%", "2015-12-31": "4.14%", "2015-09-30": "6.08%", "2015-06-30": "6.12%", "2015-03-31": "6.16%", "2014-12-31": "4.97%", "2014-09-30": "4.22%", "2014-06-30": "4.84%", "2014-03-31": "5.57%", "2013-12-31": "6.06%", "2013-09-30": "6.38%", "2013-06-30": "5.76%", "2013-03-31": "4.91%", "2012-12-31": "5.48%", "2012-09-30": "3.75%", "2012-06-30": "3.50%", "2012-03-31": "2.77%", "2011-12-31": "1.07%", "2011-09-30": "0.41%", "2011-06-30": "0.20%", "2011-03-31": "0.61%", "2010-12-31": "0.50%", "2010-09-30": "-1.59%", "2010-06-30": "-1.54%", "2010-03-31": "-1.18%", "2009-12-31": "-1.08%", "2009-09-30": "-0.15%", "2009-06-30": "1.32%", "2009-03-31": "1.30%", "2008-12-31": "1.47%", "2008-09-30": "3.83%", "2008-06-30": "2.55%", "2008-03-31": "3.09%", "2007-12-31": "3.08%", "2007-09-30": "2.08%", "2007-06-30": "4.54%", "2007-03-31": "4.41%", "2006-12-31": "5.03%", "2006-09-30": "4.66%", "2006-06-30": "1.90%", "2006-03-31": "1.64%", "2005-12-31": "4.48%"}, "return on investments": {"2020-12-31": "2.38%", "2020-09-30": "2.42%", "2020-06-30": "2.64%", "2020-03-31": "3.18%", "2019-12-31": "3.61%", "2019-09-30": "4.14%", "2019-06-30": "4.14%", "2019-03-31": "4.25%", "2018-12-31": "4.14%", "2018-09-30": "3.92%", "2018-06-30": "3.85%", "2018-03-31": "3.88%", "2017-12-31": "3.82%", "2017-09-30": "3.96%", "2017-06-30": "4.08%", "2017-03-31": "4.06%", "2016-12-31": "4.11%", "2016-09-30": "4.05%", "2016-06-30": "4.07%", "2016-03-31": "4.03%", "2015-12-31": "3.91%", "2015-09-30": "3.41%", "2015-06-30": "3.43%", "2015-03-31": "3.53%", "2014-12-31": "3.66%", "2014-09-30": "4.27%", "2014-06-30": "4.23%", "2014-03-31": "4.15%", "2013-12-31": "4.04%", "2013-09-30": "3.51%", "2013-06-30": "3.51%", "2013-03-31": "3.43%", "2012-12-31": "3.52%", "2012-09-30": "3.53%", "2012-06-30": "3.59%", "2012-03-31": "3.49%", "2011-12-31": "3.06%", "2011-09-30": "2.95%", "2011-06-30": "2.50%", "2011-03-31": "2.54%", "2010-12-31": "2.57%", "2010-09-30": "2.75%", "2010-06-30": "2.76%", "2010-03-31": "2.51%", "2009-12-31": "2.82%", "2009-09-30": "3.77%", "2009-06-30": "3.81%", "2009-03-31": "4.07%", "2008-12-31": "4.19%", "2008-09-30": "3.40%", "2008-06-30": "3.65%", "2008-03-31": "3.60%", "2007-12-31": "3.38%", "2007-09-30": "3.16%", "2007-06-30": "2.99%", "2007-03-31": "2.91%", "2006-12-31": "3.02%", "2006-09-30": "3.62%", "2006-06-30": "3.46%", "2006-03-31": "3.32%", "2005-12-31": "2.94%"}, "return on tangible equity": {"2020-09-30": "5.20%", "2020-06-30": "5.41%", "2020-03-31": "6.09%", "2019-12-31": "5.96%", "2019-09-30": "4.54%", "2019-06-30": "4.47%", "2019-03-31": "4.47%", "2018-12-31": "4.56%", "2018-09-30": "5.95%", "2018-06-30": "5.78%", "2018-03-31": "5.95%", "2017-12-31": "6.00%", "2017-09-30": "4.70%", "2017-06-30": "13.17%", "2017-03-31": "25.89%", "2016-12-31": "26.55%", "2016-09-30": "27.65%", "2016-06-30": "19.66%", "2016-03-31": "6.08%", "2015-12-31": "8.59%", "2015-09-30": "12.61%", "2015-06-30": "12.80%", "2015-03-31": "13.00%", "2014-12-31": "10.49%", "2014-09-30": "8.86%", "2014-06-30": "10.14%", "2014-03-31": "11.51%", "2013-12-31": "12.45%", "2013-09-30": "13.13%", "2013-06-30": "11.75%", "2013-03-31": "10.08%", "2012-12-31": "11.43%", "2012-09-30": "8.19%", "2012-06-30": "8.06%", "2012-03-31": "6.77%", "2011-12-31": "2.76%", "2011-09-30": "1.08%", "2011-06-30": "0.52%", "2011-03-31": "1.64%", "2010-12-31": "1.38%", "2010-09-30": "-4.47%", "2010-06-30": "-4.31%", "2010-03-31": "-3.30%", "2009-12-31": "-3.12%", "2009-09-30": "-0.44%", "2009-06-30": "4.05%", "2009-03-31": "4.16%", "2008-12-31": "4.75%", "2008-09-30": "12.46%", "2008-06-30": "8.19%", "2008-03-31": "9.55%", "2007-12-31": "9.08%", "2007-09-30": "5.85%", "2007-06-30": "12.32%", "2007-03-31": "11.95%", "2006-12-31": "14.29%", "2006-09-30": "13.96%", "2006-06-30": "6.02%", "2006-03-31": "5.32%", "2005-12-31": "14.27%"}, "dividend yield history": {"last payout": "$3.32", "last yield": "3.26%"}}