{"ticker": "CMD", "price": {"title": "Cantel Medical Historical Annual Stock Price Data", "value": 77.73, "historical": {"2021": {"Average Stock Price": "80.2175", "Year Open": "76.1700", "Year High": "84.6600", "Year Low": "76.1700", "Year Close": "77.7300", "Annual % Change": "-1.43%"}, "2020": {"Average Stock Price": "50.5235", "Year Open": "68.7000", "Year High": "79.5200", "Year Low": "21.7600", "Year Close": "78.8600", "Annual % Change": "11.23%"}, "2019": {"Average Stock Price": "75.8610", "Year Open": "73.3300", "Year High": "92.5400", "Year Low": "64.3000", "Year Close": "70.9000", "Annual % Change": "-4.77%"}, "2018": {"Average Stock Price": "100.3878", "Year Open": "101.3500", "Year High": "129.7800", "Year Low": "69.7900", "Year Close": "74.4500", "Annual % Change": "-27.63%"}, "2017": {"Average Stock Price": "83.2944", "Year Open": "77.6600", "Year High": "106.5300", "Year Low": "70.1900", "Year Close": "102.8700", "Annual % Change": "30.63%"}, "2016": {"Average Stock Price": "70.5631", "Year Open": "59.2600", "Year High": "85.8500", "Year Low": "56.1800", "Year Close": "78.7500", "Annual % Change": "26.73%"}, "2015": {"Average Stock Price": "51.8167", "Year Open": "42.7300", "Year High": "66.4500", "Year Low": "40.5700", "Year Close": "62.1400", "Annual % Change": "43.64%"}, "2014": {"Average Stock Price": "35.8119", "Year Open": "33.5000", "Year High": "45.0200", "Year Low": "30.0500", "Year Close": "43.2600", "Annual % Change": "27.57%"}, "2013": {"Average Stock Price": "26.0000", "Year Open": "20.5600", "Year High": "37.7100", "Year Low": "19.2667", "Year Close": "33.9100", "Annual % Change": "71.09%"}, "2012": {"Average Stock Price": "16.4701", "Year Open": "12.6711", "Year High": "20.0000", "Year Low": "12.2622", "Year Close": "19.8200", "Annual % Change": "59.67%"}, "2011": {"Average Stock Price": "10.8489", "Year Open": "10.4489", "Year High": "12.6089", "Year Low": "8.8267", "Year Close": "12.4133", "Annual % Change": "19.36%"}, "2010": {"Average Stock Price": "8.2351", "Year Open": "9.1333", "Year High": "10.6356", "Year Low": "6.1156", "Year Close": "10.4000", "Annual % Change": "15.96%"}, "2009": {"Average Stock Price": "6.7670", "Year Open": "6.8133", "Year High": "9.3378", "Year Low": "5.1244", "Year Close": "8.9689", "Annual % Change": "37.56%"}, "2008": {"Average Stock Price": "4.7062", "Year Open": "6.3733", "Year High": "6.5200", "Year Low": "3.3644", "Year Close": "6.5200", "Annual % Change": "0.62%"}, "2007": {"Average Stock Price": "7.4083", "Year Open": "7.1111", "Year High": "8.6089", "Year Low": "6.0889", "Year Close": "6.4800", "Annual % Change": "-9.94%"}, "2006": {"Average Stock Price": "6.6464", "Year Open": "7.9689", "Year High": "8.0711", "Year Low": "5.6444", "Year Close": "7.1956", "Annual % Change": "-9.75%"}, "2005": {"Average Stock Price": "9.6888", "Year Open": "10.8000", "Year High": "14.2933", "Year Low": "6.7333", "Year Close": "7.9733", "Annual % Change": "-28.09%"}, "2004": {"Average Stock Price": "6.4844", "Year Open": "4.9511", "Year High": "11.1615", "Year Low": "4.5481", "Year Close": "11.0874", "Annual % Change": "131.13%"}, "2003": {"Average Stock Price": "4.0180", "Year Open": "3.8667", "Year High": "4.7970", "Year Low": "3.3778", "Year Close": "4.7970", "Annual % Change": "27.88%"}, "2002": {"Average Stock Price": "4.4542", "Year Open": "3.9289", "Year High": "5.7778", "Year Low": "2.9037", "Year Close": "3.7511", "Annual % Change": "-0.53%"}, "2001": {"Average Stock Price": "3.8095", "Year Open": "2.1965", "Year High": "5.7778", "Year Low": "2.1235", "Year Close": "3.7709", "Annual % Change": "74.50%"}, "2000": {"Average Stock Price": "1.4252", "Year Open": "0.9383", "Year High": "2.1610", "Year Low": "0.9126", "Year Close": "2.1610", "Annual % Change": "130.31%"}, "1999": {"Average Stock Price": "1.0910", "Year Open": "1.2602", "Year High": "1.3570", "Year Low": "0.8652", "Year Close": "0.9383", "Annual % Change": "-28.25%"}, "1998": {"Average Stock Price": "1.5492", "Year Open": "1.4558", "Year High": "1.7778", "Year Low": "1.2840", "Year Close": "1.3077", "Annual % Change": "-10.17%"}, "1997": {"Average Stock Price": "1.3161", "Year Open": "1.2840", "Year High": "1.8765", "Year Low": "0.9995", "Year Close": "1.4558", "Annual % Change": "-4.91%"}, "1996": {"Average Stock Price": "1.6521", "Year Open": "1.9990", "Year High": "2.1728", "Year Low": "1.3333", "Year Close": "1.5309", "Annual % Change": "-29.54%"}, "1995": {"Average Stock Price": "1.3881", "Year Open": "0.7901", "Year High": "2.2459", "Year Low": "0.7901", "Year Close": "2.1728", "Annual % Change": "119.99%"}, "1994": {"Average Stock Price": "1.0257", "Year Open": "1.1358", "Year High": "1.3827", "Year Low": "0.7407", "Year Close": "0.9877", "Annual % Change": "-13.04%"}}}, "market cap": {"value": "$3.28B"}, "income statement": {"Revenue": {"2020-07-31": "1016.04800", "2019-07-31": "918.15500", "2018-07-31": "871.92200", "2017-07-31": "770.15700", "2016-07-31": "664.75500", "2015-07-31": "565.00400", "2014-07-31": "488.74900", "2013-07-31": "425.02600", "2012-07-31": "386.49000", "2011-07-31": "321.65100", "2010-07-31": "273.95200", "2009-07-31": "260.05000", "2008-07-31": "249.37400", "2007-07-31": "219.04400", "2006-07-31": "192.17900", "2005-07-31": "137.15700"}, "Cost Of Goods Sold": {"2020-07-31": "580.07500", "2019-07-31": "490.70100", "2018-07-31": "457.95100", "2017-07-31": "402.99700", "2016-07-31": "355.56900", "2015-07-31": "311.53700", "2014-07-31": "275.45000", "2013-07-31": "241.55000", "2012-07-31": "222.32300", "2011-07-31": "198.86800", "2010-07-31": "162.98100", "2009-07-31": "160.57100", "2008-07-31": "161.74800", "2007-07-31": "140.03200", "2006-07-31": "122.96300", "2005-07-31": "83.27600"}, "Gross Profit": {"2020-07-31": "435.97300", "2019-07-31": "427.45400", "2018-07-31": "413.97100", "2017-07-31": "367.16000", "2016-07-31": "309.18600", "2015-07-31": "253.46700", "2014-07-31": "213.29900", "2013-07-31": "183.47600", "2012-07-31": "164.16700", "2011-07-31": "122.78300", "2010-07-31": "110.97100", "2009-07-31": "99.47900", "2008-07-31": "87.62600", "2007-07-31": "79.01200", "2006-07-31": "69.21600", "2005-07-31": "53.88100"}, "Research And Development Expenses": {"2020-07-31": "32.37200", "2019-07-31": "31.32000", "2018-07-31": "24.64600", "2017-07-31": "18.36700", "2016-07-31": "15.41000", "2015-07-31": "14.02200", "2014-07-31": "10.81300", "2013-07-31": "9.32000", "2012-07-31": "9.25400", "2011-07-31": "6.64800", "2010-07-31": "5.16900", "2009-07-31": "4.63200", "2008-07-31": "4.01000", "2007-07-31": "4.84800", "2006-07-31": "5.11700", "2005-07-31": "4.09900"}, "SG&A Expenses": {"2020-07-31": "355.29400", "2019-07-31": "312.61500", "2018-07-31": "267.66100", "2017-07-31": "238.38300", "2016-07-31": "196.52500", "2015-07-31": "158.68400", "2014-07-31": "131.55800", "2013-07-31": "110.96800", "2012-07-31": "102.78900", "2011-07-31": "84.79900", "2010-07-31": "73.13700", "2009-07-31": "67.39600", "2008-07-31": "65.64900", "2007-07-31": "57.32500", "2006-07-31": "48.75500", "2005-07-31": "35.46000"}, "Other Operating Income Or Expenses": {"2020-07-31": "", "2019-07-31": "", "2018-07-31": "", "2017-07-31": "", "2016-07-31": "", "2015-07-31": "", "2014-07-31": "", "2013-07-31": "", "2012-07-31": "", "2011-07-31": "", "2010-07-31": "", "2009-07-31": "", "2008-07-31": "", "2007-07-31": "", "2006-07-31": "", "2005-07-31": ""}, "Operating Expenses": {"2020-07-31": "967.74100", "2019-07-31": "834.63600", "2018-07-31": "750.25800", "2017-07-31": "659.74690", "2016-07-31": "567.50400", "2015-07-31": "484.24300", "2014-07-31": "417.82100", "2013-07-31": "361.83800", "2012-07-31": "334.36600", "2011-07-31": "290.31500", "2010-07-31": "241.28700", "2009-07-31": "232.59900", "2008-07-31": "231.40700", "2007-07-31": "202.20500", "2006-07-31": "176.83500", "2005-07-31": "122.83500"}, "Operating Income": {"2020-07-31": "48.30700", "2019-07-31": "83.51900", "2018-07-31": "121.66400", "2017-07-31": "110.41000", "2016-07-31": "97.25100", "2015-07-31": "80.76100", "2014-07-31": "70.92800", "2013-07-31": "63.18800", "2012-07-31": "52.12400", "2011-07-31": "31.33600", "2010-07-31": "32.66500", "2009-07-31": "27.45100", "2008-07-31": "17.96700", "2007-07-31": "16.83900", "2006-07-31": "15.34400", "2005-07-31": "14.32200"}, "Total Non-Operating Income/Expense": {"2020-07-31": "-41.35500", "2019-07-31": "-8.20000", "2018-07-31": "-4.15100", "2017-07-31": "-4.17700", "2016-07-31": "-3.32000", "2015-07-31": "-4.57000", "2014-07-31": "-2.31700", "2013-07-31": "-2.83400", "2012-07-31": "-4.25500", "2011-07-31": "-0.87400", "2010-07-31": "-1.11000", "2009-07-31": "-2.49500", "2008-07-31": "-4.11600", "2007-07-31": "-2.73700", "2006-07-31": "-3.39300", "2005-07-31": "-0.94000"}, "Pre-Tax Income": {"2020-07-31": "6.95200", "2019-07-31": "75.31900", "2018-07-31": "117.51300", "2017-07-31": "106.23300", "2016-07-31": "93.93100", "2015-07-31": "76.19100", "2014-07-31": "68.61100", "2013-07-31": "60.35400", "2012-07-31": "47.86900", "2011-07-31": "30.46200", "2010-07-31": "31.55500", "2009-07-31": "24.95600", "2008-07-31": "13.85100", "2007-07-31": "14.10200", "2006-07-31": "11.95100", "2005-07-31": "13.38200"}, "Income Taxes": {"2020-07-31": "-6.75600", "2019-07-31": "20.27700", "2018-07-31": "26.47200", "2017-07-31": "34.85500", "2016-07-31": "33.97800", "2015-07-31": "28.23800", "2014-07-31": "25.34600", "2013-07-31": "21.11500", "2012-07-31": "16.53200", "2011-07-31": "10.03700", "2010-07-31": "11.61400", "2009-07-31": "9.38700", "2008-07-31": "5.15800", "2007-07-31": "5.99800", "2006-07-31": "5.29800", "2005-07-31": "5.48700"}, "Income After Taxes": {"2020-07-31": "13.70800", "2019-07-31": "55.04200", "2018-07-31": "91.04100", "2017-07-31": "71.37800", "2016-07-31": "59.95300", "2015-07-31": "47.95300", "2014-07-31": "43.26500", "2013-07-31": "39.23900", "2012-07-31": "31.33700", "2011-07-31": "20.42500", "2010-07-31": "19.94100", "2009-07-31": "15.56900", "2008-07-31": "8.69300", "2007-07-31": "8.10400", "2006-07-31": "6.65300", "2005-07-31": "7.89500"}, "Other Income": {"2020-07-31": "", "2019-07-31": "", "2018-07-31": "", "2017-07-31": "", "2016-07-31": "", "2015-07-31": "", "2014-07-31": "", "2013-07-31": "", "2012-07-31": "", "2011-07-31": "", "2010-07-31": "", "2009-07-31": "", "2008-07-31": "", "2007-07-31": "", "2006-07-31": "", "2005-07-31": ""}, "Income From Continuous Operations": {"2020-07-31": "13.70800", "2019-07-31": "55.04200", "2018-07-31": "91.04100", "2017-07-31": "71.37800", "2016-07-31": "59.95300", "2015-07-31": "47.95300", "2014-07-31": "43.26500", "2013-07-31": "39.23900", "2012-07-31": "31.33700", "2011-07-31": "20.42500", "2010-07-31": "19.94100", "2009-07-31": "15.56900", "2008-07-31": "8.69300", "2007-07-31": "8.10400", "2006-07-31": "6.65300", "2005-07-31": "7.89500"}, "Income From Discontinued Operations": {"2020-07-31": "", "2019-07-31": "", "2018-07-31": "", "2017-07-31": "", "2016-07-31": "", "2015-07-31": "", "2014-07-31": "", "2013-07-31": "", "2012-07-31": "", "2011-07-31": "", "2010-07-31": "", "2009-07-31": "", "2008-07-31": "", "2007-07-31": "0.34200", "2006-07-31": "17.04400", "2005-07-31": "7.61000"}, "Net Income": {"2020-07-31": "13.70800", "2019-07-31": "55.04200", "2018-07-31": "91.04100", "2017-07-31": "70.94700", "2016-07-31": "59.46500", "2015-07-31": "47.52000", "2014-07-31": "43.26500", "2013-07-31": "38.63100", "2012-07-31": "30.75700", "2011-07-31": "20.13500", "2010-07-31": "19.68100", "2009-07-31": "15.35100", "2008-07-31": "8.69300", "2007-07-31": "8.44600", "2006-07-31": "23.69700", "2005-07-31": "15.50500"}, "EBITDA": {"2020-07-31": "122.65090", "2019-07-31": "125.87800", "2018-07-31": "156.49400", "2017-07-31": "143.86200", "2016-07-31": "122.33500", "2015-07-31": "105.11900", "2014-07-31": "90.25400", "2013-07-31": "80.79600", "2012-07-31": "68.42200", "2011-07-31": "44.10300", "2010-07-31": "44.57300", "2009-07-31": "39.36900", "2008-07-31": "30.07600", "2007-07-31": "27.42800", "2006-07-31": "25.88400", "2005-07-31": "19.44100"}, "EBIT": {"2020-07-31": "48.30700", "2019-07-31": "83.51900", "2018-07-31": "121.66400", "2017-07-31": "110.41000", "2016-07-31": "97.25100", "2015-07-31": "80.76100", "2014-07-31": "70.92800", "2013-07-31": "63.18800", "2012-07-31": "52.12400", "2011-07-31": "31.33600", "2010-07-31": "32.66500", "2009-07-31": "27.45100", "2008-07-31": "17.96700", "2007-07-31": "16.83900", "2006-07-31": "15.34400", "2005-07-31": "14.32200"}, "Basic Shares Outstanding": {"2020-07-31": "42.23800", "2019-07-31": "41.70100", "2018-07-31": "41.56780", "2017-07-31": "41.46800", "2016-07-31": "41.34400", "2015-07-31": "41.13900", "2014-07-31": "40.75200", "2013-07-31": "40.26800", "2012-07-31": "39.58600", "2011-07-31": "37.92500", "2010-07-31": "37.24650", "2009-07-31": "36.64580", "2008-07-31": "36.26100", "2007-07-31": "35.16980", "2006-07-31": "34.80980", "2005-07-31": "33.36750"}, "Shares Outstanding": {"2020-07-31": "42.30900", "2019-07-31": "41.75700", "2018-07-31": "41.63500", "2017-07-31": "41.54300", "2016-07-31": "41.39000", "2015-07-31": "41.20300", "2014-07-31": "40.91100", "2013-07-31": "40.55700", "2012-07-31": "40.02500", "2011-07-31": "38.42900", "2010-07-31": "37.67400", "2009-07-31": "36.77630", "2008-07-31": "36.63000", "2007-07-31": "36.34430", "2006-07-31": "36.62100", "2005-07-31": "36.46800"}, "Basic EPS": {"2020-07-31": "0.32000", "2019-07-31": "1.32000", "2018-07-31": "2.18000", "2017-07-31": "1.71000", "2016-07-31": "1.44000", "2015-07-31": "1.16000", "2014-07-31": "1.05000", "2013-07-31": "0.96000", "2012-07-31": "0.78000", "2011-07-31": "0.53000", "2010-07-31": "0.52670", "2009-07-31": "0.41780", "2008-07-31": "0.23560", "2007-07-31": "0.24000", "2006-07-31": "0.68000", "2005-07-31": "0.46670"}, "EPS - Earnings Per Share": {"2020-07-31": "0.32000", "2019-07-31": "1.32000", "2018-07-31": "2.18000", "2017-07-31": "1.71000", "2016-07-31": "1.44000", "2015-07-31": "1.15000", "2014-07-31": "1.04000", "2013-07-31": "0.95000", "2012-07-31": "0.77000", "2011-07-31": "0.52000", "2010-07-31": "0.52000", "2009-07-31": "0.41780", "2008-07-31": "0.23560", "2007-07-31": "0.23110", "2006-07-31": "0.64890", "2005-07-31": "0.42670"}}, "income statement, quarterly": {"Revenue": {"2020-10-31": "297.02900", "2020-07-31": "233.37100", "2020-04-30": "236.93300", "2020-01-31": "288.49800", "2019-10-31": "257.24600", "2019-07-31": "239.47600", "2019-04-30": "228.55200", "2019-01-31": "224.53800", "2018-10-31": "225.58900", "2018-07-31": "228.85400", "2018-04-30": "217.26800", "2018-01-31": "213.03400", "2017-10-31": "212.76600", "2017-07-31": "205.50190", "2017-04-30": "192.11300", "2017-01-31": "184.81700", "2016-10-31": "187.72500", "2016-07-31": "179.00200", "2016-04-30": "173.70300", "2016-01-31": "158.27100", "2015-10-31": "153.77900", "2015-07-31": "151.25500", "2015-04-30": "141.50800", "2015-01-31": "135.43000", "2014-10-31": "136.81100", "2014-07-31": "131.37700", "2014-04-30": "120.05800", "2014-01-31": "119.04200", "2013-10-31": "118.27200", "2013-07-31": "113.97300", "2013-04-30": "105.00900", "2013-01-31": "106.36300", "2012-10-31": "99.68100", "2012-07-31": "98.69300", "2012-04-30": "97.23800", "2012-01-31": "97.29700", "2011-10-31": "93.26200", "2011-07-31": "86.01800", "2011-04-30": "82.61900", "2011-01-31": "81.02100", "2010-10-31": "71.99300", "2010-07-31": "69.81100", "2010-04-30": "66.55900", "2010-01-31": "66.58700", "2009-10-31": "70.99500", "2009-07-31": "66.79300", "2009-04-30": "66.43100", "2009-01-31": "62.42000", "2008-10-31": "64.40600", "2008-07-31": "64.28100", "2008-04-30": "64.17800", "2008-01-31": "60.91000", "2007-10-31": "60.00500", "2007-07-31": "62.51300", "2007-04-30": "54.41200", "2007-01-31": "51.63500", "2006-10-31": "50.48400", "2006-07-31": "50.14000", "2006-04-30": "46.88700", "2006-01-31": "47.34000", "2005-10-31": "47.81200", "2005-07-31": "35.66500", "2005-04-30": "50.53400", "2005-01-31": "49.53600"}, "Cost Of Goods Sold": {"2020-10-31": "149.66300", "2020-07-31": "136.49400", "2020-04-30": "135.95000", "2020-01-31": "166.25400", "2019-10-31": "141.37700", "2019-07-31": "128.82300", "2019-04-30": "121.67500", "2019-01-31": "119.86300", "2018-10-31": "120.34000", "2018-07-31": "121.45100", "2018-04-30": "112.59400", "2018-01-31": "111.79900", "2017-10-31": "112.10700", "2017-07-31": "107.77400", "2017-04-30": "100.66500", "2017-01-31": "96.34000", "2016-10-31": "98.21800", "2016-07-31": "93.67200", "2016-04-30": "93.38200", "2016-01-31": "85.93400", "2015-10-31": "82.58100", "2015-07-31": "82.49200", "2015-04-30": "77.90900", "2015-01-31": "74.83900", "2014-10-31": "76.29700", "2014-07-31": "74.33000", "2014-04-30": "67.64000", "2014-01-31": "66.70700", "2013-10-31": "66.77300", "2013-07-31": "64.85900", "2013-04-30": "59.52500", "2013-01-31": "61.21200", "2012-10-31": "55.95400", "2012-07-31": "55.91600", "2012-04-30": "54.61900", "2012-01-31": "56.47600", "2011-10-31": "55.31200", "2011-07-31": "54.12100", "2011-04-30": "51.31700", "2011-01-31": "49.62900", "2010-10-31": "43.80100", "2010-07-31": "42.11500", "2010-04-30": "39.86600", "2010-01-31": "39.46300", "2009-10-31": "41.53700", "2009-07-31": "40.07100", "2009-04-30": "40.90800", "2009-01-31": "38.80900", "2008-10-31": "40.78300", "2008-07-31": "41.62800", "2008-04-30": "41.89700", "2008-01-31": "39.42400", "2007-10-31": "38.79900", "2007-07-31": "41.40000", "2007-04-30": "34.20300", "2007-01-31": "32.11400", "2006-10-31": "32.31500", "2006-07-31": "32.76900", "2006-04-30": "29.84100", "2006-01-31": "30.50200", "2005-10-31": "29.85100", "2005-07-31": "21.33700", "2005-04-30": "31.01100", "2005-01-31": "30.71500"}, "Gross Profit": {"2020-10-31": "147.36600", "2020-07-31": "96.87700", "2020-04-30": "100.98300", "2020-01-31": "122.24400", "2019-10-31": "115.86900", "2019-07-31": "110.65300", "2019-04-30": "106.87700", "2019-01-31": "104.67500", "2018-10-31": "105.24900", "2018-07-31": "107.40300", "2018-04-30": "104.67400", "2018-01-31": "101.23500", "2017-10-31": "100.65900", "2017-07-31": "97.72790", "2017-04-30": "91.44800", "2017-01-31": "88.47700", "2016-10-31": "89.50700", "2016-07-31": "85.33000", "2016-04-30": "80.32100", "2016-01-31": "72.33700", "2015-10-31": "71.19800", "2015-07-31": "68.76300", "2015-04-30": "63.59900", "2015-01-31": "60.59100", "2014-10-31": "60.51400", "2014-07-31": "57.04700", "2014-04-30": "52.41800", "2014-01-31": "52.33500", "2013-10-31": "51.49900", "2013-07-31": "49.11400", "2013-04-30": "45.48400", "2013-01-31": "45.15100", "2012-10-31": "43.72700", "2012-07-31": "42.77700", "2012-04-30": "42.61900", "2012-01-31": "40.82100", "2011-10-31": "37.95000", "2011-07-31": "31.89700", "2011-04-30": "31.30200", "2011-01-31": "31.39200", "2010-10-31": "28.19200", "2010-07-31": "27.69600", "2010-04-30": "26.69300", "2010-01-31": "27.12400", "2009-10-31": "29.45800", "2009-07-31": "26.72200", "2009-04-30": "25.52300", "2009-01-31": "23.61100", "2008-10-31": "23.62300", "2008-07-31": "22.65300", "2008-04-30": "22.28100", "2008-01-31": "21.48600", "2007-10-31": "21.20600", "2007-07-31": "21.11300", "2007-04-30": "20.20900", "2007-01-31": "19.52100", "2006-10-31": "18.16900", "2006-07-31": "17.37100", "2006-04-30": "17.04600", "2006-01-31": "16.83800", "2005-10-31": "17.96100", "2005-07-31": "14.32800", "2005-04-30": "19.52300", "2005-01-31": "18.82100"}, "Research And Development Expenses": {"2020-10-31": "7.57300", "2020-07-31": "8.41900", "2020-04-30": "8.34900", "2020-01-31": "7.85700", "2019-10-31": "7.74700", "2019-07-31": "8.96500", "2019-04-30": "7.35400", "2019-01-31": "7.92300", "2018-10-31": "7.07800", "2018-07-31": "7.10300", "2018-04-30": "6.57100", "2018-01-31": "5.64300", "2017-10-31": "5.32900", "2017-07-31": "5.03900", "2017-04-30": "4.29100", "2017-01-31": "4.48900", "2016-10-31": "4.54800", "2016-07-31": "4.51100", "2016-04-30": "4.06500", "2016-01-31": "3.06900", "2015-10-31": "3.76500", "2015-07-31": "3.72600", "2015-04-30": "3.53600", "2015-01-31": "3.21100", "2014-10-31": "3.54900", "2014-07-31": "3.43000", "2014-04-30": "2.63200", "2014-01-31": "2.49200", "2013-10-31": "2.25900", "2013-07-31": "2.44400", "2013-04-30": "2.39900", "2013-01-31": "2.18300", "2012-10-31": "2.29400", "2012-07-31": "2.59400", "2012-04-30": "2.21700", "2012-01-31": "2.29800", "2011-10-31": "2.14500", "2011-07-31": "1.86900", "2011-04-30": "1.71500", "2011-01-31": "1.43500", "2010-10-31": "1.62900", "2010-07-31": "1.40500", "2010-04-30": "1.34200", "2010-01-31": "1.15700", "2009-10-31": "1.26500", "2009-07-31": "1.32300", "2009-04-30": "1.26100", "2009-01-31": "0.98300", "2008-10-31": "1.06500", "2008-07-31": "1.13100", "2008-04-30": "0.92800", "2008-01-31": "0.96100", "2007-10-31": "0.99000", "2007-07-31": "1.28500", "2007-04-30": "1.17500", "2007-01-31": "1.22200", "2006-10-31": "1.16600", "2006-07-31": "1.30600", "2006-04-30": "1.17600", "2006-01-31": "1.41500", "2005-10-31": "1.22000", "2005-07-31": "0.99000", "2005-04-30": "1.10300", "2005-01-31": "1.02200"}, "SG&A Expenses": {"2020-10-31": "89.44100", "2020-07-31": "84.61500", "2020-04-30": "70.19000", "2020-01-31": "106.79100", "2019-10-31": "93.69800", "2019-07-31": "86.85500", "2019-04-30": "84.71100", "2019-01-31": "70.55600", "2018-10-31": "70.49300", "2018-07-31": "69.81900", "2018-04-30": "71.03600", "2018-01-31": "63.11000", "2017-10-31": "63.69600", "2017-07-31": "65.39900", "2017-04-30": "59.71300", "2017-01-31": "55.37500", "2016-10-31": "57.89600", "2016-07-31": "55.00300", "2016-04-30": "52.99300", "2016-01-31": "44.87200", "2015-10-31": "43.65700", "2015-07-31": "42.90500", "2015-04-30": "38.78200", "2015-01-31": "39.07900", "2014-10-31": "37.91800", "2014-07-31": "36.03600", "2014-04-30": "32.96000", "2014-01-31": "31.63400", "2013-10-31": "30.92800", "2013-07-31": "30.54000", "2013-04-30": "28.86200", "2013-01-31": "26.10500", "2012-10-31": "25.46100", "2012-07-31": "25.77400", "2012-04-30": "26.62800", "2012-01-31": "25.36200", "2011-10-31": "25.02500", "2011-07-31": "23.00800", "2011-04-30": "21.94400", "2011-01-31": "21.09800", "2010-10-31": "18.74900", "2010-07-31": "18.82800", "2010-04-30": "18.49700", "2010-01-31": "17.98300", "2009-10-31": "17.82900", "2009-07-31": "17.90300", "2009-04-30": "17.09000", "2009-01-31": "16.02900", "2008-10-31": "16.37400", "2008-07-31": "16.98700", "2008-04-30": "17.11300", "2008-01-31": "15.80300", "2007-10-31": "15.74600", "2007-07-31": "15.80200", "2007-04-30": "14.48800", "2007-01-31": "13.78700", "2006-10-31": "13.24800", "2006-07-31": "13.24100", "2006-04-30": "12.39900", "2006-01-31": "11.38200", "2005-10-31": "11.73300", "2005-07-31": "9.06600", "2005-04-30": "11.68100", "2005-01-31": "11.18100"}, "Other Operating Income Or Expenses": {"2020-10-31": "", "2020-07-31": "", "2020-04-30": "", "2020-01-31": "", "2019-10-31": "", "2019-07-31": "", "2019-04-30": "", "2019-01-31": "", "2018-10-31": "", "2018-07-31": "", "2018-04-30": "", "2018-01-31": "", "2017-10-31": "", "2017-07-31": "", "2017-04-30": "", "2017-01-31": "", "2016-10-31": "", "2016-07-31": "", "2016-04-30": "", "2016-01-31": "", "2015-10-31": "", "2015-07-31": "", "2015-04-30": "", "2015-01-31": "", "2014-10-31": "", "2014-07-31": "", "2014-04-30": "", "2014-01-31": "", "2013-10-31": "", "2013-07-31": "", "2013-04-30": "", "2013-01-31": "", "2012-10-31": "", "2012-07-31": "", "2012-04-30": "", "2012-01-31": "", "2011-10-31": "", "2011-07-31": "", "2011-04-30": "", "2011-01-31": "", "2010-10-31": "", "2010-07-31": "", "2010-04-30": "", "2010-01-31": "", "2009-10-31": "", "2009-07-31": "", "2009-04-30": "", "2009-01-31": "", "2008-10-31": "", "2008-07-31": "", "2008-04-30": "", "2008-01-31": "", "2007-10-31": "", "2007-07-31": "", "2007-04-30": "", "2007-01-31": "", "2006-10-31": "", "2006-07-31": "", "2006-04-30": "", "2006-01-31": "", "2005-10-31": "", "2005-07-31": "", "2005-04-30": "", "2005-01-31": ""}, "Operating Expenses": {"2020-10-31": "246.67700", "2020-07-31": "229.52800", "2020-04-30": "214.48900", "2020-01-31": "280.90200", "2019-10-31": "242.82200", "2019-07-31": "224.64300", "2019-04-30": "213.74000", "2019-01-31": "198.34200", "2018-10-31": "197.91100", "2018-07-31": "198.37300", "2018-04-30": "190.20100", "2018-01-31": "180.55200", "2017-10-31": "181.13200", "2017-07-31": "178.21200", "2017-04-30": "164.66900", "2017-01-31": "156.20400", "2016-10-31": "160.66200", "2016-07-31": "153.18600", "2016-04-30": "150.44000", "2016-01-31": "133.87500", "2015-10-31": "130.00300", "2015-07-31": "129.12300", "2015-04-30": "120.22700", "2015-01-31": "117.12900", "2014-10-31": "117.76400", "2014-07-31": "113.79600", "2014-04-30": "103.23200", "2014-01-31": "100.83300", "2013-10-31": "99.96000", "2013-07-31": "97.84300", "2013-04-30": "90.78600", "2013-01-31": "89.50000", "2012-10-31": "83.70900", "2012-07-31": "84.28400", "2012-04-30": "83.46400", "2012-01-31": "84.13600", "2011-10-31": "82.48200", "2011-07-31": "78.99800", "2011-04-30": "74.97600", "2011-01-31": "72.16200", "2010-10-31": "64.17900", "2010-07-31": "62.34800", "2010-04-30": "59.70500", "2010-01-31": "58.60300", "2009-10-31": "60.63100", "2009-07-31": "59.29700", "2009-04-30": "59.25900", "2009-01-31": "55.82100", "2008-10-31": "58.22200", "2008-07-31": "59.74600", "2008-04-30": "59.93800", "2008-01-31": "56.18800", "2007-10-31": "55.53500", "2007-07-31": "58.48700", "2007-04-30": "49.86600", "2007-01-31": "47.12300", "2006-10-31": "46.72900", "2006-07-31": "47.31600", "2006-04-30": "43.41600", "2006-01-31": "43.29900", "2005-10-31": "42.80400", "2005-07-31": "31.39300", "2005-04-30": "43.79500", "2005-01-31": "42.91800"}, "Operating Income": {"2020-10-31": "50.35200", "2020-07-31": "3.84300", "2020-04-30": "22.44400", "2020-01-31": "7.59600", "2019-10-31": "14.42400", "2019-07-31": "14.83300", "2019-04-30": "14.81200", "2019-01-31": "26.19600", "2018-10-31": "27.67800", "2018-07-31": "30.48100", "2018-04-30": "27.06700", "2018-01-31": "32.48200", "2017-10-31": "31.63400", "2017-07-31": "27.29000", "2017-04-30": "27.44400", "2017-01-31": "28.61300", "2016-10-31": "27.06300", "2016-07-31": "25.81600", "2016-04-30": "23.26300", "2016-01-31": "24.39600", "2015-10-31": "23.77600", "2015-07-31": "22.13200", "2015-04-30": "21.28100", "2015-01-31": "18.30100", "2014-10-31": "19.04700", "2014-07-31": "17.58100", "2014-04-30": "16.82600", "2014-01-31": "18.20900", "2013-10-31": "18.31200", "2013-07-31": "16.13000", "2013-04-30": "14.22300", "2013-01-31": "16.86300", "2012-10-31": "15.97200", "2012-07-31": "14.40900", "2012-04-30": "13.77400", "2012-01-31": "13.16100", "2011-10-31": "10.78000", "2011-07-31": "7.02000", "2011-04-30": "7.64300", "2011-01-31": "8.85900", "2010-10-31": "7.81400", "2010-07-31": "7.46300", "2010-04-30": "6.85400", "2010-01-31": "7.98400", "2009-10-31": "10.36400", "2009-07-31": "7.49600", "2009-04-30": "7.17200", "2009-01-31": "6.59900", "2008-10-31": "6.18400", "2008-07-31": "4.53500", "2008-04-30": "4.24000", "2008-01-31": "4.72200", "2007-10-31": "4.47000", "2007-07-31": "4.02600", "2007-04-30": "4.54600", "2007-01-31": "4.51200", "2006-10-31": "3.75500", "2006-07-31": "2.82400", "2006-04-30": "3.47100", "2006-01-31": "4.04100", "2005-10-31": "5.00800", "2005-07-31": "4.27200", "2005-04-30": "6.73900", "2005-01-31": "6.61800"}, "Total Non-Operating Income/Expense": {"2020-10-31": "-16.29300", "2020-07-31": "-15.27300", "2020-04-30": "-10.11300", "2020-01-31": "-10.25000", "2019-10-31": "-5.71900", "2019-07-31": "-2.77100", "2019-04-30": "-2.50900", "2019-01-31": "-0.89400", "2018-10-31": "-2.02600", "2018-07-31": "-1.46700", "2018-04-30": "-1.49800", "2018-01-31": "-1.13500", "2017-10-31": "-0.05100", "2017-07-31": "-0.87400", "2017-04-30": "-1.08400", "2017-01-31": "-1.12600", "2016-10-31": "-1.09300", "2016-07-31": "-0.83300", "2016-04-30": "-0.87100", "2016-01-31": "-0.87100", "2015-10-31": "-0.74500", "2015-07-31": "-0.56500", "2015-04-30": "-2.82500", "2015-01-31": "-0.64600", "2014-10-31": "-0.53400", "2014-07-31": "-0.50800", "2014-04-30": "-0.53500", "2014-01-31": "-0.63000", "2013-10-31": "-0.64400", "2013-07-31": "-0.69300", "2013-04-30": "-0.73300", "2013-01-31": "-0.77500", "2012-10-31": "-0.63300", "2012-07-31": "-0.78900", "2012-04-30": "-0.88400", "2012-01-31": "-1.58100", "2011-10-31": "-1.00100", "2011-07-31": "-0.23800", "2011-04-30": "-0.17100", "2011-01-31": "-0.24300", "2010-10-31": "-0.22200", "2010-07-31": "-0.18600", "2010-04-30": "-0.21400", "2010-01-31": "-0.33100", "2009-10-31": "-0.37900", "2009-07-31": "-0.61400", "2009-04-30": "-0.56400", "2009-01-31": "-0.63600", "2008-10-31": "-0.68100", "2008-07-31": "-0.84800", "2008-04-30": "-1.08800", "2008-01-31": "-1.10500", "2007-10-31": "-1.07500", "2007-07-31": "-0.96200", "2007-04-30": "-0.70300", "2007-01-31": "-0.59900", "2006-10-31": "-0.47300", "2006-07-31": "-0.70500", "2006-04-30": "-0.71700", "2006-01-31": "-0.93300", "2005-10-31": "-1.03800", "2005-07-31": "-0.14800", "2005-04-30": "-0.21900", "2005-01-31": "-0.31300"}, "Pre-Tax Income": {"2020-10-31": "34.05900", "2020-07-31": "-11.43000", "2020-04-30": "12.33100", "2020-01-31": "-2.65400", "2019-10-31": "8.70500", "2019-07-31": "12.06200", "2019-04-30": "12.30300", "2019-01-31": "25.30200", "2018-10-31": "25.65200", "2018-07-31": "29.01400", "2018-04-30": "25.56900", "2018-01-31": "31.34700", "2017-10-31": "31.58300", "2017-07-31": "26.41600", "2017-04-30": "26.36000", "2017-01-31": "27.48700", "2016-10-31": "25.97000", "2016-07-31": "24.98300", "2016-04-30": "22.39200", "2016-01-31": "23.52500", "2015-10-31": "23.03100", "2015-07-31": "21.56700", "2015-04-30": "18.45600", "2015-01-31": "17.65500", "2014-10-31": "18.51300", "2014-07-31": "17.07300", "2014-04-30": "16.29100", "2014-01-31": "17.57900", "2013-10-31": "17.66800", "2013-07-31": "15.43700", "2013-04-30": "13.49000", "2013-01-31": "16.08800", "2012-10-31": "15.33900", "2012-07-31": "13.62000", "2012-04-30": "12.89000", "2012-01-31": "11.58000", "2011-10-31": "9.77900", "2011-07-31": "6.78200", "2011-04-30": "7.47200", "2011-01-31": "8.61600", "2010-10-31": "7.59200", "2010-07-31": "7.27700", "2010-04-30": "6.64000", "2010-01-31": "7.65300", "2009-10-31": "9.98500", "2009-07-31": "6.88200", "2009-04-30": "6.60800", "2009-01-31": "5.96300", "2008-10-31": "5.50300", "2008-07-31": "3.68700", "2008-04-30": "3.15200", "2008-01-31": "3.61700", "2007-10-31": "3.39500", "2007-07-31": "3.06400", "2007-04-30": "3.84300", "2007-01-31": "3.91300", "2006-10-31": "3.28200", "2006-07-31": "2.11900", "2006-04-30": "2.75400", "2006-01-31": "3.10800", "2005-10-31": "3.97000", "2005-07-31": "4.12400", "2005-04-30": "6.52000", "2005-01-31": "6.30500"}, "Income Taxes": {"2020-10-31": "9.59500", "2020-07-31": "-5.84700", "2020-04-30": "-3.45600", "2020-01-31": "-0.39100", "2019-10-31": "2.93800", "2019-07-31": "3.23700", "2019-04-30": "4.12800", "2019-01-31": "6.50200", "2018-10-31": "6.41000", "2018-07-31": "12.12600", "2018-04-30": "6.83300", "2018-01-31": "-1.14100", "2017-10-31": "8.65400", "2017-07-31": "9.41900", "2017-04-30": "8.84900", "2017-01-31": "9.41700", "2016-10-31": "7.17000", "2016-07-31": "8.69200", "2016-04-30": "8.37300", "2016-01-31": "8.13600", "2015-10-31": "8.77700", "2015-07-31": "8.29400", "2015-04-30": "6.10000", "2015-01-31": "6.57000", "2014-10-31": "7.27400", "2014-07-31": "6.36800", "2014-04-30": "6.04200", "2014-01-31": "6.45300", "2013-10-31": "6.48300", "2013-07-31": "5.22400", "2013-04-30": "4.49200", "2013-01-31": "5.63600", "2012-10-31": "5.76300", "2012-07-31": "3.97100", "2012-04-30": "4.71600", "2012-01-31": "4.28600", "2011-10-31": "3.55900", "2011-07-31": "2.10000", "2011-04-30": "2.42400", "2011-01-31": "2.89600", "2010-10-31": "2.61700", "2010-07-31": "2.65400", "2010-04-30": "2.36600", "2010-01-31": "2.77700", "2009-10-31": "3.81700", "2009-07-31": "2.60300", "2009-04-30": "2.42500", "2009-01-31": "2.18900", "2008-10-31": "2.17000", "2008-07-31": "1.09100", "2008-04-30": "1.15100", "2008-01-31": "1.46000", "2007-10-31": "1.45600", "2007-07-31": "1.16500", "2007-04-30": "1.61300", "2007-01-31": "1.66100", "2006-10-31": "1.55900", "2006-07-31": "1.19700", "2006-04-30": "1.11500", "2006-01-31": "1.23400", "2005-10-31": "1.75200", "2005-07-31": "1.46000", "2005-04-30": "2.71100", "2005-01-31": "2.43000"}, "Income After Taxes": {"2020-10-31": "24.46400", "2020-07-31": "-5.58300", "2020-04-30": "15.78700", "2020-01-31": "-2.26300", "2019-10-31": "5.76700", "2019-07-31": "8.82500", "2019-04-30": "8.17500", "2019-01-31": "18.80000", "2018-10-31": "19.24200", "2018-07-31": "16.88800", "2018-04-30": "18.73600", "2018-01-31": "32.48800", "2017-10-31": "22.92900", "2017-07-31": "16.99700", "2017-04-30": "17.51100", "2017-01-31": "18.07000", "2016-10-31": "18.80000", "2016-07-31": "16.29100", "2016-04-30": "14.01900", "2016-01-31": "15.38900", "2015-10-31": "14.25400", "2015-07-31": "13.27300", "2015-04-30": "12.35600", "2015-01-31": "11.08500", "2014-10-31": "11.23900", "2014-07-31": "10.70500", "2014-04-30": "10.24900", "2014-01-31": "11.12600", "2013-10-31": "11.18500", "2013-07-31": "10.21300", "2013-04-30": "8.99800", "2013-01-31": "10.45200", "2012-10-31": "9.57600", "2012-07-31": "9.64900", "2012-04-30": "8.17400", "2012-01-31": "7.29400", "2011-10-31": "6.22000", "2011-07-31": "4.68200", "2011-04-30": "5.04800", "2011-01-31": "5.72000", "2010-10-31": "4.97500", "2010-07-31": "4.62300", "2010-04-30": "4.27400", "2010-01-31": "4.87600", "2009-10-31": "6.16800", "2009-07-31": "4.27900", "2009-04-30": "4.18300", "2009-01-31": "3.77400", "2008-10-31": "3.33300", "2008-07-31": "2.59600", "2008-04-30": "2.00100", "2008-01-31": "2.15700", "2007-10-31": "1.93900", "2007-07-31": "1.89900", "2007-04-30": "2.23000", "2007-01-31": "2.25200", "2006-10-31": "1.72300", "2006-07-31": "0.92200", "2006-04-30": "1.63900", "2006-01-31": "1.87400", "2005-10-31": "2.21800", "2005-07-31": "2.66400", "2005-04-30": "3.80900", "2005-01-31": "3.87500"}, "Other Income": {"2020-10-31": "", "2020-07-31": "", "2020-04-30": "", "2020-01-31": "", "2019-10-31": "", "2019-07-31": "", "2019-04-30": "", "2019-01-31": "", "2018-10-31": "", "2018-07-31": "", "2018-04-30": "", "2018-01-31": "", "2017-10-31": "", "2017-07-31": "", "2017-04-30": "", "2017-01-31": "", "2016-10-31": "", "2016-07-31": "", "2016-04-30": "", "2016-01-31": "", "2015-10-31": "", "2015-07-31": "", "2015-04-30": "", "2015-01-31": "", "2014-10-31": "", "2014-07-31": "", "2014-04-30": "", "2014-01-31": "", "2013-10-31": "", "2013-07-31": "", "2013-04-30": "", "2013-01-31": "", "2012-10-31": "", "2012-07-31": "", "2012-04-30": "", "2012-01-31": "", "2011-10-31": "", "2011-07-31": "", "2011-04-30": "", "2011-01-31": "", "2010-10-31": "", "2010-07-31": "", "2010-04-30": "", "2010-01-31": "", "2009-10-31": "", "2009-07-31": "", "2009-04-30": "", "2009-01-31": "", "2008-10-31": "", "2008-07-31": "", "2008-04-30": "", "2008-01-31": "", "2007-10-31": "", "2007-07-31": "", "2007-04-30": "", "2007-01-31": "", "2006-10-31": "", "2006-07-31": "", "2006-04-30": "", "2006-01-31": "", "2005-10-31": "", "2005-07-31": "", "2005-04-30": "", "2005-01-31": ""}, "Income From Continuous Operations": {"2020-10-31": "24.46400", "2020-07-31": "-5.58300", "2020-04-30": "15.78700", "2020-01-31": "-2.26300", "2019-10-31": "5.76700", "2019-07-31": "8.82500", "2019-04-30": "8.17500", "2019-01-31": "18.80000", "2018-10-31": "19.24200", "2018-07-31": "16.88800", "2018-04-30": "18.73600", "2018-01-31": "32.48800", "2017-10-31": "22.92900", "2017-07-31": "16.99700", "2017-04-30": "17.51100", "2017-01-31": "18.07000", "2016-10-31": "18.80000", "2016-07-31": "16.29100", "2016-04-30": "14.01900", "2016-01-31": "15.38900", "2015-10-31": "14.25400", "2015-07-31": "13.27300", "2015-04-30": "12.35600", "2015-01-31": "11.08500", "2014-10-31": "11.23900", "2014-07-31": "10.70500", "2014-04-30": "10.24900", "2014-01-31": "11.12600", "2013-10-31": "11.18500", "2013-07-31": "10.21300", "2013-04-30": "8.99800", "2013-01-31": "10.45200", "2012-10-31": "9.57600", "2012-07-31": "9.64900", "2012-04-30": "8.17400", "2012-01-31": "7.29400", "2011-10-31": "6.22000", "2011-07-31": "4.68200", "2011-04-30": "5.04800", "2011-01-31": "5.72000", "2010-10-31": "4.97500", "2010-07-31": "4.62300", "2010-04-30": "4.27400", "2010-01-31": "4.87600", "2009-10-31": "6.16800", "2009-07-31": "4.27900", "2009-04-30": "4.18300", "2009-01-31": "3.77400", "2008-10-31": "3.33300", "2008-07-31": "2.59600", "2008-04-30": "2.00100", "2008-01-31": "2.15700", "2007-10-31": "1.93900", "2007-07-31": "1.89900", "2007-04-30": "2.23000", "2007-01-31": "2.25200", "2006-10-31": "1.72300", "2006-07-31": "0.92200", "2006-04-30": "1.63900", "2006-01-31": "1.87400", "2005-10-31": "2.21800", "2005-07-31": "2.66400", "2005-04-30": "3.80900", "2005-01-31": "3.87500"}, "Income From Discontinued Operations": {"2020-10-31": "", "2020-07-31": "", "2020-04-30": "", "2020-01-31": "", "2019-10-31": "", "2019-07-31": "", "2019-04-30": "", "2019-01-31": "", "2018-10-31": "", "2018-07-31": "", "2018-04-30": "", "2018-01-31": "", "2017-10-31": "", "2017-07-31": "", "2017-04-30": "", "2017-01-31": "", "2016-10-31": "", "2016-07-31": "", "2016-04-30": "", "2016-01-31": "", "2015-10-31": "", "2015-07-31": "", "2015-04-30": "", "2015-01-31": "", "2014-10-31": "", "2014-07-31": "", "2014-04-30": "", "2014-01-31": "", "2013-10-31": "", "2013-07-31": "", "2013-04-30": "", "2013-01-31": "", "2012-10-31": "", "2012-07-31": "", "2012-04-30": "", "2012-01-31": "", "2011-10-31": "", "2011-07-31": "", "2011-04-30": "", "2011-01-31": "", "2010-10-31": "", "2010-07-31": "", "2010-04-30": "", "2010-01-31": "", "2009-10-31": "", "2009-07-31": "", "2009-04-30": "", "2009-01-31": "", "2008-10-31": "", "2008-07-31": "", "2008-04-30": "", "2008-01-31": "", "2007-10-31": "", "2007-07-31": "0.06100", "2007-04-30": "0.01800", "2007-01-31": "0.01800", "2006-10-31": "0.24500", "2006-07-31": "10.51700", "2006-04-30": "2.94400", "2006-01-31": "2.05500", "2005-10-31": "1.52800", "2005-07-31": "2.04900", "2005-04-30": "", "2005-01-31": ""}, "Net Income": {"2020-10-31": "24.46400", "2020-07-31": "-5.58300", "2020-04-30": "15.78700", "2020-01-31": "-2.26300", "2019-10-31": "5.76700", "2019-07-31": "8.82500", "2019-04-30": "8.17500", "2019-01-31": "18.80000", "2018-10-31": "19.24200", "2018-07-31": "16.88800", "2018-04-30": "18.73600", "2018-01-31": "32.48800", "2017-10-31": "22.92900", "2017-07-31": "16.66400", "2017-04-30": "17.41300", "2017-01-31": "18.07000", "2016-10-31": "18.80000", "2016-07-31": "15.91800", "2016-04-30": "13.90400", "2016-01-31": "15.38900", "2015-10-31": "14.25400", "2015-07-31": "12.94500", "2015-04-30": "12.25100", "2015-01-31": "11.08500", "2014-10-31": "11.23900", "2014-07-31": "11.14900", "2014-04-30": "10.11400", "2014-01-31": "10.97700", "2013-10-31": "11.02500", "2013-07-31": "10.05900", "2013-04-30": "8.86100", "2013-01-31": "10.29200", "2012-10-31": "9.41900", "2012-07-31": "9.48400", "2012-04-30": "8.02900", "2012-01-31": "7.13600", "2011-10-31": "6.10800", "2011-07-31": "4.39200", "2011-04-30": "5.04800", "2011-01-31": "5.72000", "2010-10-31": "4.97500", "2010-07-31": "4.36300", "2010-04-30": "4.27400", "2010-01-31": "4.87600", "2009-10-31": "6.16800", "2009-07-31": "4.06100", "2009-04-30": "4.18300", "2009-01-31": "3.77400", "2008-10-31": "3.33300", "2008-07-31": "2.59600", "2008-04-30": "2.00100", "2008-01-31": "2.15700", "2007-10-31": "1.93900", "2007-07-31": "1.96000", "2007-04-30": "2.24800", "2007-01-31": "2.27000", "2006-10-31": "1.96800", "2006-07-31": "11.43900", "2006-04-30": "4.58300", "2006-01-31": "3.92900", "2005-10-31": "3.74600", "2005-07-31": "4.71300", "2005-04-30": "3.80900", "2005-01-31": "3.87500"}, "EBITDA": {"2020-10-31": "70.66100", "2020-07-31": "22.96800", "2020-04-30": "42.50000", "2020-01-31": "28.08200", "2019-10-31": "29.10100", "2019-07-31": "26.22900", "2019-04-30": "25.66000", "2019-01-31": "35.57900", "2018-10-31": "38.41000", "2018-07-31": "39.60300", "2018-04-30": "36.17300", "2018-01-31": "41.00000", "2017-10-31": "39.71800", "2017-07-31": "37.89000", "2017-04-30": "35.18200", "2017-01-31": "36.36400", "2016-10-31": "34.42600", "2016-07-31": "32.10800", "2016-04-30": "29.77000", "2016-01-31": "30.66500", "2015-10-31": "29.79200", "2015-07-31": "28.96800", "2015-04-30": "27.56200", "2015-01-31": "24.17400", "2014-10-31": "24.41500", "2014-07-31": "22.61300", "2014-04-30": "21.74600", "2014-01-31": "22.93800", "2013-10-31": "22.95700", "2013-07-31": "20.65800", "2013-04-30": "18.71300", "2013-01-31": "21.33700", "2012-10-31": "20.08800", "2012-07-31": "18.45000", "2012-04-30": "17.88000", "2012-01-31": "17.25100", "2011-10-31": "14.84100", "2011-07-31": "10.31800", "2011-04-30": "10.93400", "2011-01-31": "12.01100", "2010-10-31": "10.84000", "2010-07-31": "10.47500", "2010-04-30": "9.82500", "2010-01-31": "10.96400", "2009-10-31": "13.30900", "2009-07-31": "10.61000", "2009-04-30": "10.09800", "2009-01-31": "9.49200", "2008-10-31": "9.16900", "2008-07-31": "7.57600", "2008-04-30": "7.28800", "2008-01-31": "7.80500", "2007-10-31": "7.40700", "2007-07-31": "6.99400", "2007-04-30": "7.18000", "2007-01-31": "6.98300", "2006-10-31": "6.27100", "2006-07-31": "5.22600", "2006-04-30": "5.91500", "2006-01-31": "6.68900", "2005-10-31": "8.05400", "2005-07-31": "5.58200", "2005-04-30": "8.00600", "2005-01-31": "7.88000"}, "EBIT": {"2020-10-31": "50.35200", "2020-07-31": "3.84300", "2020-04-30": "22.44400", "2020-01-31": "7.59600", "2019-10-31": "14.42400", "2019-07-31": "14.83300", "2019-04-30": "14.81200", "2019-01-31": "26.19600", "2018-10-31": "27.67800", "2018-07-31": "30.48100", "2018-04-30": "27.06700", "2018-01-31": "32.48200", "2017-10-31": "31.63400", "2017-07-31": "27.29000", "2017-04-30": "27.44400", "2017-01-31": "28.61300", "2016-10-31": "27.06300", "2016-07-31": "25.81600", "2016-04-30": "23.26300", "2016-01-31": "24.39600", "2015-10-31": "23.77600", "2015-07-31": "22.13200", "2015-04-30": "21.28100", "2015-01-31": "18.30100", "2014-10-31": "19.04700", "2014-07-31": "17.58100", "2014-04-30": "16.82600", "2014-01-31": "18.20900", "2013-10-31": "18.31200", "2013-07-31": "16.13000", "2013-04-30": "14.22300", "2013-01-31": "16.86300", "2012-10-31": "15.97200", "2012-07-31": "14.40900", "2012-04-30": "13.77400", "2012-01-31": "13.16100", "2011-10-31": "10.78000", "2011-07-31": "7.02000", "2011-04-30": "7.64300", "2011-01-31": "8.85900", "2010-10-31": "7.81400", "2010-07-31": "7.46300", "2010-04-30": "6.85400", "2010-01-31": "7.98400", "2009-10-31": "10.36400", "2009-07-31": "7.49600", "2009-04-30": "7.17200", "2009-01-31": "6.59900", "2008-10-31": "6.18400", "2008-07-31": "4.53500", "2008-04-30": "4.24000", "2008-01-31": "4.72200", "2007-10-31": "4.47000", "2007-07-31": "4.02600", "2007-04-30": "4.54600", "2007-01-31": "4.51200", "2006-10-31": "3.75500", "2006-07-31": "2.82400", "2006-04-30": "3.47100", "2006-01-31": "4.04100", "2005-10-31": "5.00800", "2005-07-31": "4.27200", "2005-04-30": "6.73900", "2005-01-31": "6.61800"}, "Basic Shares Outstanding": {"2020-10-31": "42.18400", "2020-07-31": "42.23800", "2020-04-30": "42.18800", "2020-01-31": "42.56100", "2019-10-31": "42.02200", "2019-07-31": "41.70100", "2019-04-30": "41.72100", "2019-01-31": "41.66800", "2018-10-31": "41.64100", "2018-07-31": "41.56780", "2018-04-30": "41.58000", "2018-01-31": "41.57800", "2017-10-31": "41.52200", "2017-07-31": "41.46800", "2017-04-30": "41.49000", "2017-01-31": "41.48600", "2016-10-31": "41.40300", "2016-07-31": "41.34400", "2016-04-30": "41.36350", "2016-01-31": "41.36000", "2015-10-31": "41.28300", "2015-07-31": "41.13900", "2015-04-30": "41.18800", "2015-01-31": "41.17700", "2014-10-31": "40.98200", "2014-07-31": "40.75200", "2014-04-30": "40.81400", "2014-01-31": "40.75400", "2013-10-31": "40.58300", "2013-07-31": "40.26800", "2013-04-30": "40.36600", "2013-01-31": "40.56100", "2012-10-31": "39.99700", "2012-07-31": "39.58600", "2012-04-30": "39.76500", "2012-01-31": "39.49200", "2011-10-31": "39.24600", "2011-07-31": "37.92500", "2011-04-30": "39.56550", "2011-01-31": "39.38850", "2010-10-31": "38.89580", "2010-07-31": "37.24650", "2010-04-30": "37.25330", "2010-01-31": "37.09580", "2009-10-31": "36.95180", "2009-07-31": "36.64580", "2009-04-30": "36.64350", "2009-01-31": "36.59400", "2008-10-31": "36.89330", "2008-07-31": "36.26100", "2008-04-30": "36.39600", "2008-01-31": "36.23180", "2007-10-31": "35.95950", "2007-07-31": "35.16980", "2007-04-30": "35.19900", "2007-01-31": "34.88850", "2006-10-31": "34.80750", "2006-07-31": "34.80980", "2006-04-30": "35.02350", "2006-01-31": "34.84580", "2005-10-31": "34.66350", "2005-07-31": "2.25000", "2005-04-30": "34.48580", "2005-01-31": "34.12580"}, "Shares Outstanding": {"2020-10-31": "42.95800", "2020-07-31": "42.30900", "2020-04-30": "42.18800", "2020-01-31": "42.56100", "2019-10-31": "42.16900", "2019-07-31": "41.75700", "2019-04-30": "41.75900", "2019-01-31": "41.68600", "2018-10-31": "41.70600", "2018-07-31": "41.63500", "2018-04-30": "41.64950", "2018-01-31": "41.63400", "2017-10-31": "41.58800", "2017-07-31": "41.54300", "2017-04-30": "41.56500", "2017-01-31": "41.56000", "2016-10-31": "41.47500", "2016-07-31": "41.39000", "2016-04-30": "41.41100", "2016-01-31": "41.40400", "2015-10-31": "41.32200", "2015-07-31": "41.20300", "2015-04-30": "41.24900", "2015-01-31": "41.23700", "2014-10-31": "41.07000", "2014-07-31": "40.91100", "2014-04-30": "40.95700", "2014-01-31": "40.93800", "2013-10-31": "40.77500", "2013-07-31": "40.55700", "2013-04-30": "40.62500", "2013-01-31": "41.19200", "2012-10-31": "40.36200", "2012-07-31": "40.02500", "2012-04-30": "40.20000", "2012-01-31": "39.96750", "2011-10-31": "39.66300", "2011-07-31": "38.42900", "2011-04-30": "40.08450", "2011-01-31": "39.91950", "2010-10-31": "39.13650", "2010-07-31": "37.67400", "2010-04-30": "37.75050", "2010-01-31": "37.59530", "2009-10-31": "37.19480", "2009-07-31": "36.77630", "2009-04-30": "36.76730", "2009-01-31": "36.66600", "2008-10-31": "37.02830", "2008-07-31": "36.63000", "2008-04-30": "36.78530", "2008-01-31": "36.86850", "2007-10-31": "36.74480", "2007-07-31": "36.34430", "2007-04-30": "36.43880", "2007-01-31": "36.14400", "2006-10-31": "36.09680", "2006-07-31": "36.62100", "2006-04-30": "36.70430", "2006-01-31": "36.83030", "2005-10-31": "37.31630", "2005-07-31": "36.55800", "2005-04-30": "38.03850", "2005-01-31": "37.27580"}, "Basic EPS": {"2020-10-31": "0.58000", "2020-07-31": "-0.14000", "2020-04-30": "0.37000", "2020-01-31": "-0.05000", "2019-10-31": "0.14000", "2019-07-31": "0.21000", "2019-04-30": "0.20000", "2019-01-31": "0.45000", "2018-10-31": "0.46000", "2018-07-31": "0.40000", "2018-04-30": "0.45000", "2018-01-31": "0.78000", "2017-10-31": "0.55000", "2017-07-31": "0.41000", "2017-04-30": "0.42000", "2017-01-31": "0.43000", "2016-10-31": "0.45000", "2016-07-31": "0.39000", "2016-04-30": "0.34000", "2016-01-31": "0.37000", "2015-10-31": "0.34000", "2015-07-31": "0.32000", "2015-04-30": "0.30000", "2015-01-31": "0.27000", "2014-10-31": "0.27000", "2014-07-31": "0.26000", "2014-04-30": "0.25000", "2014-01-31": "0.27000", "2013-10-31": "0.27000", "2013-07-31": "0.24000", "2013-04-30": "0.22000", "2013-01-31": "0.26000", "2012-10-31": "0.24000", "2012-07-31": "0.24670", "2012-04-30": "0.20000", "2012-01-31": "0.18000", "2011-10-31": "0.15330", "2011-07-31": "0.12110", "2011-04-30": "0.13330", "2011-01-31": "0.14670", "2010-10-31": "0.12890", "2010-07-31": "0.12220", "2010-04-30": "0.11110", "2010-01-31": "0.12890", "2009-10-31": "0.16440", "2009-07-31": "0.11560", "2009-04-30": "0.11110", "2009-01-31": "0.10220", "2008-10-31": "0.08890", "2008-07-31": "0.07110", "2008-04-30": "0.05330", "2008-01-31": "0.05780", "2007-10-31": "0.05330", "2007-07-31": "0.05330", "2007-04-30": "0.06220", "2007-01-31": "0.06670", "2006-10-31": "0.05780", "2006-07-31": "0.33330", "2006-04-30": "0.12890", "2006-01-31": "0.11110", "2005-10-31": "0.10670", "2005-07-31": "2.09470", "2005-04-30": "0.11110", "2005-01-31": "0.11560"}, "EPS - Earnings Per Share": {"2020-10-31": "0.57000", "2020-07-31": "-0.14000", "2020-04-30": "0.37000", "2020-01-31": "-0.05000", "2019-10-31": "0.14000", "2019-07-31": "0.21000", "2019-04-30": "0.20000", "2019-01-31": "0.45000", "2018-10-31": "0.46000", "2018-07-31": "0.40000", "2018-04-30": "0.45000", "2018-01-31": "0.78000", "2017-10-31": "0.55000", "2017-07-31": "0.41000", "2017-04-30": "0.42000", "2017-01-31": "0.43000", "2016-10-31": "0.45000", "2016-07-31": "0.39000", "2016-04-30": "0.34000", "2016-01-31": "0.37000", "2015-10-31": "0.34000", "2015-07-31": "0.31000", "2015-04-30": "0.30000", "2015-01-31": "0.27000", "2014-10-31": "0.27000", "2014-07-31": "0.25000", "2014-04-30": "0.25000", "2014-01-31": "0.27000", "2013-10-31": "0.27000", "2013-07-31": "0.25000", "2013-04-30": "0.22000", "2013-01-31": "0.25000", "2012-10-31": "0.23000", "2012-07-31": "0.23670", "2012-04-30": "0.20000", "2012-01-31": "0.18000", "2011-10-31": "0.15330", "2011-07-31": "0.11780", "2011-04-30": "0.12670", "2011-01-31": "0.14670", "2010-10-31": "0.12890", "2010-07-31": "0.11560", "2010-04-30": "0.11110", "2010-01-31": "0.12890", "2009-10-31": "0.16440", "2009-07-31": "0.11560", "2009-04-30": "0.11110", "2009-01-31": "0.10220", "2008-10-31": "0.08890", "2008-07-31": "0.07110", "2008-04-30": "0.05330", "2008-01-31": "0.05780", "2007-10-31": "0.05330", "2007-07-31": "0.05330", "2007-04-30": "0.06220", "2007-01-31": "0.06220", "2006-10-31": "0.05330", "2006-07-31": "0.31560", "2006-04-30": "0.12440", "2006-01-31": "0.10670", "2005-10-31": "0.10220", "2005-07-31": "0.12890", "2005-04-30": "0.10220", "2005-01-31": "0.10670"}}, "balance sheet": {"Cash On Hand": {"2020-07-31": "277.87100", "2019-07-31": "44.53500", "2018-07-31": "94.09700", "2017-07-31": "36.58400", "2016-07-31": "28.36700", "2015-07-31": "31.72000", "2014-07-31": "31.78100", "2013-07-31": "34.07600", "2012-07-31": "30.18600", "2011-07-31": "18.41000", "2010-07-31": "22.61200", "2009-07-31": "23.36800", "2008-07-31": "18.31800", "2007-07-31": "15.86000", "2006-07-31": "29.89800", "2005-07-31": "33.33500"}, "Receivables": {"2020-07-31": "182.35200", "2019-07-31": "148.10700", "2018-07-31": "118.64200", "2017-07-31": "110.65600", "2016-07-31": "93.33200", "2015-07-31": "69.80500", "2014-07-31": "62.22500", "2013-07-31": "53.86000", "2012-07-31": "49.83100", "2011-07-31": "46.12100", "2010-07-31": "31.87000", "2009-07-31": "30.45000", "2008-07-31": "30.31600", "2007-07-31": "30.44100", "2006-07-31": "23.71800", "2005-07-31": "20.84900"}, "Inventory": {"2020-07-31": "167.96000", "2019-07-31": "138.23400", "2018-07-31": "107.59200", "2017-07-31": "98.72400", "2016-07-31": "91.48600", "2015-07-31": "72.07800", "2014-07-31": "59.73700", "2013-07-31": "54.16700", "2012-07-31": "46.75500", "2011-07-31": "40.06400", "2010-07-31": "34.62200", "2009-07-31": "29.20000", "2008-07-31": "31.80200", "2007-07-31": "27.32000", "2006-07-31": "23.94200", "2005-07-31": "13.57600"}, "Pre-Paid Expenses": {"2020-07-31": "18.44300", "2019-07-31": "20.92000", "2018-07-31": "17.91200", "2017-07-31": "11.40700", "2016-07-31": "9.55700", "2015-07-31": "8.52500", "2014-07-31": "6.61500", "2013-07-31": "4.42800", "2012-07-31": "3.32100", "2011-07-31": "3.08400", "2010-07-31": "3.20700", "2009-07-31": "3.99400", "2008-07-31": "2.56000", "2007-07-31": "1.57900", "2006-07-31": "1.28800", "2005-07-31": "1.04000"}, "Other Current Assets": {"2020-07-31": "", "2019-07-31": "", "2018-07-31": "", "2017-07-31": "", "2016-07-31": "", "2015-07-31": "", "2014-07-31": "", "2013-07-31": "", "2012-07-31": "", "2011-07-31": "", "2010-07-31": "", "2009-07-31": "", "2008-07-31": "", "2007-07-31": "", "2006-07-31": "", "2005-07-31": ""}, "Total Current Assets": {"2020-07-31": "646.62600", "2019-07-31": "351.79600", "2018-07-31": "338.24300", "2017-07-31": "257.37100", "2016-07-31": "222.74200", "2015-07-31": "188.36100", "2014-07-31": "163.90900", "2013-07-31": "150.66000", "2012-07-31": "133.89200", "2011-07-31": "111.32400", "2010-07-31": "94.73100", "2009-07-31": "88.91000", "2008-07-31": "84.56100", "2007-07-31": "76.73100", "2006-07-31": "82.44800", "2005-07-31": "94.49000"}, "Property, Plant, And Equipment": {"2020-07-31": "225.22200", "2019-07-31": "185.24200", "2018-07-31": "111.41700", "2017-07-31": "88.33800", "2016-07-31": "74.60400", "2015-07-31": "62.54100", "2014-07-31": "52.71800", "2013-07-31": "46.46500", "2012-07-31": "43.02200", "2011-07-31": "34.45900", "2010-07-31": "35.24300", "2009-07-31": "35.96800", "2008-07-31": "37.92000", "2007-07-31": "38.57700", "2006-07-31": "38.10400", "2005-07-31": "22.03400"}, "Long-Term Investments": {"2020-07-31": "", "2019-07-31": "", "2018-07-31": "", "2017-07-31": "", "2016-07-31": "", "2015-07-31": "", "2014-07-31": "", "2013-07-31": "", "2012-07-31": "", "2011-07-31": "", "2010-07-31": "", "2009-07-31": "", "2008-07-31": "", "2007-07-31": "", "2006-07-31": "", "2005-07-31": ""}, "Goodwill And Intangible Assets": {"2020-07-31": "1140.20400", "2019-07-31": "519.62200", "2018-07-31": "505.38800", "2017-07-31": "435.95700", "2016-07-31": "392.03700", "2015-07-31": "327.78700", "2014-07-31": "314.59900", "2013-07-31": "287.54700", "2012-07-31": "254.96600", "2011-07-31": "173.96100", "2010-07-31": "149.50000", "2009-07-31": "152.03700", "2008-07-31": "155.21200", "2007-07-31": "146.68800", "2006-07-31": "115.79000", "2005-07-31": "46.33400"}, "Other Long-Term Assets": {"2020-07-31": "6.23100", "2019-07-31": "9.42500", "2018-07-31": "5.74900", "2017-07-31": "4.70700", "2016-07-31": "5.14900", "2015-07-31": "5.34200", "2014-07-31": "4.91900", "2013-07-31": "2.99900", "2012-07-31": "2.93200", "2011-07-31": "1.69900", "2010-07-31": "1.19100", "2009-07-31": "0.95600", "2008-07-31": "1.49700", "2007-07-31": "1.67500", "2006-07-31": "1.88500", "2005-07-31": "1.35300"}, "Total Long-Term Assets": {"2020-07-31": "1425.12800", "2019-07-31": "718.57000", "2018-07-31": "625.46500", "2017-07-31": "529.00200", "2016-07-31": "471.79000", "2015-07-31": "395.67000", "2014-07-31": "372.23600", "2013-07-31": "337.01100", "2012-07-31": "300.92000", "2011-07-31": "210.11900", "2010-07-31": "185.93400", "2009-07-31": "188.96100", "2008-07-31": "194.62900", "2007-07-31": "186.94000", "2006-07-31": "155.77900", "2005-07-31": "70.78900"}, "Total Assets": {"2020-07-31": "2071.75400", "2019-07-31": "1070.36600", "2018-07-31": "963.70800", "2017-07-31": "786.37300", "2016-07-31": "694.53200", "2015-07-31": "584.03100", "2014-07-31": "536.14500", "2013-07-31": "487.67100", "2012-07-31": "434.81200", "2011-07-31": "321.44300", "2010-07-31": "280.66500", "2009-07-31": "277.87100", "2008-07-31": "279.19000", "2007-07-31": "263.67100", "2006-07-31": "238.22700", "2005-07-31": "165.27900"}, "Total Current Liabilities": {"2020-07-31": "179.49600", "2019-07-31": "151.40000", "2018-07-31": "134.78300", "2017-07-31": "106.77900", "2016-07-31": "96.33500", "2015-07-31": "70.62400", "2014-07-31": "66.49900", "2013-07-31": "59.15100", "2012-07-31": "55.14100", "2011-07-31": "43.41100", "2010-07-31": "40.98400", "2009-07-31": "39.11300", "2008-07-31": "38.92200", "2007-07-31": "35.97100", "2006-07-31": "39.09700", "2005-07-31": "43.47500"}, "Long Term Debt": {"2020-07-31": "1051.66900", "2019-07-31": "220.85100", "2018-07-31": "187.30200", "2017-07-31": "126.00000", "2016-07-31": "116.00000", "2015-07-31": "78.50000", "2014-07-31": "80.50000", "2013-07-31": "85.00000", "2012-07-31": "80.00000", "2011-07-31": "24.00000", "2010-07-31": "11.00000", "2009-07-31": "33.30000", "2008-07-31": "50.30000", "2007-07-31": "51.00000", "2006-07-31": "34.00000", "2005-07-31": ""}, "Other Non-Current Liabilities": {"2020-07-31": "20.77800", "2019-07-31": "7.30000", "2018-07-31": "5.13200", "2017-07-31": "4.94800", "2016-07-31": "4.24800", "2015-07-31": "4.55200", "2014-07-31": "6.09500", "2013-07-31": "1.20200", "2012-07-31": "3.84100", "2011-07-31": "1.26700", "2010-07-31": "1.40800", "2009-07-31": "1.96400", "2008-07-31": "2.75300", "2007-07-31": "1.89800", "2006-07-31": "2.30400", "2005-07-31": "2.67700"}, "Total Long Term Liabilities": {"2020-07-31": "1162.65900", "2019-07-31": "257.42900", "2018-07-31": "220.05800", "2017-07-31": "155.66200", "2016-07-31": "143.82700", "2015-07-31": "106.77400", "2014-07-31": "104.40000", "2013-07-31": "107.38800", "2012-07-31": "103.73500", "2011-07-31": "43.71700", "2010-07-31": "30.27600", "2009-07-31": "51.64200", "2008-07-31": "71.55600", "2007-07-31": "72.63000", "2006-07-31": "58.32500", "2005-07-31": "13.17800"}, "Total Liabilities": {"2020-07-31": "1342.15500", "2019-07-31": "408.82900", "2018-07-31": "354.84100", "2017-07-31": "262.44100", "2016-07-31": "240.16200", "2015-07-31": "177.39800", "2014-07-31": "170.89900", "2013-07-31": "166.53900", "2012-07-31": "158.87600", "2011-07-31": "87.12800", "2010-07-31": "71.26000", "2009-07-31": "90.75500", "2008-07-31": "110.47800", "2007-07-31": "108.60100", "2006-07-31": "97.42200", "2005-07-31": "56.65300"}, "Common Stock Net": {"2020-07-31": "4.68100", "2019-07-31": "4.63600", "2018-07-31": "4.62400", "2017-07-31": "4.61900", "2016-07-31": "4.60800", "2015-07-31": "4.59100", "2014-07-31": "4.56400", "2013-07-31": "4.51800", "2012-07-31": "4.50000", "2011-07-31": "2.87400", "2010-07-31": "1.82700", "2009-07-31": "1.78800", "2008-07-31": "1.75200", "2007-07-31": "1.71300", "2006-07-31": "1.61500", "2005-07-31": "1.54500"}, "Retained Earnings (Accumulated Deficit)": {"2020-07-31": "548.33400", "2019-07-31": "539.09700", "2018-07-31": "491.54000", "2017-07-31": "407.59000", "2016-07-31": "342.05300", "2015-07-31": "287.10500", "2014-07-31": "243.30600", "2013-07-31": "203.76200", "2012-07-31": "167.53900", "2011-07-31": "138.72500", "2010-07-31": "120.36300", "2009-07-31": "102.10300", "2008-07-31": "86.53400", "2007-07-31": "77.84100", "2006-07-31": "69.39500", "2005-07-31": "45.69800"}, "Comprehensive Income": {"2020-07-31": "-27.59900", "2019-07-31": "-22.19700", "2018-07-31": "-11.45600", "2017-07-31": "-9.90000", "2016-07-31": "-11.79500", "2015-07-31": "1.22400", "2014-07-31": "9.55200", "2013-07-31": "10.97700", "2012-07-31": "8.17500", "2011-07-31": "9.28300", "2010-07-31": "8.04500", "2009-07-31": "8.28100", "2008-07-31": "10.29100", "2007-07-31": "8.49400", "2006-07-31": "6.71500", "2005-07-31": "5.62100"}, "Other Share Holders Equity": {"2020-07-31": "", "2019-07-31": "", "2018-07-31": "", "2017-07-31": "", "2016-07-31": "", "2015-07-31": "", "2014-07-31": "", "2013-07-31": "", "2012-07-31": "", "2011-07-31": "", "2010-07-31": "", "2009-07-31": "", "2008-07-31": "", "2007-07-31": "", "2006-07-31": "", "2005-07-31": ""}, "Share Holder Equity": {"2020-07-31": "729.59900", "2019-07-31": "661.53700", "2018-07-31": "608.86700", "2017-07-31": "523.93200", "2016-07-31": "454.37000", "2015-07-31": "406.63300", "2014-07-31": "365.24600", "2013-07-31": "321.13200", "2012-07-31": "275.93600", "2011-07-31": "234.31500", "2010-07-31": "209.40500", "2009-07-31": "187.11600", "2008-07-31": "168.71200", "2007-07-31": "155.07000", "2006-07-31": "140.80500", "2005-07-31": "108.62600"}, "Total Liabilities And Share Holders Equity": {"2020-07-31": "2071.75400", "2019-07-31": "1070.36600", "2018-07-31": "963.70800", "2017-07-31": "786.37300", "2016-07-31": "694.53200", "2015-07-31": "584.03100", "2014-07-31": "536.14500", "2013-07-31": "487.67100", "2012-07-31": "434.81200", "2011-07-31": "321.44300", "2010-07-31": "280.66500", "2009-07-31": "277.87100", "2008-07-31": "279.19000", "2007-07-31": "263.67100", "2006-07-31": "238.22700", "2005-07-31": "165.27900"}}, "balance sheet, quarterly": {"Cash On Hand": {"2020-10-31": "258.02100", "2020-07-31": "277.87100", "2020-04-30": "115.76600", "2020-01-31": "58.73000", "2019-10-31": "49.28500", "2019-07-31": "44.53500", "2019-04-30": "51.34800", "2019-01-31": "71.03100", "2018-10-31": "64.03000", "2018-07-31": "94.09700", "2018-04-30": "51.91600", "2018-01-31": "39.97700", "2017-10-31": "37.22000", "2017-07-31": "36.58400", "2017-04-30": "30.87300", "2017-01-31": "24.35100", "2016-10-31": "26.13500", "2016-07-31": "28.36700", "2016-04-30": "25.49800", "2016-01-31": "21.60400", "2015-10-31": "31.13100", "2015-07-31": "31.72000", "2015-04-30": "25.36500", "2015-01-31": "24.09200", "2014-10-31": "29.71400", "2014-07-31": "31.78100", "2014-04-30": "24.47400", "2014-01-31": "19.70600", "2013-10-31": "28.45300", "2013-07-31": "34.07600", "2013-04-30": "30.66900", "2013-01-31": "26.82500", "2012-10-31": "27.86600", "2012-07-31": "30.18600", "2012-04-30": "25.02700", "2012-01-31": "21.68900", "2011-10-31": "19.64600", "2011-07-31": "18.41000", "2011-04-30": "16.03900", "2011-01-31": "16.07500", "2010-10-31": "15.95400", "2010-07-31": "22.61200", "2010-04-30": "19.16500", "2010-01-31": "18.13100", "2009-10-31": "23.10500", "2009-07-31": "23.36800", "2009-04-30": "22.32800", "2009-01-31": "20.05200", "2008-10-31": "15.73500", "2008-07-31": "18.31800", "2008-04-30": "19.31000", "2008-01-31": "14.20800", "2007-10-31": "17.62500", "2007-07-31": "15.86000", "2007-04-30": "17.25100", "2007-01-31": "16.72600", "2006-10-31": "20.48000", "2006-07-31": "29.89800", "2006-04-30": "21.81300", "2006-01-31": "19.72200", "2005-10-31": "20.95000", "2005-07-31": "33.33500", "2005-04-30": "24.65100", "2005-01-31": "21.60100"}, "Receivables": {"2020-10-31": "185.79900", "2020-07-31": "182.35200", "2020-04-30": "162.98000", "2020-01-31": "168.87800", "2019-10-31": "174.93100", "2019-07-31": "148.10700", "2019-04-30": "143.98700", "2019-01-31": "127.09300", "2018-10-31": "125.14000", "2018-07-31": "118.64200", "2018-04-30": "118.33000", "2018-01-31": "116.59900", "2017-10-31": "105.15300", "2017-07-31": "110.65600", "2017-04-30": "110.59600", "2017-01-31": "100.11200", "2016-10-31": "95.66800", "2016-07-31": "93.33200", "2016-04-30": "91.52400", "2016-01-31": "76.01600", "2015-10-31": "73.91000", "2015-07-31": "69.80500", "2015-04-30": "73.29500", "2015-01-31": "66.38300", "2014-10-31": "64.04800", "2014-07-31": "62.22500", "2014-04-30": "61.70300", "2014-01-31": "62.45900", "2013-10-31": "57.64800", "2013-07-31": "53.86000", "2013-04-30": "52.66300", "2013-01-31": "52.96200", "2012-10-31": "48.77200", "2012-07-31": "49.83100", "2012-04-30": "46.30200", "2012-01-31": "45.89900", "2011-10-31": "43.67700", "2011-07-31": "46.12100", "2011-04-30": "44.30900", "2011-01-31": "40.52300", "2010-10-31": "34.07500", "2010-07-31": "31.87000", "2010-04-30": "29.87900", "2010-01-31": "32.19800", "2009-10-31": "31.85500", "2009-07-31": "30.45000", "2009-04-30": "30.72500", "2009-01-31": "28.24900", "2008-10-31": "29.19400", "2008-07-31": "30.31600", "2008-04-30": "30.36100", "2008-01-31": "33.25600", "2007-10-31": "32.63300", "2007-07-31": "30.44100", "2007-04-30": "28.08200", "2007-01-31": "26.57000", "2006-10-31": "24.31100", "2006-07-31": "23.71800", "2006-04-30": "38.30700", "2006-01-31": "37.00500", "2005-10-31": "36.27200", "2005-07-31": "20.84900", "2005-04-30": "31.84000", "2005-01-31": "30.34200"}, "Inventory": {"2020-10-31": "163.88000", "2020-07-31": "167.96000", "2020-04-30": "185.49300", "2020-01-31": "184.17700", "2019-10-31": "200.31200", "2019-07-31": "138.23400", "2019-04-30": "134.19300", "2019-01-31": "115.88600", "2018-10-31": "111.07100", "2018-07-31": "107.59200", "2018-04-30": "113.10900", "2018-01-31": "111.39200", "2017-10-31": "105.82300", "2017-07-31": "98.72400", "2017-04-30": "102.80500", "2017-01-31": "96.15000", "2016-10-31": "96.81900", "2016-07-31": "91.48600", "2016-04-30": "90.94700", "2016-01-31": "79.42900", "2015-10-31": "78.61900", "2015-07-31": "72.07800", "2015-04-30": "69.92700", "2015-01-31": "65.22900", "2014-10-31": "60.15600", "2014-07-31": "59.73700", "2014-04-30": "56.49200", "2014-01-31": "56.18500", "2013-10-31": "55.34000", "2013-07-31": "54.16700", "2013-04-30": "52.93700", "2013-01-31": "48.65500", "2012-10-31": "47.59400", "2012-07-31": "46.75500", "2012-04-30": "47.52400", "2012-01-31": "46.81800", "2011-10-31": "46.05700", "2011-07-31": "40.06400", "2011-04-30": "39.33800", "2011-01-31": "37.99500", "2010-10-31": "36.41000", "2010-07-31": "34.62200", "2010-04-30": "35.99900", "2010-01-31": "33.60900", "2009-10-31": "31.37500", "2009-07-31": "29.20000", "2009-04-30": "29.31700", "2009-01-31": "32.72500", "2008-10-31": "31.64400", "2008-07-31": "31.80200", "2008-04-30": "32.02200", "2008-01-31": "32.01500", "2007-10-31": "30.56000", "2007-07-31": "27.32000", "2007-04-30": "28.19500", "2007-01-31": "26.04700", "2006-10-31": "24.97300", "2006-07-31": "23.94200", "2006-04-30": "33.87500", "2006-01-31": "32.97000", "2005-10-31": "31.31800", "2005-07-31": "13.57600", "2005-04-30": "23.00800", "2005-01-31": "22.26100"}, "Pre-Paid Expenses": {"2020-10-31": "19.42900", "2020-07-31": "18.44300", "2020-04-30": "21.79000", "2020-01-31": "25.96300", "2019-10-31": "25.20400", "2019-07-31": "20.92000", "2019-04-30": "23.01800", "2019-01-31": "21.80100", "2018-10-31": "17.34000", "2018-07-31": "17.91200", "2018-04-30": "17.09700", "2018-01-31": "15.01100", "2017-10-31": "19.48400", "2017-07-31": "11.40700", "2017-04-30": "13.19100", "2017-01-31": "13.05900", "2016-10-31": "12.40800", "2016-07-31": "9.55700", "2016-04-30": "11.70600", "2016-01-31": "13.35300", "2015-10-31": "12.59300", "2015-07-31": "8.52500", "2015-04-30": "8.32300", "2015-01-31": "9.76700", "2014-10-31": "6.87100", "2014-07-31": "6.61500", "2014-04-30": "5.32300", "2014-01-31": "5.53500", "2013-10-31": "5.72400", "2013-07-31": "4.42800", "2013-04-30": "4.46600", "2013-01-31": "5.08300", "2012-10-31": "5.21500", "2012-07-31": "3.32100", "2012-04-30": "4.03300", "2012-01-31": "4.45100", "2011-10-31": "5.54900", "2011-07-31": "3.08400", "2011-04-30": "3.63900", "2011-01-31": "3.94300", "2010-10-31": "3.85500", "2010-07-31": "3.20700", "2010-04-30": "4.76800", "2010-01-31": "4.16100", "2009-10-31": "4.29100", "2009-07-31": "3.99400", "2009-04-30": "3.15200", "2009-01-31": "3.30000", "2008-10-31": "3.67000", "2008-07-31": "2.56000", "2008-04-30": "4.00600", "2008-01-31": "2.57400", "2007-10-31": "2.13700", "2007-07-31": "1.57900", "2007-04-30": "3.24900", "2007-01-31": "2.87600", "2006-10-31": "1.87900", "2006-07-31": "1.28800", "2006-04-30": "2.13000", "2006-01-31": "2.63600", "2005-10-31": "1.97900", "2005-07-31": "1.04000", "2005-04-30": "1.80700", "2005-01-31": "1.54100"}, "Other Current Assets": {"2020-10-31": "", "2020-07-31": "", "2020-04-30": "", "2020-01-31": "", "2019-10-31": "", "2019-07-31": "", "2019-04-30": "", "2019-01-31": "", "2018-10-31": "", "2018-07-31": "", "2018-04-30": "", "2018-01-31": "", "2017-10-31": "", "2017-07-31": "", "2017-04-30": "", "2017-01-31": "", "2016-10-31": "", "2016-07-31": "", "2016-04-30": "", "2016-01-31": "", "2015-10-31": "", "2015-07-31": "", "2015-04-30": "", "2015-01-31": "8.20700", "2014-10-31": "9.45100", "2014-07-31": "", "2014-04-30": "", "2014-01-31": "", "2013-10-31": "", "2013-07-31": "", "2013-04-30": "", "2013-01-31": "", "2012-10-31": "", "2012-07-31": "", "2012-04-30": "", "2012-01-31": "", "2011-10-31": "", "2011-07-31": "", "2011-04-30": "", "2011-01-31": "", "2010-10-31": "", "2010-07-31": "", "2010-04-30": "", "2010-01-31": "", "2009-10-31": "", "2009-07-31": "", "2009-04-30": "", "2009-01-31": "", "2008-10-31": "", "2008-07-31": "", "2008-04-30": "", "2008-01-31": "", "2007-10-31": "", "2007-07-31": "", "2007-04-30": "", "2007-01-31": "", "2006-10-31": "", "2006-07-31": "", "2006-04-30": "", "2006-01-31": "", "2005-10-31": "", "2005-07-31": "", "2005-04-30": "", "2005-01-31": ""}, "Total Current Assets": {"2020-10-31": "627.12900", "2020-07-31": "646.62600", "2020-04-30": "486.02900", "2020-01-31": "437.74800", "2019-10-31": "449.73200", "2019-07-31": "351.79600", "2019-04-30": "352.54600", "2019-01-31": "335.81100", "2018-10-31": "317.58100", "2018-07-31": "338.24300", "2018-04-30": "300.45200", "2018-01-31": "282.97900", "2017-10-31": "267.68000", "2017-07-31": "257.37100", "2017-04-30": "257.46500", "2017-01-31": "233.67200", "2016-10-31": "231.03000", "2016-07-31": "222.74200", "2016-04-30": "225.92900", "2016-01-31": "196.54600", "2015-10-31": "202.44600", "2015-07-31": "188.36100", "2015-04-30": "181.14900", "2015-01-31": "177.96100", "2014-10-31": "173.96300", "2014-07-31": "163.90900", "2014-04-30": "152.03100", "2014-01-31": "147.96300", "2013-10-31": "151.29300", "2013-07-31": "150.66000", "2013-04-30": "145.18300", "2013-01-31": "138.04200", "2012-10-31": "133.21100", "2012-07-31": "133.89200", "2012-04-30": "126.66100", "2012-01-31": "122.57400", "2011-10-31": "118.61700", "2011-07-31": "111.32400", "2011-04-30": "106.24100", "2011-01-31": "100.98500", "2010-10-31": "92.73000", "2010-07-31": "94.73100", "2010-04-30": "91.75200", "2010-01-31": "90.01800", "2009-10-31": "92.55200", "2009-07-31": "88.91000", "2009-04-30": "86.84400", "2009-01-31": "85.72800", "2008-10-31": "81.73600", "2008-07-31": "84.56100", "2008-04-30": "87.30400", "2008-01-31": "83.60900", "2007-10-31": "84.56500", "2007-07-31": "76.73100", "2007-04-30": "78.55900", "2007-01-31": "73.70700", "2006-10-31": "73.46500", "2006-07-31": "82.44800", "2006-04-30": "98.60500", "2006-01-31": "94.76500", "2005-10-31": "92.65400", "2005-07-31": "94.49000", "2005-04-30": "84.14300", "2005-01-31": "78.91500"}, "Property, Plant, And Equipment": {"2020-10-31": "223.51000", "2020-07-31": "225.22200", "2020-04-30": "224.23300", "2020-01-31": "230.02300", "2019-10-31": "227.94000", "2019-07-31": "185.24200", "2019-04-30": "173.07000", "2019-01-31": "164.83600", "2018-10-31": "148.58400", "2018-07-31": "111.41700", "2018-04-30": "100.75900", "2018-01-31": "95.67700", "2017-10-31": "91.48700", "2017-07-31": "88.33800", "2017-04-30": "85.69000", "2017-01-31": "83.04200", "2016-10-31": "80.48800", "2016-07-31": "74.60400", "2016-04-30": "72.55100", "2016-01-31": "69.99500", "2015-10-31": "69.16000", "2015-07-31": "62.54100", "2015-04-30": "61.62800", "2015-01-31": "61.40800", "2014-10-31": "52.93600", "2014-07-31": "52.71800", "2014-04-30": "48.49800", "2014-01-31": "47.07200", "2013-10-31": "46.56500", "2013-07-31": "46.46500", "2013-04-30": "45.43100", "2013-01-31": "45.78100", "2012-10-31": "42.40300", "2012-07-31": "43.02200", "2012-04-30": "43.26000", "2012-01-31": "43.71600", "2011-10-31": "44.21400", "2011-07-31": "34.45900", "2011-04-30": "35.09700", "2011-01-31": "35.24200", "2010-10-31": "34.81400", "2010-07-31": "35.24300", "2010-04-30": "35.28100", "2010-01-31": "35.67900", "2009-10-31": "35.78000", "2009-07-31": "35.96800", "2009-04-30": "35.68500", "2009-01-31": "36.24800", "2008-10-31": "37.13900", "2008-07-31": "37.92000", "2008-04-30": "38.08900", "2008-01-31": "38.55000", "2007-10-31": "39.01600", "2007-07-31": "38.57700", "2007-04-30": "38.47800", "2007-01-31": "38.43000", "2006-10-31": "38.59200", "2006-07-31": "38.10400", "2006-04-30": "35.99000", "2006-01-31": "35.55000", "2005-10-31": "35.86100", "2005-07-31": "22.03400", "2005-04-30": "23.09600", "2005-01-31": "23.20900"}, "Long-Term Investments": {"2020-10-31": "", "2020-07-31": "", "2020-04-30": "", "2020-01-31": "", "2019-10-31": "", "2019-07-31": "", "2019-04-30": "", "2019-01-31": "", "2018-10-31": "", "2018-07-31": "", "2018-04-30": "", "2018-01-31": "", "2017-10-31": "", "2017-07-31": "", "2017-04-30": "", "2017-01-31": "", "2016-10-31": "", "2016-07-31": "", "2016-04-30": "", "2016-01-31": "", "2015-10-31": "", "2015-07-31": "", "2015-04-30": "", "2015-01-31": "", "2014-10-31": "", "2014-07-31": "", "2014-04-30": "", "2014-01-31": "", "2013-10-31": "", "2013-07-31": "", "2013-04-30": "", "2013-01-31": "", "2012-10-31": "", "2012-07-31": "", "2012-04-30": "", "2012-01-31": "", "2011-10-31": "", "2011-07-31": "", "2011-04-30": "", "2011-01-31": "", "2010-10-31": "", "2010-07-31": "", "2010-04-30": "", "2010-01-31": "", "2009-10-31": "", "2009-07-31": "", "2009-04-30": "", "2009-01-31": "", "2008-10-31": "", "2008-07-31": "", "2008-04-30": "", "2008-01-31": "", "2007-10-31": "", "2007-07-31": "", "2007-04-30": "", "2007-01-31": "", "2006-10-31": "", "2006-07-31": "", "2006-04-30": "", "2006-01-31": "", "2005-10-31": "", "2005-07-31": "", "2005-04-30": "", "2005-01-31": ""}, "Goodwill And Intangible Assets": {"2020-10-31": "1131.75800", "2020-07-31": "1140.20400", "2020-04-30": "1139.95100", "2020-01-31": "1153.34700", "2019-10-31": "1162.27200", "2019-07-31": "519.62200", "2019-04-30": "526.21900", "2019-01-31": "512.56300", "2018-10-31": "508.63600", "2018-07-31": "505.38800", "2018-04-30": "512.35600", "2018-01-31": "499.75300", "2017-10-31": "490.65500", "2017-07-31": "435.95700", "2017-04-30": "436.30800", "2017-01-31": "431.30400", "2016-10-31": "432.73200", "2016-07-31": "392.03700", "2016-04-30": "403.04800", "2016-01-31": "391.65200", "2015-10-31": "400.26200", "2015-07-31": "327.78700", "2015-04-30": "331.93000", "2015-01-31": "322.74400", "2014-10-31": "302.63000", "2014-07-31": "314.59900", "2014-04-30": "292.83800", "2014-01-31": "295.15300", "2013-10-31": "284.94100", "2013-07-31": "287.54700", "2013-04-30": "282.34100", "2013-01-31": "285.06000", "2012-10-31": "252.79900", "2012-07-31": "254.96600", "2012-04-30": "257.34300", "2012-01-31": "259.34400", "2011-10-31": "262.71200", "2011-07-31": "173.96100", "2011-04-30": "175.38300", "2011-01-31": "167.83300", "2010-10-31": "168.95400", "2010-07-31": "149.50000", "2010-04-30": "149.12700", "2010-01-31": "149.62300", "2009-10-31": "150.70900", "2009-07-31": "152.03700", "2009-04-30": "149.01100", "2009-01-31": "149.83200", "2008-10-31": "151.52000", "2008-07-31": "155.21200", "2008-04-30": "153.11200", "2008-01-31": "154.64500", "2007-10-31": "157.20500", "2007-07-31": "146.68800", "2007-04-30": "141.97500", "2007-01-31": "112.97800", "2006-10-31": "114.82700", "2006-07-31": "115.79000", "2006-04-30": "112.20400", "2006-01-31": "112.86800", "2005-10-31": "113.64200", "2005-07-31": "46.33400", "2005-04-30": "47.11300", "2005-01-31": "47.65100"}, "Other Long-Term Assets": {"2020-10-31": "6.46700", "2020-07-31": "6.23100", "2020-04-30": "6.72200", "2020-01-31": "10.80800", "2019-10-31": "10.02900", "2019-07-31": "9.42500", "2019-04-30": "7.33700", "2019-01-31": "5.14000", "2018-10-31": "5.51200", "2018-07-31": "5.74900", "2018-04-30": "8.40400", "2018-01-31": "5.29400", "2017-10-31": "5.34800", "2017-07-31": "4.70700", "2017-04-30": "4.91900", "2017-01-31": "5.21200", "2016-10-31": "5.16200", "2016-07-31": "5.14900", "2016-04-30": "5.37100", "2016-01-31": "5.13500", "2015-10-31": "5.79400", "2015-07-31": "5.34200", "2015-04-30": "5.20000", "2015-01-31": "5.56200", "2014-10-31": "29.19600", "2014-07-31": "4.91900", "2014-04-30": "4.50800", "2014-01-31": "2.99700", "2013-10-31": "3.01900", "2013-07-31": "2.99900", "2013-04-30": "11.40900", "2013-01-31": "2.97500", "2012-10-31": "3.06100", "2012-07-31": "2.93200", "2012-04-30": "3.05500", "2012-01-31": "3.06800", "2011-10-31": "3.67800", "2011-07-31": "1.69900", "2011-04-30": "1.48200", "2011-01-31": "1.51200", "2010-10-31": "1.35000", "2010-07-31": "1.19100", "2010-04-30": "1.15100", "2010-01-31": "1.25900", "2009-10-31": "1.09100", "2009-07-31": "0.95600", "2009-04-30": "1.06200", "2009-01-31": "1.08400", "2008-10-31": "1.29000", "2008-07-31": "1.49700", "2008-04-30": "1.47000", "2008-01-31": "1.58800", "2007-10-31": "1.71300", "2007-07-31": "1.67500", "2007-04-30": "1.66800", "2007-01-31": "1.75500", "2006-10-31": "1.84500", "2006-07-31": "1.88500", "2006-04-30": "1.92700", "2006-01-31": "2.00300", "2005-10-31": "2.07400", "2005-07-31": "1.35300", "2005-04-30": "3.00600", "2005-01-31": "3.10400"}, "Total Long-Term Assets": {"2020-10-31": "1413.37400", "2020-07-31": "1425.12800", "2020-04-30": "1426.34300", "2020-01-31": "1453.15000", "2019-10-31": "1456.31400", "2019-07-31": "718.57000", "2019-04-30": "710.24690", "2019-01-31": "686.22200", "2018-10-31": "666.01800", "2018-07-31": "625.46500", "2018-04-30": "621.51900", "2018-01-31": "600.72400", "2017-10-31": "587.49000", "2017-07-31": "529.00200", "2017-04-30": "526.91710", "2017-01-31": "519.55800", "2016-10-31": "518.38200", "2016-07-31": "471.79000", "2016-04-30": "480.97000", "2016-01-31": "466.78200", "2015-10-31": "475.21600", "2015-07-31": "395.67000", "2015-04-30": "398.75800", "2015-01-31": "389.71400", "2014-10-31": "384.76200", "2014-07-31": "372.23600", "2014-04-30": "345.84400", "2014-01-31": "345.22200", "2013-10-31": "334.52500", "2013-07-31": "337.01100", "2013-04-30": "339.18100", "2013-01-31": "333.81600", "2012-10-31": "298.26300", "2012-07-31": "300.92000", "2012-04-30": "303.65800", "2012-01-31": "306.12800", "2011-10-31": "310.60400", "2011-07-31": "210.11900", "2011-04-30": "211.96200", "2011-01-31": "204.58700", "2010-10-31": "205.11800", "2010-07-31": "185.93400", "2010-04-30": "185.55900", "2010-01-31": "186.56100", "2009-10-31": "187.58000", "2009-07-31": "188.96100", "2009-04-30": "185.75800", "2009-01-31": "187.16400", "2008-10-31": "189.94900", "2008-07-31": "194.62900", "2008-04-30": "192.67100", "2008-01-31": "194.78300", "2007-10-31": "197.93400", "2007-07-31": "186.94000", "2007-04-30": "182.12100", "2007-01-31": "153.16300", "2006-10-31": "155.26400", "2006-07-31": "155.77900", "2006-04-30": "150.12100", "2006-01-31": "150.42100", "2005-10-31": "151.57700", "2005-07-31": "70.78900", "2005-04-30": "73.21500", "2005-01-31": "73.96400"}, "Total Assets": {"2020-10-31": "2040.50300", "2020-07-31": "2071.75400", "2020-04-30": "1912.37200", "2020-01-31": "1890.89800", "2019-10-31": "1906.04600", "2019-07-31": "1070.36600", "2019-04-30": "1062.79300", "2019-01-31": "1022.03300", "2018-10-31": "983.59900", "2018-07-31": "963.70800", "2018-04-30": "921.97100", "2018-01-31": "883.70300", "2017-10-31": "855.17000", "2017-07-31": "786.37300", "2017-04-30": "784.38200", "2017-01-31": "753.23000", "2016-10-31": "749.41200", "2016-07-31": "694.53200", "2016-04-30": "706.89900", "2016-01-31": "663.32800", "2015-10-31": "677.66200", "2015-07-31": "584.03100", "2015-04-30": "579.90700", "2015-01-31": "567.67500", "2014-10-31": "558.72500", "2014-07-31": "536.14500", "2014-04-30": "497.87500", "2014-01-31": "493.18500", "2013-10-31": "485.81800", "2013-07-31": "487.67100", "2013-04-30": "484.36400", "2013-01-31": "471.85800", "2012-10-31": "431.47400", "2012-07-31": "434.81200", "2012-04-30": "430.31900", "2012-01-31": "428.70200", "2011-10-31": "429.22100", "2011-07-31": "321.44300", "2011-04-30": "318.20300", "2011-01-31": "305.57200", "2010-10-31": "297.84800", "2010-07-31": "280.66500", "2010-04-30": "277.31100", "2010-01-31": "276.57900", "2009-10-31": "280.13200", "2009-07-31": "277.87100", "2009-04-30": "272.60200", "2009-01-31": "272.89200", "2008-10-31": "271.68500", "2008-07-31": "279.19000", "2008-04-30": "279.97500", "2008-01-31": "278.39200", "2007-10-31": "282.49900", "2007-07-31": "263.67100", "2007-04-30": "260.68000", "2007-01-31": "226.87000", "2006-10-31": "228.72900", "2006-07-31": "238.22700", "2006-04-30": "248.72600", "2006-01-31": "245.18600", "2005-10-31": "244.23100", "2005-07-31": "165.27900", "2005-04-30": "157.35800", "2005-01-31": "152.87900"}, "Total Current Liabilities": {"2020-10-31": "200.21100", "2020-07-31": "179.49600", "2020-04-30": "197.93500", "2020-01-31": "203.99100", "2019-10-31": "183.39700", "2019-07-31": "151.40000", "2019-04-30": "151.06800", "2019-01-31": "122.64800", "2018-10-31": "143.78700", "2018-07-31": "134.78300", "2018-04-30": "123.32700", "2018-01-31": "109.60100", "2017-10-31": "109.57100", "2017-07-31": "106.77900", "2017-04-30": "107.33000", "2017-01-31": "92.14200", "2016-10-31": "98.06600", "2016-07-31": "96.33500", "2016-04-30": "91.27400", "2016-01-31": "66.10700", "2015-10-31": "75.06700", "2015-07-31": "70.62400", "2015-04-30": "66.18600", "2015-01-31": "62.30700", "2014-10-31": "64.03800", "2014-07-31": "66.49900", "2014-04-30": "50.22200", "2014-01-31": "47.52400", "2013-10-31": "59.98800", "2013-07-31": "59.15100", "2013-04-30": "56.26000", "2013-01-31": "51.38900", "2012-10-31": "54.61500", "2012-07-31": "55.14100", "2012-04-30": "50.69100", "2012-01-31": "51.57300", "2011-10-31": "52.21200", "2011-07-31": "43.41100", "2011-04-30": "69.40100", "2011-01-31": "63.92600", "2010-10-31": "63.83200", "2010-07-31": "40.98400", "2010-04-30": "37.41800", "2010-01-31": "53.07200", "2009-10-31": "60.52300", "2009-07-31": "39.11300", "2009-04-30": "36.32100", "2009-01-31": "36.43800", "2008-10-31": "34.74800", "2008-07-31": "38.92200", "2008-04-30": "34.28300", "2008-01-31": "32.05800", "2007-10-31": "33.13100", "2007-07-31": "35.97100", "2007-04-30": "29.89300", "2007-01-31": "27.15200", "2006-10-31": "28.10700", "2006-07-31": "39.09700", "2006-04-30": "33.62600", "2006-01-31": "31.04200", "2005-10-31": "32.54300", "2005-07-31": "43.47500", "2005-04-30": "28.53600", "2005-01-31": "25.50400"}, "Long Term Debt": {"2020-10-31": "971.75900", "2020-07-31": "1051.66900", "2020-04-30": "944.01100", "2020-01-31": "885.44200", "2019-10-31": "875.75500", "2019-07-31": "220.85100", "2019-04-30": "223.21400", "2019-01-31": "227.57700", "2018-10-31": "184.94000", "2018-07-31": "187.30200", "2018-04-30": "169.00000", "2018-01-31": "160.00000", "2017-10-31": "168.00000", "2017-07-31": "126.00000", "2017-04-30": "145.00000", "2017-01-31": "149.00000", "2016-10-31": "161.00000", "2016-07-31": "116.00000", "2016-04-30": "132.00000", "2016-01-31": "133.50000", "2015-10-31": "147.50000", "2015-07-31": "78.50000", "2015-04-30": "91.50000", "2015-01-31": "95.50000", "2014-10-31": "93.50000", "2014-07-31": "80.50000", "2014-04-30": "64.50000", "2014-01-31": "74.50000", "2013-10-31": "72.00000", "2013-07-31": "85.00000", "2013-04-30": "95.00000", "2013-01-31": "97.00000", "2012-10-31": "70.00000", "2012-07-31": "80.00000", "2012-04-30": "90.50000", "2012-01-31": "98.00000", "2011-10-31": "106.50000", "2011-07-31": "24.00000", "2011-04-30": "", "2011-01-31": "", "2010-10-31": "", "2010-07-31": "11.00000", "2010-04-30": "15.00000", "2010-01-31": "5.00000", "2009-10-31": "7.50000", "2009-07-31": "33.30000", "2009-04-30": "39.80000", "2009-01-31": "45.30000", "2008-10-31": "48.80000", "2008-07-31": "50.30000", "2008-04-30": "56.30000", "2008-01-31": "59.80000", "2007-10-31": "64.05000", "2007-07-31": "51.00000", "2007-04-30": "55.50000", "2007-01-31": "31.00000", "2006-10-31": "32.50000", "2006-07-31": "34.00000", "2006-04-30": "54.00000", "2006-01-31": "58.50000", "2005-10-31": "63.00000", "2005-07-31": "", "2005-04-30": "12.00000", "2005-01-31": "15.25000"}, "Other Non-Current Liabilities": {"2020-10-31": "20.32300", "2020-07-31": "20.77800", "2020-04-30": "12.64900", "2020-01-31": "5.37100", "2019-10-31": "40.63000", "2019-07-31": "7.30000", "2019-04-30": "6.98300", "2019-01-31": "4.90400", "2018-10-31": "5.18600", "2018-07-31": "5.13200", "2018-04-30": "5.24100", "2018-01-31": "3.47600", "2017-10-31": "3.64600", "2017-07-31": "4.94800", "2017-04-30": "4.83200", "2017-01-31": "4.72700", "2016-10-31": "4.76600", "2016-07-31": "4.24800", "2016-04-30": "4.06100", "2016-01-31": "3.65800", "2015-10-31": "3.80000", "2015-07-31": "4.55200", "2015-04-30": "4.39900", "2015-01-31": "7.37700", "2014-10-31": "6.10700", "2014-07-31": "6.09500", "2014-04-30": "6.98100", "2014-01-31": "6.83900", "2013-10-31": "1.22000", "2013-07-31": "1.20200", "2013-04-30": "1.51300", "2013-01-31": "1.49000", "2012-10-31": "1.84300", "2012-07-31": "3.84100", "2012-04-30": "4.42200", "2012-01-31": "4.26000", "2011-10-31": "4.89700", "2011-07-31": "1.26700", "2011-04-30": "1.15200", "2011-01-31": "1.75400", "2010-10-31": "2.36700", "2010-07-31": "1.40800", "2010-04-30": "1.47700", "2010-01-31": "1.76700", "2009-10-31": "1.81100", "2009-07-31": "1.96400", "2009-04-30": "2.18800", "2009-01-31": "2.64900", "2008-10-31": "2.72700", "2008-07-31": "2.75300", "2008-04-30": "2.27900", "2008-01-31": "2.29900", "2007-10-31": "1.98000", "2007-07-31": "1.89800", "2007-04-30": "2.55900", "2007-01-31": "2.43600", "2006-10-31": "2.38600", "2006-07-31": "2.30400", "2006-04-30": "2.76200", "2006-01-31": "2.70700", "2005-10-31": "2.67600", "2005-07-31": "2.67700", "2005-04-30": "3.24000", "2005-01-31": "3.46500"}, "Total Long Term Liabilities": {"2020-10-31": "1081.91100", "2020-07-31": "1162.65900", "2020-04-30": "1025.96800", "2020-01-31": "963.62600", "2019-10-31": "990.45800", "2019-07-31": "257.42900", "2019-04-30": "255.86000", "2019-01-31": "257.78200", "2018-10-31": "217.45200", "2018-07-31": "220.05800", "2018-04-30": "197.33800", "2018-01-31": "187.61900", "2017-10-31": "203.02100", "2017-07-31": "155.66200", "2017-04-30": "173.17500", "2017-01-31": "177.92800", "2016-10-31": "190.92200", "2016-07-31": "143.82700", "2016-04-30": "167.98700", "2016-01-31": "169.76900", "2015-10-31": "184.96600", "2015-07-31": "106.77400", "2015-04-30": "119.50600", "2015-01-31": "125.01100", "2014-10-31": "118.98900", "2014-07-31": "104.40000", "2014-04-30": "93.21800", "2014-01-31": "103.64300", "2013-10-31": "95.39600", "2013-07-31": "107.38800", "2013-04-30": "120.14900", "2013-01-31": "122.46700", "2012-10-31": "92.26200", "2012-07-31": "103.73500", "2012-04-30": "113.24600", "2012-01-31": "120.46100", "2011-10-31": "129.75200", "2011-07-31": "43.71700", "2011-04-30": "19.24500", "2011-01-31": "19.47100", "2010-10-31": "19.80700", "2010-07-31": "30.27600", "2010-04-30": "33.67200", "2010-01-31": "23.60700", "2009-10-31": "26.27700", "2009-07-31": "51.64200", "2009-04-30": "58.41900", "2009-01-31": "64.61600", "2008-10-31": "69.09900", "2008-07-31": "71.55600", "2008-04-30": "78.91700", "2008-01-31": "82.55000", "2007-10-31": "86.79500", "2007-07-31": "72.63000", "2007-04-30": "80.15900", "2007-01-31": "55.43400", "2006-10-31": "56.96900", "2006-07-31": "58.32500", "2006-04-30": "80.69900", "2006-01-31": "85.11400", "2005-10-31": "90.15000", "2005-07-31": "13.17800", "2005-04-30": "25.44200", "2005-01-31": "27.97100"}, "Total Liabilities": {"2020-10-31": "1282.12200", "2020-07-31": "1342.15500", "2020-04-30": "1223.90300", "2020-01-31": "1167.61700", "2019-10-31": "1173.85500", "2019-07-31": "408.82900", "2019-04-30": "406.92800", "2019-01-31": "380.43000", "2018-10-31": "361.23900", "2018-07-31": "354.84100", "2018-04-30": "320.66500", "2018-01-31": "297.22000", "2017-10-31": "312.59200", "2017-07-31": "262.44100", "2017-04-30": "280.50500", "2017-01-31": "270.07000", "2016-10-31": "288.98800", "2016-07-31": "240.16200", "2016-04-30": "259.26100", "2016-01-31": "235.87600", "2015-10-31": "260.03300", "2015-07-31": "177.39800", "2015-04-30": "185.69200", "2015-01-31": "187.31800", "2014-10-31": "183.02700", "2014-07-31": "170.89900", "2014-04-30": "143.44000", "2014-01-31": "151.16700", "2013-10-31": "155.38400", "2013-07-31": "166.53900", "2013-04-30": "176.40900", "2013-01-31": "173.85600", "2012-10-31": "146.87700", "2012-07-31": "158.87600", "2012-04-30": "163.93700", "2012-01-31": "172.03400", "2011-10-31": "181.96400", "2011-07-31": "87.12800", "2011-04-30": "88.64600", "2011-01-31": "83.39700", "2010-10-31": "83.63900", "2010-07-31": "71.26000", "2010-04-30": "71.09000", "2010-01-31": "76.67900", "2009-10-31": "86.80000", "2009-07-31": "90.75500", "2009-04-30": "94.74000", "2009-01-31": "101.05400", "2008-10-31": "103.84700", "2008-07-31": "110.47800", "2008-04-30": "113.20000", "2008-01-31": "114.60800", "2007-10-31": "119.92600", "2007-07-31": "108.60100", "2007-04-30": "110.05200", "2007-01-31": "82.58600", "2006-10-31": "85.07600", "2006-07-31": "97.42200", "2006-04-30": "114.32500", "2006-01-31": "116.15600", "2005-10-31": "122.69300", "2005-07-31": "56.65300", "2005-04-30": "53.97800", "2005-01-31": "53.47500"}, "Common Stock Net": {"2020-10-31": "4.69300", "2020-07-31": "4.68100", "2020-04-30": "4.67900", "2020-01-31": "4.72200", "2019-10-31": "4.72200", "2019-07-31": "4.63600", "2019-04-30": "4.63600", "2019-01-31": "4.63100", "2018-10-31": "4.63100", "2018-07-31": "4.62400", "2018-04-30": "4.04600", "2018-01-31": "4.62400", "2017-10-31": "4.63400", "2017-07-31": "4.61900", "2017-04-30": "4.61800", "2017-01-31": "4.61800", "2016-10-31": "4.61700", "2016-07-31": "4.60800", "2016-04-30": "4.60800", "2016-01-31": "4.60700", "2015-10-31": "4.60700", "2015-07-31": "4.59100", "2015-04-30": "4.58400", "2015-01-31": "4.58200", "2014-10-31": "4.58300", "2014-07-31": "4.56400", "2014-04-30": "4.55700", "2014-01-31": "4.55200", "2013-10-31": "4.54500", "2013-07-31": "4.51800", "2013-04-30": "3.00100", "2013-01-31": "2.99900", "2012-10-31": "3.00000", "2012-07-31": "4.50000", "2012-04-30": "2.99500", "2012-01-31": "2.98700", "2011-10-31": "1.98200", "2011-07-31": "2.87400", "2011-04-30": "1.90800", "2011-01-31": "1.89700", "2010-10-31": "1.84300", "2010-07-31": "1.82700", "2010-04-30": "1.82100", "2010-01-31": "1.80600", "2009-10-31": "1.79500", "2009-07-31": "1.78800", "2009-04-30": "1.78300", "2009-01-31": "1.77300", "2008-10-31": "1.77000", "2008-07-31": "1.75200", "2008-04-30": "1.73400", "2008-01-31": "1.73300", "2007-10-31": "1.73000", "2007-07-31": "1.71300", "2007-04-30": "1.70500", "2007-01-31": "1.64500", "2006-10-31": "1.64300", "2006-07-31": "1.61500", "2006-04-30": "1.60700", "2006-01-31": "1.59700", "2005-10-31": "1.59400", "2005-07-31": "1.54500", "2005-04-30": "1.54000", "2005-01-31": "1.53500"}, "Retained Earnings (Accumulated Deficit)": {"2020-10-31": "572.79800", "2020-07-31": "548.33400", "2020-04-30": "553.91700", "2020-01-31": "538.13000", "2019-10-31": "544.86400", "2019-07-31": "539.09700", "2019-04-30": "534.44900", "2019-01-31": "526.27400", "2018-10-31": "511.64700", "2018-07-31": "491.54000", "2018-04-30": "478.19700", "2018-01-31": "459.46200", "2017-10-31": "430.51900", "2017-07-31": "407.59000", "2017-04-30": "393.51300", "2017-01-31": "376.00200", "2016-10-31": "357.92200", "2016-07-31": "342.05300", "2016-04-30": "328.26500", "2016-01-31": "314.24600", "2015-10-31": "298.85700", "2015-07-31": "287.10500", "2015-04-30": "275.91000", "2015-01-31": "263.55400", "2014-10-31": "254.54500", "2014-07-31": "243.30600", "2014-04-30": "234.46400", "2014-01-31": "224.21500", "2013-10-31": "213.08900", "2013-07-31": "203.76200", "2013-04-30": "195.07100", "2013-01-31": "186.07300", "2012-10-31": "175.62100", "2012-07-31": "167.53900", "2012-04-30": "159.15500", "2012-01-31": "150.98100", "2011-10-31": "143.68700", "2011-07-31": "138.72500", "2011-04-30": "135.07700", "2011-01-31": "130.02900", "2010-10-31": "124.31200", "2010-07-31": "120.36300", "2010-04-30": "116.58200", "2010-01-31": "112.30800", "2009-10-31": "108.27100", "2009-07-31": "102.10300", "2009-04-30": "97.82400", "2009-01-31": "93.64100", "2008-10-31": "89.86700", "2008-07-31": "86.53400", "2008-04-30": "83.93800", "2008-01-31": "81.93700", "2007-10-31": "79.78000", "2007-07-31": "77.84100", "2007-04-30": "75.88100", "2007-01-31": "73.63300", "2006-10-31": "71.36300", "2006-07-31": "69.39500", "2006-04-30": "57.95600", "2006-01-31": "53.37300", "2005-10-31": "49.44400", "2005-07-31": "45.69800", "2005-04-30": "40.98400", "2005-01-31": "37.17500"}, "Comprehensive Income": {"2020-10-31": "-25.24900", "2020-07-31": "-27.59900", "2020-04-30": "-42.09200", "2020-01-31": "-16.91400", "2019-10-31": "-17.02000", "2019-07-31": "-22.19700", "2019-04-30": "-19.65500", "2019-01-31": "-17.09600", "2018-10-31": "-16.67900", "2018-07-31": "-11.45600", "2018-04-30": "-5.29200", "2018-01-31": "1.24600", "2017-10-31": "-11.13300", "2017-07-31": "-9.90000", "2017-04-30": "-14.34400", "2017-01-31": "-15.72800", "2016-10-31": "-18.31600", "2016-07-31": "-11.79500", "2016-04-30": "-2.80300", "2016-01-31": "-6.80200", "2015-10-31": "0.39700", "2015-07-31": "1.22400", "2015-04-30": "1.93400", "2015-01-31": "2.05200", "2014-10-31": "7.66100", "2014-07-31": "9.55200", "2014-04-30": "9.56900", "2014-01-31": "9.40600", "2013-10-31": "10.71300", "2013-07-31": "10.97700", "2013-04-30": "8.19600", "2013-01-31": "8.39500", "2012-10-31": "8.28900", "2012-07-31": "8.17500", "2012-04-30": "8.52500", "2012-01-31": "8.32200", "2011-10-31": "8.37500", "2011-07-31": "9.28300", "2011-04-30": "9.38700", "2011-01-31": "8.39000", "2010-10-31": "8.10300", "2010-07-31": "8.04500", "2010-04-30": "9.52600", "2010-01-31": "8.33100", "2009-10-31": "8.13300", "2009-07-31": "8.28100", "2009-04-30": "5.31400", "2009-01-31": "4.46800", "2008-10-31": "5.11800", "2008-07-31": "10.29100", "2008-04-30": "10.76200", "2008-01-31": "10.66600", "2007-10-31": "12.32900", "2007-07-31": "8.49400", "2007-04-30": "7.48200", "2007-01-31": "5.72200", "2006-10-31": "6.77400", "2006-07-31": "6.71500", "2006-04-30": "10.31800", "2006-01-31": "8.94600", "2005-10-31": "7.01500", "2005-07-31": "5.62100", "2005-04-30": "5.27100", "2005-01-31": "5.31700"}, "Other Share Holders Equity": {"2020-10-31": "", "2020-07-31": "", "2020-04-30": "", "2020-01-31": "", "2019-10-31": "", "2019-07-31": "", "2019-04-30": "", "2019-01-31": "", "2018-10-31": "", "2018-07-31": "", "2018-04-30": "", "2018-01-31": "", "2017-10-31": "", "2017-07-31": "", "2017-04-30": "", "2017-01-31": "", "2016-10-31": "", "2016-07-31": "", "2016-04-30": "", "2016-01-31": "", "2015-10-31": "", "2015-07-31": "", "2015-04-30": "", "2015-01-31": "", "2014-10-31": "", "2014-07-31": "", "2014-04-30": "", "2014-01-31": "", "2013-10-31": "", "2013-07-31": "", "2013-04-30": "", "2013-01-31": "", "2012-10-31": "", "2012-07-31": "", "2012-04-30": "", "2012-01-31": "", "2011-10-31": "", "2011-07-31": "", "2011-04-30": "", "2011-01-31": "", "2010-10-31": "", "2010-07-31": "", "2010-04-30": "", "2010-01-31": "", "2009-10-31": "", "2009-07-31": "", "2009-04-30": "", "2009-01-31": "", "2008-10-31": "", "2008-07-31": "", "2008-04-30": "", "2008-01-31": "", "2007-10-31": "", "2007-07-31": "", "2007-04-30": "", "2007-01-31": "", "2006-10-31": "", "2006-07-31": "", "2006-04-30": "", "2006-01-31": "", "2005-10-31": "", "2005-07-31": "", "2005-04-30": "", "2005-01-31": ""}, "Share Holder Equity": {"2020-10-31": "758.38100", "2020-07-31": "729.59900", "2020-04-30": "688.46900", "2020-01-31": "723.28100", "2019-10-31": "732.19100", "2019-07-31": "661.53700", "2019-04-30": "655.86500", "2019-01-31": "641.60300", "2018-10-31": "622.36000", "2018-07-31": "608.86700", "2018-04-30": "601.30600", "2018-01-31": "586.48300", "2017-10-31": "542.57800", "2017-07-31": "523.93200", "2017-04-30": "503.87700", "2017-01-31": "483.16000", "2016-10-31": "460.42400", "2016-07-31": "454.37000", "2016-04-30": "447.63800", "2016-01-31": "427.45200", "2015-10-31": "417.62900", "2015-07-31": "406.63300", "2015-04-30": "394.21500", "2015-01-31": "380.35700", "2014-10-31": "375.69800", "2014-07-31": "365.24600", "2014-04-30": "354.43500", "2014-01-31": "342.01800", "2013-10-31": "330.43400", "2013-07-31": "321.13200", "2013-04-30": "307.95500", "2013-01-31": "298.00200", "2012-10-31": "284.59700", "2012-07-31": "275.93600", "2012-04-30": "266.38200", "2012-01-31": "256.66800", "2011-10-31": "247.25700", "2011-07-31": "234.31500", "2011-04-30": "229.55700", "2011-01-31": "222.17500", "2010-10-31": "214.20900", "2010-07-31": "209.40500", "2010-04-30": "206.22100", "2010-01-31": "199.90000", "2009-10-31": "193.33200", "2009-07-31": "187.11600", "2009-04-30": "177.86200", "2009-01-31": "171.83800", "2008-10-31": "167.83800", "2008-07-31": "168.71200", "2008-04-30": "166.77500", "2008-01-31": "163.78400", "2007-10-31": "162.57300", "2007-07-31": "155.07000", "2007-04-30": "150.62800", "2007-01-31": "144.28400", "2006-10-31": "143.65300", "2006-07-31": "140.80500", "2006-04-30": "134.40100", "2006-01-31": "129.03000", "2005-10-31": "121.53800", "2005-07-31": "108.62600", "2005-04-30": "103.38000", "2005-01-31": "99.40400"}, "Total Liabilities And Share Holders Equity": {"2020-10-31": "2040.50300", "2020-07-31": "2071.75400", "2020-04-30": "1912.37200", "2020-01-31": "1890.89800", "2019-10-31": "1906.04600", "2019-07-31": "1070.36600", "2019-04-30": "1062.79300", "2019-01-31": "1022.03300", "2018-10-31": "983.59900", "2018-07-31": "963.70800", "2018-04-30": "921.97100", "2018-01-31": "883.70300", "2017-10-31": "855.17000", "2017-07-31": "786.37300", "2017-04-30": "784.38200", "2017-01-31": "753.23000", "2016-10-31": "749.41200", "2016-07-31": "694.53200", "2016-04-30": "706.89900", "2016-01-31": "663.32800", "2015-10-31": "677.66200", "2015-07-31": "584.03100", "2015-04-30": "579.90700", "2015-01-31": "567.67500", "2014-10-31": "558.72500", "2014-07-31": "536.14500", "2014-04-30": "497.87500", "2014-01-31": "493.18500", "2013-10-31": "485.81800", "2013-07-31": "487.67100", "2013-04-30": "484.36400", "2013-01-31": "471.85800", "2012-10-31": "431.47400", "2012-07-31": "434.81200", "2012-04-30": "430.31900", "2012-01-31": "428.70200", "2011-10-31": "429.22100", "2011-07-31": "321.44300", "2011-04-30": "318.20300", "2011-01-31": "305.57200", "2010-10-31": "297.84800", "2010-07-31": "280.66500", "2010-04-30": "277.31100", "2010-01-31": "276.57900", "2009-10-31": "280.13200", "2009-07-31": "277.87100", "2009-04-30": "272.60200", "2009-01-31": "272.89200", "2008-10-31": "271.68500", "2008-07-31": "279.19000", "2008-04-30": "279.97500", "2008-01-31": "278.39200", "2007-10-31": "282.49900", "2007-07-31": "263.67100", "2007-04-30": "260.68000", "2007-01-31": "226.87000", "2006-10-31": "228.72900", "2006-07-31": "238.22700", "2006-04-30": "248.72600", "2006-01-31": "245.18600", "2005-10-31": "244.23100", "2005-07-31": "165.27900", "2005-04-30": "157.35800", "2005-01-31": "152.87900"}}, "cash flow statement": {"Net Income/Loss": {"2020-07-31": "13.70800", "2019-07-31": "55.04200", "2018-07-31": "91.04100", "2017-07-31": "71.37800", "2016-07-31": "59.95300", "2015-07-31": "47.95300", "2014-07-31": "43.26500", "2013-07-31": "39.23900", "2012-07-31": "31.33700", "2011-07-31": "20.42500", "2010-07-31": "19.94100", "2009-07-31": "15.56900", "2008-07-31": "8.69300", "2007-07-31": "8.44600", "2006-07-31": "23.69700", "2005-07-31": "15.50500"}, "Total Depreciation And Amortization - Cash Flow": {"2020-07-31": "74.34400", "2019-07-31": "42.35900", "2018-07-31": "34.83000", "2017-07-31": "33.45200", "2016-07-31": "25.08400", "2015-07-31": "24.35800", "2014-07-31": "19.32600", "2013-07-31": "17.60800", "2012-07-31": "16.29800", "2011-07-31": "12.76700", "2010-07-31": "11.90800", "2009-07-31": "11.91800", "2008-07-31": "12.10900", "2007-07-31": "10.58900", "2006-07-31": "10.54000", "2005-07-31": "5.11900"}, "Other Non-Cash Items": {"2020-07-31": "30.26800", "2019-07-31": "11.21400", "2018-07-31": "2.26900", "2017-07-31": "10.06400", "2016-07-31": "5.73900", "2015-07-31": "2.51800", "2014-07-31": "0.52000", "2013-07-31": "-1.81800", "2012-07-31": "2.95000", "2011-07-31": "0.78500", "2010-07-31": "0.72300", "2009-07-31": "1.01700", "2008-07-31": "-0.32400", "2007-07-31": "-6.77500", "2006-07-31": "-13.44700", "2005-07-31": "2.82500"}, "Total Non-Cash Items": {"2020-07-31": "104.61200", "2019-07-31": "53.57300", "2018-07-31": "37.09900", "2017-07-31": "43.51600", "2016-07-31": "30.82300", "2015-07-31": "26.87600", "2014-07-31": "19.84600", "2013-07-31": "15.79000", "2012-07-31": "19.24800", "2011-07-31": "13.55200", "2010-07-31": "12.63100", "2009-07-31": "12.93500", "2008-07-31": "11.78500", "2007-07-31": "3.81400", "2006-07-31": "-2.90700", "2005-07-31": "7.94400"}, "Change In Accounts Receivable": {"2020-07-31": "25.74800", "2019-07-31": "-23.04800", "2018-07-31": "-3.70000", "2017-07-31": "-12.86000", "2016-07-31": "-12.72900", "2015-07-31": "-3.90500", "2014-07-31": "-6.14900", "2013-07-31": "-2.44700", "2012-07-31": "2.30700", "2011-07-31": "-13.44900", "2010-07-31": "-1.06500", "2009-07-31": "-0.18500", "2008-07-31": "1.18900", "2007-07-31": "-6.33400", "2006-07-31": "2.98200", "2005-07-31": "-1.67600"}, "Change In Inventories": {"2020-07-31": "32.46300", "2019-07-31": "-28.36500", "2018-07-31": "-2.88300", "2017-07-31": "0.88700", "2016-07-31": "-15.55800", "2015-07-31": "-10.07500", "2014-07-31": "-2.65800", "2013-07-31": "-5.26200", "2012-07-31": "-2.22700", "2011-07-31": "-2.03800", "2010-07-31": "-5.18900", "2009-07-31": "2.29800", "2008-07-31": "-3.34300", "2007-07-31": "-1.34700", "2006-07-31": "-3.11400", "2005-07-31": "0.45800"}, "Change In Accounts Payable": {"2020-07-31": "", "2019-07-31": "", "2018-07-31": "", "2017-07-31": "", "2016-07-31": "", "2015-07-31": "", "2014-07-31": "", "2013-07-31": "", "2012-07-31": "", "2011-07-31": "", "2010-07-31": "", "2009-07-31": "", "2008-07-31": "", "2007-07-31": "", "2006-07-31": "", "2005-07-31": ""}, "Change In Assets/Liabilities": {"2020-07-31": "-5.18600", "2019-07-31": "-2.36400", "2018-07-31": "-5.16900", "2017-07-31": "-0.95700", "2016-07-31": "-2.85000", "2015-07-31": "-2.99600", "2014-07-31": "-2.38800", "2013-07-31": "-1.38700", "2012-07-31": "-0.34500", "2011-07-31": "-0.41800", "2010-07-31": "0.43600", "2009-07-31": "-1.40500", "2008-07-31": "-1.05200", "2007-07-31": "-0.11700", "2006-07-31": "0.28500", "2005-07-31": "0.17100"}, "Total Change In Assets/Liabilities": {"2020-07-31": "18.53700", "2019-07-31": "-41.68400", "2018-07-31": "-2.22800", "2017-07-31": "-6.70100", "2016-07-31": "-10.50800", "2015-07-31": "-15.75900", "2014-07-31": "1.16100", "2013-07-31": "-3.53500", "2012-07-31": "-0.00500", "2011-07-31": "-5.77900", "2010-07-31": "-3.53900", "2009-07-31": "2.48800", "2008-07-31": "-1.92100", "2007-07-31": "-6.29300", "2006-07-31": "1.27100", "2005-07-31": "1.32400"}, "Cash Flow From Operating Activities": {"2020-07-31": "136.85700", "2019-07-31": "66.93100", "2018-07-31": "125.91200", "2017-07-31": "108.19300", "2016-07-31": "80.26800", "2015-07-31": "59.07000", "2014-07-31": "64.27200", "2013-07-31": "51.49400", "2012-07-31": "50.58000", "2011-07-31": "28.19800", "2010-07-31": "29.03300", "2009-07-31": "30.99200", "2008-07-31": "18.55700", "2007-07-31": "5.96700", "2006-07-31": "22.06100", "2005-07-31": "24.77300"}, "Net Change In Property, Plant, And Equipment": {"2020-07-31": "-33.79600", "2019-07-31": "-95.43800", "2018-07-31": "-37.69800", "2017-07-31": "-27.01800", "2016-07-31": "-18.79300", "2015-07-31": "-12.73500", "2014-07-31": "-13.52700", "2013-07-31": "-6.71300", "2012-07-31": "-5.49300", "2011-07-31": "-5.75700", "2010-07-31": "-5.60000", "2009-07-31": "-2.54600", "2008-07-31": "-4.96000", "2007-07-31": "-5.46800", "2006-07-31": "-5.92200", "2005-07-31": "-3.34500"}, "Net Change In Intangible Assets": {"2020-07-31": "", "2019-07-31": "", "2018-07-31": "", "2017-07-31": "", "2016-07-31": "", "2015-07-31": "", "2014-07-31": "", "2013-07-31": "", "2012-07-31": "", "2011-07-31": "", "2010-07-31": "", "2009-07-31": "", "2008-07-31": "", "2007-07-31": "", "2006-07-31": "", "2005-07-31": ""}, "Net Acquisitions/Divestitures": {"2020-07-31": "-719.06300", "2019-07-31": "-37.59100", "2018-07-31": "-87.48800", "2017-07-31": "-70.04400", "2016-07-31": "-94.52800", "2015-07-31": "-39.80000", "2014-07-31": "-33.54700", "2013-07-31": "-45.07100", "2012-07-31": "-97.66600", "2011-07-31": "-29.65000", "2010-07-31": "-2.12700", "2009-07-31": "-8.70900", "2008-07-31": "-13.54900", "2007-07-31": "-36.07300", "2006-07-31": "-40.36000", "2005-07-31": ""}, "Net Change In Short-term Investments": {"2020-07-31": "", "2019-07-31": "", "2018-07-31": "", "2017-07-31": "", "2016-07-31": "", "2015-07-31": "", "2014-07-31": "", "2013-07-31": "", "2012-07-31": "", "2011-07-31": "", "2010-07-31": "", "2009-07-31": "", "2008-07-31": "", "2007-07-31": "", "2006-07-31": "", "2005-07-31": ""}, "Net Change In Long-Term Investments": {"2020-07-31": "", "2019-07-31": "", "2018-07-31": "", "2017-07-31": "", "2016-07-31": "", "2015-07-31": "", "2014-07-31": "", "2013-07-31": "", "2012-07-31": "", "2011-07-31": "", "2010-07-31": "", "2009-07-31": "", "2008-07-31": "", "2007-07-31": "", "2006-07-31": "", "2005-07-31": ""}, "Net Change In Investments - Total": {"2020-07-31": "", "2019-07-31": "", "2018-07-31": "", "2017-07-31": "", "2016-07-31": "", "2015-07-31": "", "2014-07-31": "", "2013-07-31": "", "2012-07-31": "", "2011-07-31": "", "2010-07-31": "", "2009-07-31": "", "2008-07-31": "", "2007-07-31": "", "2006-07-31": "", "2005-07-31": ""}, "Investing Activities - Other": {"2020-07-31": "", "2019-07-31": "", "2018-07-31": "", "2017-07-31": "", "2016-07-31": "0.33900", "2015-07-31": "0.24100", "2014-07-31": "-0.35800", "2013-07-31": "-0.26200", "2012-07-31": "0.04400", "2011-07-31": "-0.31400", "2010-07-31": "-0.51300", "2009-07-31": "-0.19500", "2008-07-31": "0.04300", "2007-07-31": "0.00600", "2006-07-31": "0.33200", "2005-07-31": "-0.28100"}, "Cash Flow From Investing Activities": {"2020-07-31": "-752.85900", "2019-07-31": "-133.02900", "2018-07-31": "-125.18600", "2017-07-31": "-97.06200", "2016-07-31": "-112.98200", "2015-07-31": "-52.29400", "2014-07-31": "-47.43200", "2013-07-31": "-52.04600", "2012-07-31": "-103.11500", "2011-07-31": "-35.72100", "2010-07-31": "-8.24000", "2009-07-31": "-11.45000", "2008-07-31": "-18.46600", "2007-07-31": "-41.53500", "2006-07-31": "-45.95000", "2005-07-31": "-3.62600"}, "Net Long-Term Debt": {"2020-07-31": "879.97600", "2019-07-31": "27.79300", "2018-07-31": "74.00000", "2017-07-31": "10.00000", "2016-07-31": "37.50000", "2015-07-31": "-2.00000", "2014-07-31": "-14.50000", "2013-07-31": "5.00000", "2012-07-31": "64.58800", "2011-07-31": "3.00000", "2010-07-31": "-22.30000", "2009-07-31": "-15.00000", "2008-07-31": "1.30000", "2007-07-31": "19.00000", "2006-07-31": "20.98400", "2005-07-31": "-9.25000"}, "Net Current Debt": {"2020-07-31": "", "2019-07-31": "", "2018-07-31": "", "2017-07-31": "", "2016-07-31": "", "2015-07-31": "", "2014-07-31": "", "2013-07-31": "", "2012-07-31": "", "2011-07-31": "", "2010-07-31": "", "2009-07-31": "", "2008-07-31": "", "2007-07-31": "", "2006-07-31": "", "2005-07-31": ""}, "Debt Issuance/Retirement Net - Total": {"2020-07-31": "879.97600", "2019-07-31": "27.79300", "2018-07-31": "74.00000", "2017-07-31": "10.00000", "2016-07-31": "37.50000", "2015-07-31": "-2.00000", "2014-07-31": "-14.50000", "2013-07-31": "5.00000", "2012-07-31": "64.58800", "2011-07-31": "3.00000", "2010-07-31": "-22.30000", "2009-07-31": "-15.00000", "2008-07-31": "1.30000", "2007-07-31": "19.00000", "2006-07-31": "20.98400", "2005-07-31": "-9.25000"}, "Net Common Equity Issued/Repurchased": {"2020-07-31": "-4.06300", "2019-07-31": "-4.74100", "2018-07-31": "-7.07400", "2017-07-31": "-6.91000", "2016-07-31": "-3.73200", "2015-07-31": "-3.11900", "2014-07-31": "-3.80500", "2013-07-31": "-0.43500", "2012-07-31": "0.46800", "2011-07-31": "1.26500", "2010-07-31": "1.71300", "2009-07-31": "0.91300", "2008-07-31": "0.29600", "2007-07-31": "1.37600", "2006-07-31": "-1.64400", "2005-07-31": "2.73100"}, "Net Total Equity Issued/Repurchased": {"2020-07-31": "-4.06300", "2019-07-31": "-4.74100", "2018-07-31": "-7.07400", "2017-07-31": "-6.91000", "2016-07-31": "-3.73200", "2015-07-31": "-3.11900", "2014-07-31": "-3.80500", "2013-07-31": "-0.43500", "2012-07-31": "0.46800", "2011-07-31": "1.26500", "2010-07-31": "1.71300", "2009-07-31": "0.91300", "2008-07-31": "0.29600", "2007-07-31": "1.37600", "2006-07-31": "-1.64400", "2005-07-31": "2.73100"}, "Total Common And Preferred Stock Dividends Paid": {"2020-07-31": "-4.47100", "2019-07-31": "-8.35000", "2018-07-31": "-7.09100", "2017-07-31": "-5.84100", "2016-07-31": "-5.00500", "2015-07-31": "-4.15400", "2014-07-31": "-3.72100", "2013-07-31": "-3.01600", "2012-07-31": "-2.52300", "2011-07-31": "-2.06400", "2010-07-31": "-1.68300", "2009-07-31": "", "2008-07-31": "", "2007-07-31": "", "2006-07-31": "", "2005-07-31": ""}, "Financial Activities - Other": {"2020-07-31": "-18.77200", "2019-07-31": "", "2018-07-31": "-2.69800", "2017-07-31": "", "2016-07-31": "1.17900", "2015-07-31": "3.16800", "2014-07-31": "3.07700", "2013-07-31": "2.87500", "2012-07-31": "1.97000", "2011-07-31": "0.77600", "2010-07-31": "0.42400", "2009-07-31": "0.26700", "2008-07-31": "0.28600", "2007-07-31": "0.70600", "2006-07-31": "0.78700", "2005-07-31": ""}, "Cash Flow From Financial Activities": {"2020-07-31": "852.67000", "2019-07-31": "14.70200", "2018-07-31": "57.13700", "2017-07-31": "-2.75100", "2016-07-31": "29.94200", "2015-07-31": "-6.10500", "2014-07-31": "-18.94900", "2013-07-31": "4.42400", "2012-07-31": "64.50300", "2011-07-31": "2.97700", "2010-07-31": "-21.84600", "2009-07-31": "-13.82000", "2008-07-31": "1.88200", "2007-07-31": "21.08200", "2006-07-31": "20.12700", "2005-07-31": "-6.51900"}, "Net Cash Flow": {"2020-07-31": "233.33600", "2019-07-31": "-49.56200", "2018-07-31": "57.51300", "2017-07-31": "8.21700", "2016-07-31": "-3.35300", "2015-07-31": "-0.06100", "2014-07-31": "-2.29500", "2013-07-31": "3.89000", "2012-07-31": "11.77600", "2011-07-31": "-4.20200", "2010-07-31": "-0.75600", "2009-07-31": "5.05000", "2008-07-31": "2.45800", "2007-07-31": "-14.03800", "2006-07-31": "-3.43700", "2005-07-31": "15.47300"}, "Stock-Based Compensation": {"2020-07-31": "12.07600", "2019-07-31": "15.56200", "2018-07-31": "9.61500", "2017-07-31": "8.84400", "2016-07-31": "8.36100", "2015-07-31": "5.86700", "2014-07-31": "5.40900", "2013-07-31": "3.73300", "2012-07-31": "3.84000", "2011-07-31": "3.35000", "2010-07-31": "3.13000", "2009-07-31": "3.18700", "2008-07-31": "1.96100", "2007-07-31": "1.48200", "2006-07-31": "1.17800", "2005-07-31": ""}, "Common Stock Dividends Paid": {"2020-07-31": "-4.47100", "2019-07-31": "-8.35000", "2018-07-31": "-7.09100", "2017-07-31": "-5.84100", "2016-07-31": "-5.00500", "2015-07-31": "-4.15400", "2014-07-31": "-3.72100", "2013-07-31": "-3.01600", "2012-07-31": "-2.52300", "2011-07-31": "-2.06400", "2010-07-31": "-1.68300", "2009-07-31": "", "2008-07-31": "", "2007-07-31": "", "2006-07-31": "", "2005-07-31": ""}}, "cash flow statement, quarterly": {"Net Income/Loss": {"2020-10-31": "24.46400", "2020-07-31": -5.583, "2020-04-30": 15.787, "2020-01-31": -2.263, "2019-10-31": "5.76700", "2019-07-31": 8.825, "2019-04-30": 8.175, "2019-01-31": 18.8, "2018-10-31": "19.24200", "2018-07-31": 16.888, "2018-04-30": 18.736, "2018-01-31": 32.488, "2017-10-31": "22.92900", "2017-07-31": 16.997, "2017-04-30": 17.511, "2017-01-31": 18.07, "2016-10-31": "18.80000", "2016-07-31": 16.291, "2016-04-30": 14.019, "2016-01-31": 15.389, "2015-10-31": "14.25400", "2015-07-31": 13.273, "2015-04-30": 12.356, "2015-01-31": 11.085, "2014-10-31": "11.23900", "2014-07-31": 10.705, "2014-04-30": 10.249, "2014-01-31": 11.126, "2013-10-31": "11.18500", "2013-07-31": 10.213, "2013-04-30": 8.998, "2013-01-31": 10.452, "2012-10-31": "9.57600", "2012-07-31": 9.649, "2012-04-30": 8.174, "2012-01-31": 7.294, "2011-10-31": "6.22000", "2011-07-31": 4.682, "2011-04-30": 5.048, "2011-01-31": 5.72, "2010-10-31": "4.97500", "2010-07-31": 4.623, "2010-04-30": 4.274, "2010-01-31": 4.876, "2009-10-31": "6.16800", "2009-07-31": 4.279, "2009-04-30": 4.183, "2009-01-31": 3.774, "2008-10-31": "3.33300", "2008-07-31": 2.596, "2008-04-30": 2.001, "2008-01-31": 2.157, "2007-10-31": "1.93900", "2007-07-31": 1.96, "2007-04-30": 2.248, "2007-01-31": 2.27, "2006-10-31": "1.96800", "2006-07-31": 11.439, "2006-04-30": 4.583, "2006-01-31": 3.929, "2005-10-31": "3.74600", "2005-07-31": 4.714, "2005-04-30": 3.809, "2005-01-31": 6.982}, "Total Depreciation And Amortization - Cash Flow": {"2020-10-31": "20.30900", "2020-07-31": 19.125, "2020-04-30": 20.056, "2020-01-31": 20.486, "2019-10-31": "14.67700", "2019-07-31": 11.396, "2019-04-30": 10.848, "2019-01-31": 9.383, "2018-10-31": "10.73200", "2018-07-31": 9.122, "2018-04-30": 9.106, "2018-01-31": 8.518, "2017-10-31": "8.08400", "2017-07-31": 10.6, "2017-04-30": 7.738, "2017-01-31": 7.751, "2016-10-31": "7.36300", "2016-07-31": 6.292, "2016-04-30": 6.507, "2016-01-31": 6.269, "2015-10-31": "6.01600", "2015-07-31": 6.836, "2015-04-30": 6.281, "2015-01-31": 5.873, "2014-10-31": "5.36800", "2014-07-31": 5.032, "2014-04-30": 4.92, "2014-01-31": 4.729, "2013-10-31": "4.64500", "2013-07-31": 4.528, "2013-04-30": 4.49, "2013-01-31": 4.474, "2012-10-31": "4.11600", "2012-07-31": 4.041, "2012-04-30": 4.106, "2012-01-31": 4.09, "2011-10-31": "4.06100", "2011-07-31": 3.298, "2011-04-30": 3.291, "2011-01-31": 3.152, "2010-10-31": "3.02600", "2010-07-31": 3.012, "2010-04-30": 2.971, "2010-01-31": 2.98, "2009-10-31": "2.94500", "2009-07-31": 3.114, "2009-04-30": 2.926, "2009-01-31": 2.893, "2008-10-31": "2.98500", "2008-07-31": 3.041, "2008-04-30": 3.048, "2008-01-31": 3.083, "2007-10-31": "2.93700", "2007-07-31": 2.968, "2007-04-30": 2.634, "2007-01-31": 2.471, "2006-10-31": "2.51600", "2006-07-31": 2.402, "2006-04-30": 2.444, "2006-01-31": 2.648, "2005-10-31": "3.04600", "2005-07-31": 1.31, "2005-04-30": 1.267, "2005-01-31": 2.542}, "Other Non-Cash Items": {"2020-10-31": "8.31600", "2020-07-31": 26.817, "2020-04-30": -10.522, "2020-01-31": 10.251, "2019-10-31": "3.72200", "2019-07-31": 1.737, "2019-04-30": 6.564, "2019-01-31": -0.225, "2018-10-31": "3.13800", "2018-07-31": 2.149, "2018-04-30": 1.684, "2018-01-31": -4.128, "2017-10-31": "2.56400", "2017-07-31": 2.659, "2017-04-30": 0.925, "2017-01-31": 1.308, "2016-10-31": "5.17200", "2016-07-31": 1.959, "2016-04-30": 1.498, "2016-01-31": 1.221, "2015-10-31": "1.06100", "2015-07-31": -0.236, "2015-04-30": 1.229, "2015-01-31": 0.769, "2014-10-31": "0.75600", "2014-07-31": -0.223, "2014-04-30": 0.613, "2014-01-31": 0.462, "2013-10-31": "-0.33200", "2013-07-31": -2.663, "2013-04-30": 0.547, "2013-01-31": -0.303, "2012-10-31": "0.60100", "2012-07-31": 1.734, "2012-04-30": -0.205, "2012-01-31": 1.056, "2011-10-31": "0.36500", "2011-07-31": -0.074, "2011-04-30": 0.299, "2011-01-31": 0.364, "2010-10-31": "0.19600", "2010-07-31": -0.641, "2010-04-30": 0.206, "2010-01-31": 0.688, "2009-10-31": "0.47000", "2009-07-31": 0.531, "2009-04-30": 0.581, "2009-01-31": -0.279, "2008-10-31": "0.18400", "2008-07-31": -0.655, "2008-04-30": 0.309, "2008-01-31": 0.284, "2007-10-31": "-0.26200", "2007-07-31": -1.974, "2007-04-30": 0.208, "2007-01-31": -0.023, "2006-10-31": "-4.98600", "2006-07-31": -12.845, "2006-04-30": -2.851, "2006-01-31": 0.436, "2005-10-31": "1.81300", "2005-07-31": -0.186, "2005-04-30": 1.073, "2005-01-31": 1.938}, "Total Non-Cash Items": {"2020-10-31": "28.62500", "2020-07-31": 45.942, "2020-04-30": 9.534, "2020-01-31": 30.737, "2019-10-31": "18.39900", "2019-07-31": 13.133, "2019-04-30": 17.412, "2019-01-31": 9.158, "2018-10-31": "13.87000", "2018-07-31": 11.271, "2018-04-30": 10.79, "2018-01-31": 4.39, "2017-10-31": "10.64800", "2017-07-31": 13.259, "2017-04-30": 8.663, "2017-01-31": 9.059, "2016-10-31": "12.53500", "2016-07-31": 8.251, "2016-04-30": 8.005, "2016-01-31": 7.49, "2015-10-31": "7.07700", "2015-07-31": 6.6, "2015-04-30": 7.51, "2015-01-31": 6.642, "2014-10-31": "6.12400", "2014-07-31": 4.809, "2014-04-30": 5.533, "2014-01-31": 5.191, "2013-10-31": "4.31300", "2013-07-31": 1.865, "2013-04-30": 5.037, "2013-01-31": 4.171, "2012-10-31": "4.71700", "2012-07-31": 5.775, "2012-04-30": 3.901, "2012-01-31": 5.146, "2011-10-31": "4.42600", "2011-07-31": 3.224, "2011-04-30": 3.59, "2011-01-31": 3.516, "2010-10-31": "3.22200", "2010-07-31": 2.371, "2010-04-30": 3.177, "2010-01-31": 3.668, "2009-10-31": "3.41500", "2009-07-31": 3.645, "2009-04-30": 3.507, "2009-01-31": 2.614, "2008-10-31": "3.16900", "2008-07-31": 2.386, "2008-04-30": 3.357, "2008-01-31": 3.367, "2007-10-31": "2.67500", "2007-07-31": 0.994, "2007-04-30": 2.842, "2007-01-31": 2.448, "2006-10-31": "-2.47000", "2006-07-31": -10.443, "2006-04-30": -0.407, "2006-01-31": 3.084, "2005-10-31": "4.85900", "2005-07-31": 1.124, "2005-04-30": 2.34, "2005-01-31": 4.48}, "Change In Accounts Receivable": {"2020-10-31": "-10.30200", "2020-07-31": -1.242, "2020-04-30": 21.284, "2020-01-31": 6.054, "2019-10-31": "-0.34800", "2019-07-31": -4.406, "2019-04-30": -11.733, "2019-01-31": -2.822, "2018-10-31": "-4.08700", "2018-07-31": -4.592, "2018-04-30": -0.253, "2018-01-31": -7.439, "2017-10-31": "8.58400", "2017-07-31": 0.248, "2017-04-30": -10.457, "2017-01-31": -4.228, "2016-10-31": "1.57700", "2016-07-31": -2.414, "2016-04-30": -7.294, "2016-01-31": -2.785, "2015-10-31": "-0.23600", "2015-07-31": 3.334, "2015-04-30": -7.558, "2015-01-31": 3.269, "2014-10-31": "-2.95000", "2014-07-31": 1.526, "2014-04-30": -0.485, "2014-01-31": -2.269, "2013-10-31": "-4.92100", "2013-07-31": -0.311, "2013-04-30": 0.129, "2013-01-31": -1.477, "2012-10-31": "-0.78800", "2012-07-31": -1.705, "2012-04-30": -0.373, "2012-01-31": -2.229, "2011-10-31": "6.61400", "2011-07-31": -1.806, "2011-04-30": -3.039, "2011-01-31": -6.427, "2010-10-31": "-2.17700", "2010-07-31": -1.727, "2010-04-30": 2.405, "2010-01-31": -0.328, "2009-10-31": "-1.41500", "2009-07-31": 0.894, "2009-04-30": -2.432, "2009-01-31": 0.897, "2008-10-31": "0.45600", "2008-07-31": -0.129, "2008-04-30": 3.047, "2008-01-31": -0.64, "2007-10-31": "-1.08900", "2007-07-31": -2.182, "2007-04-30": -1.229, "2007-01-31": -2.347, "2006-10-31": "-0.57600", "2006-07-31": -0.102, "2006-04-30": 1.824, "2006-01-31": 0.776, "2005-10-31": "0.48400", "2005-07-31": -0.1, "2005-04-30": -1.719, "2005-01-31": 0.143}, "Change In Inventories": {"2020-10-31": "4.21400", "2020-07-31": 19.277, "2020-04-30": -1.316, "2020-01-31": 15.984, "2019-10-31": "-1.48200", "2019-07-31": -3.694, "2019-04-30": -15.154, "2019-01-31": -6.158, "2018-10-31": "-3.35900", "2018-07-31": 6.908, "2018-04-30": -1.718, "2018-01-31": -5.444, "2017-10-31": "-2.62900", "2017-07-31": 3.221, "2017-04-30": -1.326, "2017-01-31": 0.816, "2016-10-31": "-1.82400", "2016-07-31": -1.877, "2016-04-30": -9.43, "2016-01-31": -1.956, "2015-10-31": "-2.29500", "2015-07-31": -2.768, "2015-04-30": -4.192, "2015-01-31": -1.726, "2014-10-31": "-1.38900", "2014-07-31": -0.578, "2014-04-30": -0.268, "2014-01-31": -0.603, "2013-10-31": "-1.20900", "2013-07-31": -0.949, "2013-04-30": -4.309, "2013-01-31": 0.829, "2012-10-31": "-0.83300", "2012-07-31": 0.731, "2012-04-30": -0.668, "2012-01-31": -0.384, "2011-10-31": "-1.90600", "2011-07-31": -0.982, "2011-04-30": -0.894, "2011-01-31": -1.53, "2010-10-31": "1.36800", "2010-07-31": 1.479, "2010-04-30": -2.266, "2010-01-31": -2.215, "2009-10-31": "-2.18700", "2009-07-31": 0.565, "2009-04-30": 3.438, "2009-01-31": -0.973, "2008-10-31": "-0.73200", "2008-07-31": 0.19, "2008-04-30": 0.111, "2008-01-31": -1.546, "2007-10-31": "-2.09800", "2007-07-31": 0.909, "2007-04-30": -0.103, "2007-01-31": -1.132, "2006-10-31": "-1.02100", "2006-07-31": -0.021, "2006-04-30": -0.017, "2006-01-31": -0.593, "2005-10-31": "-2.48300", "2005-07-31": 0.261, "2005-04-30": -0.914, "2005-01-31": 1.111}, "Change In Accounts Payable": {"2020-10-31": "", "2020-07-31": 0, "2020-04-30": 0, "2020-01-31": 0, "2019-10-31": "", "2019-07-31": 0, "2019-04-30": 0, "2019-01-31": 0, "2018-10-31": "", "2018-07-31": 0, "2018-04-30": 0, "2018-01-31": 0, "2017-10-31": "", "2017-07-31": 0, "2017-04-30": 0, "2017-01-31": 0, "2016-10-31": "", "2016-07-31": 0, "2016-04-30": 0, "2016-01-31": 0, "2015-10-31": "", "2015-07-31": 0, "2015-04-30": 0, "2015-01-31": 0, "2014-10-31": "", "2014-07-31": 0, "2014-04-30": 0, "2014-01-31": 0, "2013-10-31": "", "2013-07-31": 0, "2013-04-30": 0, "2013-01-31": 0, "2012-10-31": "", "2012-07-31": 0, "2012-04-30": 0, "2012-01-31": 0, "2011-10-31": "", "2011-07-31": 0, "2011-04-30": 0, "2011-01-31": 0, "2010-10-31": "", "2010-07-31": 0, "2010-04-30": 0, "2010-01-31": 0, "2009-10-31": "", "2009-07-31": 0, "2009-04-30": 0, "2009-01-31": 0, "2008-10-31": "", "2008-07-31": 0, "2008-04-30": 0, "2008-01-31": 0, "2007-10-31": "", "2007-07-31": 0, "2007-04-30": 0, "2007-01-31": 0, "2006-10-31": "", "2006-07-31": 0, "2006-04-30": 0, "2006-01-31": 0, "2005-10-31": "", "2005-07-31": 0, "2005-04-30": 0, "2005-01-31": 0}, "Change In Assets/Liabilities": {"2020-10-31": "-4.49900", "2020-07-31": -0.383, "2020-04-30": 0.279, "2020-01-31": -3.891, "2019-10-31": "-1.19100", "2019-07-31": 2.565, "2019-04-30": -1.949, "2019-01-31": -4.069, "2018-10-31": "1.08900", "2018-07-31": 2.087, "2018-04-30": -5.117, "2018-01-31": 4.134, "2017-10-31": "-6.27300", "2017-07-31": 1.967, "2017-04-30": 0.704, "2017-01-31": -0.827, "2016-10-31": "-2.80100", "2016-07-31": 2.187, "2016-04-30": -0.003, "2016-01-31": 0.5, "2015-10-31": "-5.53400", "2015-07-31": -0.552, "2015-04-30": 1.378, "2015-01-31": -3.039, "2014-10-31": "-0.78300", "2014-07-31": -1.035, "2014-04-30": -0.128, "2014-01-31": 0.138, "2013-10-31": "-1.36300", "2013-07-31": 0.062, "2013-04-30": 0.397, "2013-01-31": 0.227, "2012-10-31": "-2.07300", "2012-07-31": 0.539, "2012-04-30": 0.542, "2012-01-31": 1.014, "2011-10-31": "-2.44000", "2011-07-31": 0.481, "2011-04-30": 0.061, "2011-01-31": -0.078, "2010-10-31": "-0.88200", "2010-07-31": 0.364, "2010-04-30": 0.417, "2010-01-31": 0.136, "2009-10-31": "-0.48100", "2009-07-31": -0.767, "2009-04-30": 0.155, "2009-01-31": 0.367, "2008-10-31": "-1.16000", "2008-07-31": 0.423, "2008-04-30": -0.691, "2008-01-31": -0.18, "2007-10-31": "-0.60400", "2007-07-31": 0.306, "2007-04-30": 1.167, "2007-01-31": -0.998, "2006-10-31": "-0.59200", "2006-07-31": 0.527, "2006-04-30": 0.079, "2006-01-31": -0.019, "2005-10-31": "-0.30200", "2005-07-31": 1.144, "2005-04-30": -0.112, "2005-01-31": -0.861}, "Total Change In Assets/Liabilities": {"2020-10-31": "8.91800", "2020-07-31": 3.655, "2020-04-30": 23.989, "2020-01-31": 6.128, "2019-10-31": "-15.23500", "2019-07-31": -3.513, "2019-04-30": -6.295, "2019-01-31": -31.033, "2018-10-31": "-0.84300", "2018-07-31": 7.75, "2018-04-30": 5.806, "2018-01-31": -12.279, "2017-10-31": "-3.50500", "2017-07-31": 4.553, "2017-04-30": 2.209, "2017-01-31": -7.036, "2016-10-31": "-6.42700", "2016-07-31": 3.923, "2016-04-30": 1.508, "2016-01-31": -9.723, "2015-10-31": "-6.21600", "2015-07-31": 5.823, "2015-04-30": -5.33, "2015-01-31": -11.592, "2014-10-31": "-4.66000", "2014-07-31": 8.031, "2014-04-30": 3.396, "2014-01-31": -5.519, "2013-10-31": "-4.74700", "2013-07-31": 4.925, "2013-04-30": 1.405, "2013-01-31": -4.942, "2012-10-31": "-4.92300", "2012-07-31": 2.303, "2012-04-30": 0.94, "2012-01-31": -0.298, "2011-10-31": "-2.95000", "2011-07-31": 2.764, "2011-04-30": -2.484, "2011-01-31": -1.082, "2010-10-31": "-4.97700", "2010-07-31": 4.588, "2010-04-30": -0.315, "2010-01-31": -4.685, "2009-10-31": "-3.12700", "2009-07-31": 1.775, "2009-04-30": 0.395, "2009-01-31": 1.413, "2008-10-31": "-1.09500", "2008-07-31": 1.84, "2008-04-30": 3.49, "2008-01-31": -3.629, "2007-10-31": "-3.62200", "2007-07-31": 2.313, "2007-04-30": -0.334, "2007-01-31": -5.253, "2006-10-31": "-3.01900", "2006-07-31": 4.473, "2006-04-30": 3.71, "2006-01-31": -4.852, "2005-10-31": "-2.06000", "2005-07-31": 4.114, "2005-04-30": 0.675, "2005-01-31": -3.465}, "Cash Flow From Operating Activities": {"2020-10-31": "62.00700", "2020-07-31": 44.014, "2020-04-30": 49.31, "2020-01-31": 34.602, "2019-10-31": "8.93100", "2019-07-31": 18.445, "2019-04-30": 19.292, "2019-01-31": -3.075, "2018-10-31": "32.26900", "2018-07-31": 35.909, "2018-04-30": 35.332, "2018-01-31": 24.599, "2017-10-31": "30.07200", "2017-07-31": 34.809, "2017-04-30": 28.383, "2017-01-31": 20.093, "2016-10-31": "24.90800", "2016-07-31": 28.465, "2016-04-30": 23.532, "2016-01-31": 13.156, "2015-10-31": "15.11500", "2015-07-31": 25.696, "2015-04-30": 14.536, "2015-01-31": 6.135, "2014-10-31": "12.70300", "2014-07-31": 23.545, "2014-04-30": 19.178, "2014-01-31": 10.798, "2013-10-31": "10.75100", "2013-07-31": 17.003, "2013-04-30": 15.44, "2013-01-31": 9.681, "2012-10-31": "9.37000", "2012-07-31": 17.727, "2012-04-30": 13.015, "2012-01-31": 12.142, "2011-10-31": "7.69600", "2011-07-31": 10.67, "2011-04-30": 6.154, "2011-01-31": 8.154, "2010-10-31": "3.22000", "2010-07-31": 11.582, "2010-04-30": 7.136, "2010-01-31": 3.859, "2009-10-31": "6.45600", "2009-07-31": 9.699, "2009-04-30": 8.085, "2009-01-31": 7.801, "2008-10-31": "5.40700", "2008-07-31": 6.822, "2008-04-30": 8.848, "2008-01-31": 1.895, "2007-10-31": "0.99200", "2007-07-31": 5.267, "2007-04-30": 4.756, "2007-01-31": -0.535, "2006-10-31": "-3.52100", "2006-07-31": 5.469, "2006-04-30": 7.886, "2006-01-31": 2.161, "2005-10-31": "6.54500", "2005-07-31": 9.952, "2005-04-30": 6.824, "2005-01-31": 7.997}, "Net Change In Property, Plant, And Equipment": {"2020-10-31": "-5.49500", "2020-07-31": -7.584, "2020-04-30": -5.114, "2020-01-31": -10.708, "2019-10-31": "-10.39000", "2019-07-31": -20.051, "2019-04-30": -13.325, "2019-01-31": -23.228, "2018-10-31": "-38.83400", "2018-07-31": -13.926, "2018-04-30": -10.296, "2018-01-31": -6.984, "2017-10-31": "-6.49200", "2017-07-31": -6.296, "2017-04-30": -6.332, "2017-01-31": -6.268, "2016-10-31": "-8.12200", "2016-07-31": -6.59, "2016-04-30": -4.603, "2016-01-31": -4.433, "2015-10-31": "-3.16700", "2015-07-31": -4.455, "2015-04-30": -3.042, "2015-01-31": -2.198, "2014-10-31": "-3.04000", "2014-07-31": -5.649, "2014-04-30": -3.518, "2014-01-31": -2.181, "2013-10-31": "-2.17900", "2013-07-31": -2.711, "2013-04-30": -1.458, "2013-01-31": -1.374, "2012-10-31": "-1.17000", "2012-07-31": -1.633, "2012-04-30": -1.311, "2012-01-31": -1.259, "2011-10-31": "-1.29000", "2011-07-31": -1.107, "2011-04-30": -1.408, "2011-01-31": -2.079, "2010-10-31": "-1.16300", "2010-07-31": -1.402, "2010-04-30": -1.126, "2010-01-31": -1.695, "2009-10-31": "-1.37700", "2009-07-31": 0.421, "2009-04-30": -0.908, "2009-01-31": -0.679, "2008-10-31": "-1.38000", "2008-07-31": -1.471, "2008-04-30": -0.986, "2008-01-31": -1.155, "2007-10-31": "-1.34800", "2007-07-31": -1.559, "2007-04-30": -1.037, "2007-01-31": -1.107, "2006-10-31": "-1.76500", "2006-07-31": -2.981, "2006-04-30": -1.534, "2006-01-31": -0.865, "2005-10-31": "-0.54200", "2005-07-31": -0.825, "2005-04-30": -0.672, "2005-01-31": -1.848}, "Net Change In Intangible Assets": {"2020-10-31": "", "2020-07-31": 0, "2020-04-30": 0, "2020-01-31": 0, "2019-10-31": "", "2019-07-31": 0, "2019-04-30": 0, "2019-01-31": 0, "2018-10-31": "", "2018-07-31": 0, "2018-04-30": 0, "2018-01-31": 0, "2017-10-31": "", "2017-07-31": 0, "2017-04-30": 0, "2017-01-31": 0, "2016-10-31": "", "2016-07-31": 0, "2016-04-30": 0, "2016-01-31": 0, "2015-10-31": "", "2015-07-31": 0, "2015-04-30": 0, "2015-01-31": 0, "2014-10-31": "", "2014-07-31": 0, "2014-04-30": 0, "2014-01-31": 0, "2013-10-31": "", "2013-07-31": 0, "2013-04-30": 0, "2013-01-31": 0, "2012-10-31": "", "2012-07-31": 0, "2012-04-30": 0, "2012-01-31": 0, "2011-10-31": "", "2011-07-31": 0, "2011-04-30": 0, "2011-01-31": 0, "2010-10-31": "", "2010-07-31": 0, "2010-04-30": 0, "2010-01-31": 0, "2009-10-31": "", "2009-07-31": 0, "2009-04-30": 0, "2009-01-31": 0, "2008-10-31": "", "2008-07-31": 0, "2008-04-30": 0, "2008-01-31": 0, "2007-10-31": "", "2007-07-31": 0, "2007-04-30": 0, "2007-01-31": 0, "2006-10-31": "", "2006-07-31": 0, "2006-04-30": 0, "2006-01-31": 0, "2005-10-31": "", "2005-07-31": 0, "2005-04-30": 0, "2005-01-31": 0}, "Net Acquisitions/Divestitures": {"2020-10-31": "0.34800", "2020-07-31": 0.051, "2020-04-30": -35, "2020-01-31": -25.182, "2019-10-31": "-658.93200", "2019-07-31": 0, "2019-04-30": -16.597, "2019-01-31": -3.994, "2018-10-31": "-17.00000", "2018-07-31": -2.893, "2018-04-30": -20.308, "2018-01-31": -3.942, "2017-10-31": "-60.34500", "2017-07-31": -0.046, "2017-04-30": -11.65, "2017-01-31": -0.58, "2016-10-31": "-57.76800", "2016-07-31": 0.096, "2016-04-30": -13.52, "2016-01-31": -1.294, "2015-10-31": "-79.81000", "2015-07-31": -0.111, "2015-04-30": -6.33, "2015-01-31": -9.439, "2014-10-31": "-23.92000", "2014-07-31": -25.386, "2014-04-30": 0, "2014-01-31": -8.161, "2013-10-31": "", "2013-07-31": 0, "2013-04-30": -8.3, "2013-01-31": -36.771, "2012-10-31": "", "2012-07-31": 0, "2012-04-30": -1.372, "2012-01-31": 0.123, "2011-10-31": "-96.41700", "2011-07-31": -0.52, "2011-04-30": -8.014, "2011-01-31": -0.516, "2010-10-31": "-20.60000", "2010-07-31": -2.127, "2010-04-30": 0, "2010-01-31": 0, "2009-10-31": "", "2009-07-31": -8.709, "2009-04-30": 0, "2009-01-31": 0, "2008-10-31": "", "2008-07-31": -3.632, "2008-04-30": 0, "2008-01-31": -0.079, "2007-10-31": "-9.83800", "2007-07-31": -5.626, "2007-04-30": -30.447, "2007-01-31": 0, "2006-10-31": "", "2006-07-31": 27.803, "2006-04-30": -0.049, "2006-01-31": -0.021, "2005-10-31": "-68.09300", "2005-07-31": 0, "2005-04-30": 0, "2005-01-31": 0}, "Net Change In Short-term Investments": {"2020-10-31": "", "2020-07-31": 0, "2020-04-30": 0, "2020-01-31": 0, "2019-10-31": "", "2019-07-31": 0, "2019-04-30": 0, "2019-01-31": 0, "2018-10-31": "", "2018-07-31": 0, "2018-04-30": 0, "2018-01-31": 0, "2017-10-31": "", "2017-07-31": 0, "2017-04-30": 0, "2017-01-31": 0, "2016-10-31": "", "2016-07-31": 0, "2016-04-30": 0, "2016-01-31": 0, "2015-10-31": "", "2015-07-31": 0, "2015-04-30": 0, "2015-01-31": 0, "2014-10-31": "", "2014-07-31": 0, "2014-04-30": 0, "2014-01-31": 0, "2013-10-31": "", "2013-07-31": 0, "2013-04-30": 0, "2013-01-31": 0, "2012-10-31": "", "2012-07-31": 0, "2012-04-30": 0, "2012-01-31": 0, "2011-10-31": "", "2011-07-31": 0, "2011-04-30": 0, "2011-01-31": 0, "2010-10-31": "", "2010-07-31": 0, "2010-04-30": 0, "2010-01-31": 0, "2009-10-31": "", "2009-07-31": 0, "2009-04-30": 0, "2009-01-31": 0, "2008-10-31": "", "2008-07-31": 0, "2008-04-30": 0, "2008-01-31": 0, "2007-10-31": "", "2007-07-31": 0, "2007-04-30": 0, "2007-01-31": 0, "2006-10-31": "", "2006-07-31": 0, "2006-04-30": 0, "2006-01-31": 0, "2005-10-31": "", "2005-07-31": 0, "2005-04-30": 0, "2005-01-31": 0}, "Net Change In Long-Term Investments": {"2020-10-31": "", "2020-07-31": 0, "2020-04-30": 0, "2020-01-31": 0, "2019-10-31": "", "2019-07-31": 0, "2019-04-30": 0, "2019-01-31": 0, "2018-10-31": "", "2018-07-31": 0, "2018-04-30": 0, "2018-01-31": 0, "2017-10-31": "", "2017-07-31": 0, "2017-04-30": 0, "2017-01-31": 0, "2016-10-31": "", "2016-07-31": 0, "2016-04-30": 0, "2016-01-31": 0, "2015-10-31": "", "2015-07-31": 0, "2015-04-30": 0, "2015-01-31": 0, "2014-10-31": "", "2014-07-31": 0, "2014-04-30": 0, "2014-01-31": 0, "2013-10-31": "", "2013-07-31": 0, "2013-04-30": 0, "2013-01-31": 0, "2012-10-31": "", "2012-07-31": 0, "2012-04-30": 0, "2012-01-31": 0, "2011-10-31": "", "2011-07-31": 0, "2011-04-30": 0, "2011-01-31": 0, "2010-10-31": "", "2010-07-31": 0, "2010-04-30": 0, "2010-01-31": 0, "2009-10-31": "", "2009-07-31": 0, "2009-04-30": 0, "2009-01-31": 0, "2008-10-31": "", "2008-07-31": 0, "2008-04-30": 0, "2008-01-31": 0, "2007-10-31": "", "2007-07-31": 0, "2007-04-30": 0, "2007-01-31": 0, "2006-10-31": "", "2006-07-31": 0, "2006-04-30": 0, "2006-01-31": 0, "2005-10-31": "", "2005-07-31": 0, "2005-04-30": 0, "2005-01-31": 0}, "Net Change In Investments - Total": {"2020-10-31": "", "2020-07-31": 0, "2020-04-30": 0, "2020-01-31": 0, "2019-10-31": "", "2019-07-31": 0, "2019-04-30": 0, "2019-01-31": 0, "2018-10-31": "", "2018-07-31": 0, "2018-04-30": 0, "2018-01-31": 0, "2017-10-31": "", "2017-07-31": 0, "2017-04-30": 0, "2017-01-31": 0, "2016-10-31": "", "2016-07-31": 0, "2016-04-30": 0, "2016-01-31": 0, "2015-10-31": "", "2015-07-31": 0, "2015-04-30": 0, "2015-01-31": 0, "2014-10-31": "", "2014-07-31": 0, "2014-04-30": 0, "2014-01-31": 0, "2013-10-31": "", "2013-07-31": 0, "2013-04-30": 0, "2013-01-31": 0, "2012-10-31": "", "2012-07-31": 0, "2012-04-30": 0, "2012-01-31": 0, "2011-10-31": "", "2011-07-31": 0, "2011-04-30": 0, "2011-01-31": 0, "2010-10-31": "", "2010-07-31": 0, "2010-04-30": 0, "2010-01-31": 0, "2009-10-31": "", "2009-07-31": 0, "2009-04-30": 0, "2009-01-31": 0, "2008-10-31": "", "2008-07-31": 0, "2008-04-30": 0, "2008-01-31": 0, "2007-10-31": "", "2007-07-31": 0, "2007-04-30": 0, "2007-01-31": 0, "2006-10-31": "", "2006-07-31": 0, "2006-04-30": 0, "2006-01-31": 0, "2005-10-31": "", "2005-07-31": 0, "2005-04-30": 0, "2005-01-31": 0}, "Investing Activities - Other": {"2020-10-31": "", "2020-07-31": 0, "2020-04-30": 0, "2020-01-31": 0, "2019-10-31": "", "2019-07-31": 0, "2019-04-30": 0, "2019-01-31": 0, "2018-10-31": "", "2018-07-31": 0, "2018-04-30": 0, "2018-01-31": 0, "2017-10-31": "", "2017-07-31": -0.344, "2017-04-30": 0.283, "2017-01-31": -0.194, "2016-10-31": "0.25500", "2016-07-31": 0.428, "2016-04-30": -0.301, "2016-01-31": 0.224, "2015-10-31": "-0.01200", "2015-07-31": -0.095, "2015-04-30": -0.41, "2015-01-31": 0.802, "2014-10-31": "-0.05600", "2014-07-31": 0.146, "2014-04-30": -0.185, "2014-01-31": -0.023, "2013-10-31": "-0.29600", "2013-07-31": -0.127, "2013-04-30": -0.041, "2013-01-31": -0.024, "2012-10-31": "-0.07000", "2012-07-31": 0.242, "2012-04-30": -0.184, "2012-01-31": 0.039, "2011-10-31": "-0.05300", "2011-07-31": -0.087, "2011-04-30": -0.047, "2011-01-31": -0.082, "2010-10-31": "-0.09800", "2010-07-31": 0.141, "2010-04-30": -0.024, "2010-01-31": -0.343, "2009-10-31": "-0.28700", "2009-07-31": 4.318, "2009-04-30": -0.266, "2009-01-31": 0.063, "2008-10-31": "-4.31000", "2008-07-31": 3.683, "2008-04-30": 0.051, "2008-01-31": 0.024, "2007-10-31": "-3.71500", "2007-07-31": 3.646, "2007-04-30": 0.028, "2007-01-31": 0.035, "2006-10-31": "-3.70300", "2006-07-31": 0.168, "2006-04-30": 0.173, "2006-01-31": -0.114, "2005-10-31": "0.10500", "2005-07-31": 0.097, "2005-04-30": -0.36, "2005-01-31": -0.018}, "Cash Flow From Investing Activities": {"2020-10-31": "-5.14700", "2020-07-31": -7.533, "2020-04-30": -40.114, "2020-01-31": -35.89, "2019-10-31": "-669.32200", "2019-07-31": -20.051, "2019-04-30": -29.922, "2019-01-31": -27.222, "2018-10-31": "-55.83400", "2018-07-31": -16.819, "2018-04-30": -30.604, "2018-01-31": -10.926, "2017-10-31": "-66.83700", "2017-07-31": -6.686, "2017-04-30": -17.699, "2017-01-31": -7.042, "2016-10-31": "-65.63500", "2016-07-31": -6.066, "2016-04-30": -18.424, "2016-01-31": -5.503, "2015-10-31": "-82.98900", "2015-07-31": -4.661, "2015-04-30": -9.782, "2015-01-31": -10.835, "2014-10-31": "-27.01600", "2014-07-31": -30.889, "2014-04-30": -3.703, "2014-01-31": -10.365, "2013-10-31": "-2.47500", "2013-07-31": -2.838, "2013-04-30": -9.799, "2013-01-31": -38.169, "2012-10-31": "-1.24000", "2012-07-31": -1.391, "2012-04-30": -2.867, "2012-01-31": -1.097, "2011-10-31": "-97.76000", "2011-07-31": -1.714, "2011-04-30": -9.469, "2011-01-31": -2.677, "2010-10-31": "-21.86100", "2010-07-31": -3.388, "2010-04-30": -1.15, "2010-01-31": -2.038, "2009-10-31": "-1.66400", "2009-07-31": -3.97, "2009-04-30": -1.174, "2009-01-31": -0.616, "2008-10-31": "-5.69000", "2008-07-31": -1.42, "2008-04-30": -0.935, "2008-01-31": -1.21, "2007-10-31": "-14.90100", "2007-07-31": -3.539, "2007-04-30": -31.456, "2007-01-31": -1.072, "2006-10-31": "-5.46800", "2006-07-31": 24.99, "2006-04-30": -1.41, "2006-01-31": -1, "2005-10-31": "-68.53000", "2005-07-31": -0.728, "2005-04-30": -1.032, "2005-01-31": -1.866}, "Net Long-Term Debt": {"2020-10-31": "-75.10300", "2020-07-31": 136.405, "2020-04-30": 51.53, "2020-01-31": 14.043, "2019-10-31": "677.99800", "2019-07-31": -2.5, "2019-04-30": -9.707, "2019-01-31": 42.5, "2018-10-31": "-2.50000", "2018-07-31": 31, "2018-04-30": 9, "2018-01-31": -8, "2017-10-31": "42.00000", "2017-07-31": -19, "2017-04-30": -4, "2017-01-31": -12, "2016-10-31": "45.00000", "2016-07-31": -16, "2016-04-30": -1.5, "2016-01-31": -14, "2015-10-31": "69.00000", "2015-07-31": -13, "2015-04-30": -4, "2015-01-31": 2, "2014-10-31": "13.00000", "2014-07-31": 16, "2014-04-30": -10, "2014-01-31": -7.5, "2013-10-31": "-13.00000", "2013-07-31": -10, "2013-04-30": -2, "2013-01-31": 27, "2012-10-31": "-10.00000", "2012-07-31": -10.5, "2012-04-30": -7.5, "2012-01-31": -8.507, "2011-10-31": "91.09500", "2011-07-31": -6, "2011-04-30": 2.5, "2011-01-31": -5.5, "2010-10-31": "12.00000", "2010-07-31": -4, "2010-04-30": -5.5, "2010-01-31": -7.5, "2009-10-31": "-5.30000", "2009-07-31": -6, "2009-04-30": -5, "2009-01-31": -3, "2008-10-31": "-1.00000", "2008-07-31": -5.5, "2008-04-30": -3, "2008-01-31": -3.75, "2007-10-31": "13.55000", "2007-07-31": -4, "2007-04-30": 25, "2007-01-31": -1, "2006-10-31": "-1.00000", "2006-07-31": -19.5, "2006-04-30": -4, "2006-01-31": -4, "2005-10-31": "48.48400", "2005-07-31": -0.75, "2005-04-30": -2.75, "2005-01-31": -5.75}, "Net Current Debt": {"2020-10-31": "", "2020-07-31": 0, "2020-04-30": 0, "2020-01-31": 0, "2019-10-31": "", "2019-07-31": 0, "2019-04-30": 0, "2019-01-31": 0, "2018-10-31": "", "2018-07-31": 0, "2018-04-30": 0, "2018-01-31": 0, "2017-10-31": "", "2017-07-31": 0, "2017-04-30": 0, "2017-01-31": 0, "2016-10-31": "", "2016-07-31": 0, "2016-04-30": 0, "2016-01-31": 0, "2015-10-31": "", "2015-07-31": 0, "2015-04-30": 0, "2015-01-31": 0, "2014-10-31": "", "2014-07-31": 0, "2014-04-30": 0, "2014-01-31": 0, "2013-10-31": "", "2013-07-31": 0, "2013-04-30": 0, "2013-01-31": 0, "2012-10-31": "", "2012-07-31": 0, "2012-04-30": 0, "2012-01-31": 0, "2011-10-31": "", "2011-07-31": 0, "2011-04-30": 0, "2011-01-31": 0, "2010-10-31": "", "2010-07-31": 0, "2010-04-30": 0, "2010-01-31": 0, "2009-10-31": "", "2009-07-31": 0, "2009-04-30": 0, "2009-01-31": 0, "2008-10-31": "", "2008-07-31": 0, "2008-04-30": 0, "2008-01-31": 0, "2007-10-31": "", "2007-07-31": 0, "2007-04-30": 0, "2007-01-31": 0, "2006-10-31": "", "2006-07-31": 0, "2006-04-30": 0, "2006-01-31": 0, "2005-10-31": "", "2005-07-31": 0, "2005-04-30": 0, "2005-01-31": 0}, "Debt Issuance/Retirement Net - Total": {"2020-10-31": "-75.10300", "2020-07-31": 136.405, "2020-04-30": 51.53, "2020-01-31": 14.043, "2019-10-31": "677.99800", "2019-07-31": -2.5, "2019-04-30": -9.707, "2019-01-31": 42.5, "2018-10-31": "-2.50000", "2018-07-31": 31, "2018-04-30": 9, "2018-01-31": -8, "2017-10-31": "42.00000", "2017-07-31": -19, "2017-04-30": -4, "2017-01-31": -12, "2016-10-31": "45.00000", "2016-07-31": -16, "2016-04-30": -1.5, "2016-01-31": -14, "2015-10-31": "69.00000", "2015-07-31": -13, "2015-04-30": -4, "2015-01-31": 2, "2014-10-31": "13.00000", "2014-07-31": 16, "2014-04-30": -10, "2014-01-31": -7.5, "2013-10-31": "-13.00000", "2013-07-31": -10, "2013-04-30": -2, "2013-01-31": 27, "2012-10-31": "-10.00000", "2012-07-31": -10.5, "2012-04-30": -7.5, "2012-01-31": -8.507, "2011-10-31": "91.09500", "2011-07-31": -6, "2011-04-30": 2.5, "2011-01-31": -5.5, "2010-10-31": "12.00000", "2010-07-31": -4, "2010-04-30": -5.5, "2010-01-31": -7.5, "2009-10-31": "-5.30000", "2009-07-31": -6, "2009-04-30": -5, "2009-01-31": -3, "2008-10-31": "-1.00000", "2008-07-31": -5.5, "2008-04-30": -3, "2008-01-31": -3.75, "2007-10-31": "13.55000", "2007-07-31": -4, "2007-04-30": 25, "2007-01-31": -1, "2006-10-31": "-1.00000", "2006-07-31": -19.5, "2006-04-30": -4, "2006-01-31": -4, "2005-10-31": "48.48400", "2005-07-31": -0.75, "2005-04-30": -2.75, "2005-01-31": -5.75}, "Net Common Equity Issued/Repurchased": {"2020-10-31": "-1.45400", "2020-07-31": -0.198, "2020-04-30": -0.165, "2020-01-31": -0.087, "2019-10-31": "-3.61300", "2019-07-31": -0.113, "2019-04-30": -0.273, "2019-01-31": -0.067, "2018-10-31": "-4.28800", "2018-07-31": -0.858, "2018-04-30": -0.264, "2018-01-31": -0.13, "2017-10-31": "-5.82200", "2017-07-31": -0.523, "2017-04-30": -0.123, "2017-01-31": -0.048, "2016-10-31": "-6.21600", "2016-07-31": -0.181, "2016-04-30": -0.119, "2016-01-31": -0.294, "2015-10-31": "-3.13800", "2015-07-31": 0.024, "2015-04-30": -0.042, "2015-01-31": -0.15, "2014-10-31": "-2.95100", "2014-07-31": -0.021, "2014-04-30": 0.066, "2014-01-31": -0.345, "2013-10-31": "-3.50500", "2013-07-31": -0.109, "2013-04-30": 0.137, "2013-01-31": 0.942, "2012-10-31": "-1.40500", "2012-07-31": 0.019, "2012-04-30": -0.004, "2012-01-31": 0.356, "2011-10-31": "0.09700", "2011-07-31": 0.172, "2011-04-30": 0.23, "2011-01-31": 0.849, "2010-10-31": "0.01400", "2010-07-31": -0.004, "2010-04-30": 0.025, "2010-01-31": 1.452, "2009-10-31": "0.24000", "2009-07-31": 0.423, "2009-04-30": 0.02, "2009-01-31": 0.324, "2008-10-31": "0.14600", "2008-07-31": -0.552, "2008-04-30": 0.218, "2008-01-31": 0.115, "2007-10-31": "0.51500", "2007-07-31": 0.411, "2007-04-30": 1.736, "2007-01-31": -0.839, "2006-10-31": "0.06800", "2006-07-31": -1.952, "2006-04-30": -0.803, "2006-01-31": 0.531, "2005-10-31": "0.58000", "2005-07-31": 0.213, "2005-04-30": 0.213, "2005-01-31": 2.305}, "Net Total Equity Issued/Repurchased": {"2020-10-31": "-1.45400", "2020-07-31": -0.198, "2020-04-30": -0.165, "2020-01-31": -0.087, "2019-10-31": "-3.61300", "2019-07-31": -0.113, "2019-04-30": -0.273, "2019-01-31": -0.067, "2018-10-31": "-4.28800", "2018-07-31": -0.858, "2018-04-30": -0.264, "2018-01-31": -0.13, "2017-10-31": "-5.82200", "2017-07-31": -0.523, "2017-04-30": -0.123, "2017-01-31": -0.048, "2016-10-31": "-6.21600", "2016-07-31": -0.181, "2016-04-30": -0.119, "2016-01-31": -0.294, "2015-10-31": "-3.13800", "2015-07-31": 0.024, "2015-04-30": -0.042, "2015-01-31": -0.15, "2014-10-31": "-2.95100", "2014-07-31": -0.021, "2014-04-30": 0.066, "2014-01-31": -0.345, "2013-10-31": "-3.50500", "2013-07-31": -0.109, "2013-04-30": 0.137, "2013-01-31": 0.942, "2012-10-31": "-1.40500", "2012-07-31": 0.019, "2012-04-30": -0.004, "2012-01-31": 0.356, "2011-10-31": "0.09700", "2011-07-31": 0.172, "2011-04-30": 0.23, "2011-01-31": 0.849, "2010-10-31": "0.01400", "2010-07-31": -0.004, "2010-04-30": 0.025, "2010-01-31": 1.452, "2009-10-31": "0.24000", "2009-07-31": 0.423, "2009-04-30": 0.02, "2009-01-31": 0.324, "2008-10-31": "0.14600", "2008-07-31": -0.552, "2008-04-30": 0.218, "2008-01-31": 0.115, "2007-10-31": "0.51500", "2007-07-31": 0.411, "2007-04-30": 1.736, "2007-01-31": -0.839, "2006-10-31": "0.06800", "2006-07-31": -1.952, "2006-04-30": -0.803, "2006-01-31": 0.531, "2005-10-31": "0.58000", "2005-07-31": 0.213, "2005-04-30": 0.213, "2005-01-31": 2.305}, "Total Common And Preferred Stock Dividends Paid": {"2020-10-31": "", "2020-07-31": 0, "2020-04-30": 0, "2020-01-31": -4.471, "2019-10-31": "", "2019-07-31": -4.177, "2019-04-30": 0, "2019-01-31": -4.173, "2018-10-31": "", "2018-07-31": -3.545, "2018-04-30": -0.001, "2018-01-31": -3.545, "2017-10-31": "", "2017-07-31": -2.92, "2017-04-30": 0, "2017-01-31": -2.921, "2016-10-31": "", "2016-07-31": -2.503, "2016-04-30": 0, "2016-01-31": -2.502, "2015-10-31": "", "2015-07-31": -2.078, "2015-04-30": 0, "2015-01-31": -2.076, "2014-10-31": "", "2014-07-31": -1.863, "2014-04-30": 0, "2014-01-31": -1.858, "2013-10-31": "", "2013-07-31": -1.522, "2013-04-30": 0, "2013-01-31": -1.494, "2012-10-31": "", "2012-07-31": -1.265, "2012-04-30": 0, "2012-01-31": -1.258, "2011-10-31": "", "2011-07-31": -1.035, "2011-04-30": 0, "2011-01-31": -1.029, "2010-10-31": "", "2010-07-31": -0.843, "2010-04-30": 0, "2010-01-31": -0.84, "2009-10-31": "", "2009-07-31": 0, "2009-04-30": 0, "2009-01-31": 0, "2008-10-31": "", "2008-07-31": 0, "2008-04-30": 0, "2008-01-31": 0, "2007-10-31": "", "2007-07-31": 0, "2007-04-30": 0, "2007-01-31": 0, "2006-10-31": "", "2006-07-31": 0, "2006-04-30": 0, "2006-01-31": 0, "2005-10-31": "", "2005-07-31": 0, "2005-04-30": 0, "2005-01-31": 0}, "Financial Activities - Other": {"2020-10-31": "", "2020-07-31": -9.538, "2020-04-30": 0, "2020-01-31": 0, "2019-10-31": "-9.23400", "2019-07-31": 0, "2019-04-30": 0, "2019-01-31": 0, "2018-10-31": "", "2018-07-31": -2.698, "2018-04-30": 0, "2018-01-31": 0, "2017-10-31": "", "2017-07-31": 0, "2017-04-30": 0, "2017-01-31": 0, "2016-10-31": "", "2016-07-31": -0.407, "2016-04-30": 0.045, "2016-01-31": 0.052, "2015-10-31": "1.48900", "2015-07-31": 0.506, "2015-04-30": 0.199, "2015-01-31": -0.01, "2014-10-31": "2.47300", "2014-07-31": 0.576, "2014-04-30": -0.796, "2014-01-31": 0.701, "2013-10-31": "2.59600", "2013-07-31": 0.889, "2013-04-30": 0.118, "2013-01-31": 0.955, "2012-10-31": "0.91300", "2012-07-31": 0.655, "2012-04-30": 0.653, "2012-01-31": 0.444, "2011-10-31": "0.21800", "2011-07-31": 0.285, "2011-04-30": 0.259, "2011-01-31": 0.212, "2010-10-31": "0.02000", "2010-07-31": 0.141, "2010-04-30": 0.202, "2010-01-31": 0.074, "2009-10-31": "0.00700", "2009-07-31": 0.074, "2009-04-30": -0.004, "2009-01-31": -0.024, "2008-10-31": "0.22100", "2008-07-31": -0.193, "2008-04-30": -0.075, "2008-01-31": 0.006, "2007-10-31": "0.54800", "2007-07-31": 0.219, "2007-04-30": 0.064, "2007-01-31": 0.025, "2006-10-31": "0.39800", "2006-07-31": 0.046, "2006-04-30": 0.12, "2006-01-31": 0.621, "2005-10-31": "", "2005-07-31": 0, "2005-04-30": 0, "2005-01-31": 0}, "Cash Flow From Financial Activities": {"2020-10-31": "-76.55700", "2020-07-31": 126.669, "2020-04-30": 51.365, "2020-01-31": 9.485, "2019-10-31": "665.15100", "2019-07-31": -6.79, "2019-04-30": -9.98, "2019-01-31": 38.26, "2018-10-31": "-6.78800", "2018-07-31": 23.899, "2018-04-30": 8.735, "2018-01-31": -11.675, "2017-10-31": "36.17800", "2017-07-31": -22.443, "2017-04-30": -4.123, "2017-01-31": -14.969, "2016-10-31": "38.78400", "2016-07-31": -19.091, "2016-04-30": -1.574, "2016-01-31": -16.744, "2015-10-31": "67.35100", "2015-07-31": -14.548, "2015-04-30": -3.843, "2015-01-31": -0.236, "2014-10-31": "12.52200", "2014-07-31": 14.692, "2014-04-30": -10.73, "2014-01-31": -9.002, "2013-10-31": "-13.90900", "2013-07-31": -10.742, "2013-04-30": -1.745, "2013-01-31": 27.403, "2012-10-31": "-10.49200", "2012-07-31": -11.091, "2012-04-30": -6.851, "2012-01-31": -8.965, "2011-10-31": "91.41000", "2011-07-31": -6.578, "2011-04-30": 2.989, "2011-01-31": -5.468, "2010-10-31": "12.03400", "2010-07-31": -4.706, "2010-04-30": -5.273, "2010-01-31": -6.814, "2009-10-31": "-5.05300", "2009-07-31": -5.503, "2009-04-30": -4.984, "2009-01-31": -2.7, "2008-10-31": "-0.63300", "2008-07-31": -6.245, "2008-04-30": -2.857, "2008-01-31": -3.629, "2007-10-31": "14.61300", "2007-07-31": -3.37, "2007-04-30": 26.8, "2007-01-31": -1.814, "2006-10-31": "-0.53400", "2006-07-31": -21.406, "2006-04-30": -4.683, "2006-01-31": -2.848, "2005-10-31": "49.06400", "2005-07-31": -0.537, "2005-04-30": -2.537, "2005-01-31": -3.445}, "Net Cash Flow": {"2020-10-31": "-19.85000", "2020-07-31": 162.105, "2020-04-30": 57.036, "2020-01-31": 9.445, "2019-10-31": "4.75000", "2019-07-31": -6.813, "2019-04-30": -19.683, "2019-01-31": 7.001, "2018-10-31": "-30.06700", "2018-07-31": 42.181, "2018-04-30": 11.939, "2018-01-31": 2.757, "2017-10-31": "0.63600", "2017-07-31": 5.711, "2017-04-30": 6.522, "2017-01-31": -1.784, "2016-10-31": "-2.23200", "2016-07-31": 2.869, "2016-04-30": 3.894, "2016-01-31": -9.527, "2015-10-31": "-0.58900", "2015-07-31": 6.355, "2015-04-30": 1.273, "2015-01-31": -5.622, "2014-10-31": "-2.06700", "2014-07-31": 7.307, "2014-04-30": 4.768, "2014-01-31": -8.747, "2013-10-31": "-5.62300", "2013-07-31": 3.407, "2013-04-30": 3.844, "2013-01-31": -1.041, "2012-10-31": "-2.32000", "2012-07-31": 5.159, "2012-04-30": 3.338, "2012-01-31": 2.043, "2011-10-31": "1.23600", "2011-07-31": 2.371, "2011-04-30": -0.036, "2011-01-31": 0.121, "2010-10-31": "-6.65800", "2010-07-31": 3.447, "2010-04-30": 1.034, "2010-01-31": -4.974, "2009-10-31": "-0.26300", "2009-07-31": 1.04, "2009-04-30": 2.276, "2009-01-31": 4.317, "2008-10-31": "-2.58300", "2008-07-31": -0.992, "2008-04-30": 5.102, "2008-01-31": -3.417, "2007-10-31": "1.76500", "2007-07-31": -1.391, "2007-04-30": 0.525, "2007-01-31": -3.754, "2006-10-31": "-9.41800", "2006-07-31": 8.085, "2006-04-30": 2.091, "2006-01-31": -1.228, "2005-10-31": "-12.38500", "2005-07-31": 8.684, "2005-04-30": 3.05, "2005-01-31": 3.739}, "Stock-Based Compensation": {"2020-10-31": "3.42200", "2020-07-31": 3.233, "2020-04-30": 3.027, "2020-01-31": 3.412, "2019-10-31": "2.40400", "2019-07-31": 3.677, "2019-04-30": 5.722, "2019-01-31": 3.587, "2018-10-31": "2.57600", "2018-07-31": 2.582, "2018-04-30": 2.443, "2018-01-31": 2.739, "2017-10-31": "1.85100", "2017-07-31": 1.861, "2017-04-30": 1.945, "2017-01-31": 2.116, "2016-10-31": "2.92200", "2016-07-31": 2.524, "2016-04-30": 2.242, "2016-01-31": 1.875, "2015-10-31": "1.72000", "2015-07-31": 1.513, "2015-04-30": 1.353, "2015-01-31": 1.42, "2014-10-31": "1.58100", "2014-07-31": 1.431, "2014-04-30": 1.422, "2014-01-31": 1.408, "2013-10-31": "1.14800", "2013-07-31": 0.927, "2013-04-30": 0.919, "2013-01-31": 0.929, "2012-10-31": "0.95800", "2012-07-31": 0.821, "2012-04-30": 0.706, "2012-01-31": 1.382, "2011-10-31": "0.93100", "2011-07-31": 0.797, "2011-04-30": 0.871, "2011-01-31": 0.917, "2010-10-31": "0.76500", "2010-07-31": 0.86, "2010-04-30": 0.67, "2010-01-31": 0.811, "2009-10-31": "0.78900", "2009-07-31": 1.358, "2009-04-30": 0.784, "2009-01-31": 0.525, "2008-10-31": "0.52000", "2008-07-31": 0.478, "2008-04-30": 0.489, "2008-01-31": 0.462, "2007-10-31": "0.53200", "2007-07-31": 0.575, "2007-04-30": 0.492, "2007-01-31": 0.217, "2006-10-31": "0.19800", "2006-07-31": 0.278, "2006-04-30": 0.222, "2006-01-31": 0.273, "2005-10-31": "0.40500", "2005-07-31": 0, "2005-04-30": 0, "2005-01-31": 0}, "Common Stock Dividends Paid": {"2020-10-31": "", "2020-07-31": 0, "2020-04-30": 0, "2020-01-31": -4.471, "2019-10-31": "", "2019-07-31": -4.177, "2019-04-30": 0, "2019-01-31": -4.173, "2018-10-31": "", "2018-07-31": -3.545, "2018-04-30": -0.001, "2018-01-31": -3.545, "2017-10-31": "", "2017-07-31": -2.92, "2017-04-30": 0, "2017-01-31": -2.921, "2016-10-31": "", "2016-07-31": -2.503, "2016-04-30": 0, "2016-01-31": -2.502, "2015-10-31": "", "2015-07-31": -2.078, "2015-04-30": 0, "2015-01-31": -2.076, "2014-10-31": "", "2014-07-31": -1.863, "2014-04-30": 0, "2014-01-31": -1.858, "2013-10-31": "", "2013-07-31": -1.522, "2013-04-30": 0, "2013-01-31": -1.494, "2012-10-31": "", "2012-07-31": -1.265, "2012-04-30": 0, "2012-01-31": -1.258, "2011-10-31": "", "2011-07-31": -1.035, "2011-04-30": 0, "2011-01-31": -1.029, "2010-10-31": "", "2010-07-31": -0.843, "2010-04-30": 0, "2010-01-31": -0.84, "2009-10-31": "", "2009-07-31": 0, "2009-04-30": 0, "2009-01-31": 0, "2008-10-31": "", "2008-07-31": 0, "2008-04-30": 0, "2008-01-31": 0, "2007-10-31": "", "2007-07-31": 0, "2007-04-30": 0, "2007-01-31": 0, "2006-10-31": "", "2006-07-31": 0, "2006-04-30": 0, "2006-01-31": 0, "2005-10-31": "", "2005-07-31": 0, "2005-04-30": 0, "2005-01-31": 0}}, "financial ratios": {"Current Ratio": {"2020-07-31": "3.60250", "2019-07-31": "2.32360", "2018-07-31": "2.50950", "2017-07-31": "2.41030", "2016-07-31": "2.31220", "2015-07-31": "2.66710", "2014-07-31": "2.46480", "2013-07-31": "2.54700", "2012-07-31": "2.42820", "2011-07-31": "2.56440", "2010-07-31": "2.31140", "2009-07-31": "2.27320", "2008-07-31": "2.17260", "2007-07-31": "2.13310", "2006-07-31": "2.10880", "2005-07-31": "2.17340"}, "Long-term Debt / Capital": {"2020-07-31": "0.59040", "2019-07-31": "0.25030", "2018-07-31": "0.23530", "2017-07-31": "0.19390", "2016-07-31": "0.20340", "2015-07-31": "0.16180", "2014-07-31": "0.18060", "2013-07-31": "0.20930", "2012-07-31": "0.22480", "2011-07-31": "0.09290", "2010-07-31": "0.04990", "2009-07-31": "0.15110", "2008-07-31": "0.22970", "2007-07-31": "0.24750", "2006-07-31": "0.19450", "2005-07-31": ""}, "Debt/Equity Ratio": {"2020-07-31": "1.45150", "2019-07-31": "0.34900", "2018-07-31": "0.32400", "2017-07-31": "0.24050", "2016-07-31": "0.25530", "2015-07-31": "0.19300", "2014-07-31": "0.22040", "2013-07-31": "0.29580", "2012-07-31": "0.32620", "2011-07-31": "0.10240", "2010-07-31": "0.10030", "2009-07-31": "0.23140", "2008-07-31": "0.34560", "2007-07-31": "0.36760", "2006-07-31": "0.26990", "2005-07-31": "0.14500"}, "Gross Margin": {"2020-07-31": "42.90870", "2019-07-31": "46.55580", "2018-07-31": "47.47800", "2017-07-31": "47.67340", "2016-07-31": "46.51130", "2015-07-31": "44.86110", "2014-07-31": "43.64180", "2013-07-31": "43.16820", "2012-07-31": "42.47640", "2011-07-31": "38.17270", "2010-07-31": "40.50750", "2009-07-31": "38.25380", "2008-07-31": "35.13840", "2007-07-31": "36.07130", "2006-07-31": "36.01640", "2005-07-31": "39.28420"}, "Operating Margin": {"2020-07-31": "4.75440", "2019-07-31": "9.09640", "2018-07-31": "13.95350", "2017-07-31": "14.33600", "2016-07-31": "14.62960", "2015-07-31": "14.29390", "2014-07-31": "14.51220", "2013-07-31": "14.86690", "2012-07-31": "13.48650", "2011-07-31": "9.74220", "2010-07-31": "11.92360", "2009-07-31": "10.55600", "2008-07-31": "7.20480", "2007-07-31": "7.68750", "2006-07-31": "7.98420", "2005-07-31": "10.44210"}, "EBIT Margin": {"2020-07-31": "4.75440", "2019-07-31": "9.09640", "2018-07-31": "13.95350", "2017-07-31": "14.33600", "2016-07-31": "14.62960", "2015-07-31": "14.29390", "2014-07-31": "14.51220", "2013-07-31": "14.86690", "2012-07-31": "13.48650", "2011-07-31": "9.74220", "2010-07-31": "11.92360", "2009-07-31": "10.55600", "2008-07-31": "7.20480", "2007-07-31": "7.68750", "2006-07-31": "7.98420", "2005-07-31": "10.44210"}, "EBITDA Margin": {"2020-07-31": "12.07140", "2019-07-31": "13.70990", "2018-07-31": "17.94820", "2017-07-31": "18.67960", "2016-07-31": "18.40300", "2015-07-31": "18.60500", "2014-07-31": "18.46630", "2013-07-31": "19.00970", "2012-07-31": "17.70340", "2011-07-31": "13.71140", "2010-07-31": "16.27040", "2009-07-31": "15.13900", "2008-07-31": "12.06060", "2007-07-31": "12.52170", "2006-07-31": "13.46870", "2005-07-31": "14.17430"}, "Pre-Tax Profit Margin": {"2020-07-31": "0.68420", "2019-07-31": "8.20330", "2018-07-31": "13.47750", "2017-07-31": "13.79370", "2016-07-31": "14.13020", "2015-07-31": "13.48500", "2014-07-31": "14.03810", "2013-07-31": "14.20010", "2012-07-31": "12.38560", "2011-07-31": "9.47050", "2010-07-31": "11.51840", "2009-07-31": "9.59660", "2008-07-31": "5.55430", "2007-07-31": "6.43800", "2006-07-31": "6.21870", "2005-07-31": "9.75670"}, "Net Profit Margin": {"2020-07-31": "1.34910", "2019-07-31": "5.99480", "2018-07-31": "10.44140", "2017-07-31": "9.21200", "2016-07-31": "8.94540", "2015-07-31": "8.41060", "2014-07-31": "8.85220", "2013-07-31": "9.08910", "2012-07-31": "7.95800", "2011-07-31": "6.25990", "2010-07-31": "7.18410", "2009-07-31": "5.90310", "2008-07-31": "3.48590", "2007-07-31": "3.85580", "2006-07-31": "12.33070", "2005-07-31": "11.30460"}, "Asset Turnover": {"2020-07-31": "0.49040", "2019-07-31": "0.85780", "2018-07-31": "0.90480", "2017-07-31": "0.97940", "2016-07-31": "0.95710", "2015-07-31": "0.96740", "2014-07-31": "0.91160", "2013-07-31": "0.87150", "2012-07-31": "0.88890", "2011-07-31": "1.00060", "2010-07-31": "0.97610", "2009-07-31": "0.93590", "2008-07-31": "0.89320", "2007-07-31": "0.83070", "2006-07-31": "0.80670", "2005-07-31": "0.82990"}, "Inventory Turnover Ratio": {"2020-07-31": "3.45370", "2019-07-31": "3.54980", "2018-07-31": "4.25640", "2017-07-31": "4.08210", "2016-07-31": "3.88660", "2015-07-31": "4.32220", "2014-07-31": "4.61100", "2013-07-31": "4.45940", "2012-07-31": "4.75510", "2011-07-31": "4.96380", "2010-07-31": "4.70740", "2009-07-31": "5.49900", "2008-07-31": "5.08610", "2007-07-31": "5.12560", "2006-07-31": "5.13590", "2005-07-31": "6.13410"}, "Receiveable Turnover": {"2020-07-31": "5.57190", "2019-07-31": "6.19930", "2018-07-31": "7.34920", "2017-07-31": "6.95990", "2016-07-31": "7.12250", "2015-07-31": "8.09400", "2014-07-31": "7.85450", "2013-07-31": "7.89130", "2012-07-31": "7.75600", "2011-07-31": "6.97410", "2010-07-31": "8.59590", "2009-07-31": "8.54020", "2008-07-31": "8.22580", "2007-07-31": "7.19570", "2006-07-31": "8.10270", "2005-07-31": "6.57860"}, "Days Sales In Receivables": {"2020-07-31": "65.50720", "2019-07-31": "58.87790", "2018-07-31": "49.66540", "2017-07-31": "52.44310", "2016-07-31": "51.24620", "2015-07-31": "45.09490", "2014-07-31": "46.46990", "2013-07-31": "46.25340", "2012-07-31": "47.06030", "2011-07-31": "52.33670", "2010-07-31": "42.46200", "2009-07-31": "42.73890", "2008-07-31": "44.37250", "2007-07-31": "50.72480", "2006-07-31": "45.04690", "2005-07-31": "55.48300"}, "ROE - Return On Equity": {"2020-07-31": "1.87880", "2019-07-31": "8.32030", "2018-07-31": "14.95250", "2017-07-31": "13.62350", "2016-07-31": "13.19480", "2015-07-31": "11.79270", "2014-07-31": "11.84540", "2013-07-31": "12.21900", "2012-07-31": "11.35660", "2011-07-31": "8.71690", "2010-07-31": "9.52270", "2009-07-31": "8.32050", "2008-07-31": "5.15260", "2007-07-31": "5.22600", "2006-07-31": "4.72500", "2005-07-31": "7.26810"}, "Return On Tangible Equity": {"2020-07-31": "-3.33850", "2019-07-31": "38.78520", "2018-07-31": "87.98020", "2017-07-31": "81.13440", "2016-07-31": "96.18180", "2015-07-31": "60.81860", "2014-07-31": "85.42460", "2013-07-31": "116.83490", "2012-07-31": "149.43730", "2011-07-31": "33.84200", "2010-07-31": "33.28770", "2009-07-31": "44.38270", "2008-07-31": "64.39260", "2007-07-31": "96.68350", "2006-07-31": "26.59600", "2005-07-31": "12.67420"}, "ROA - Return On Assets": {"2020-07-31": "0.66170", "2019-07-31": "5.14240", "2018-07-31": "9.44690", "2017-07-31": "9.07690", "2016-07-31": "8.63210", "2015-07-31": "8.21070", "2014-07-31": "8.06960", "2013-07-31": "8.04620", "2012-07-31": "7.20700", "2011-07-31": "6.35420", "2010-07-31": "7.10490", "2009-07-31": "5.60300", "2008-07-31": "3.11370", "2007-07-31": "3.07350", "2006-07-31": "2.79270", "2005-07-31": "4.77680"}, "ROI - Return On Investment": {"2020-07-31": "0.76960", "2019-07-31": "6.23780", "2018-07-31": "11.43490", "2017-07-31": "10.98240", "2016-07-31": "10.51130", "2015-07-31": "9.88450", "2014-07-31": "9.70620", "2013-07-31": "9.66160", "2012-07-31": "8.80410", "2011-07-31": "7.90700", "2010-07-31": "9.04740", "2009-07-31": "7.06350", "2008-07-31": "3.96920", "2007-07-31": "3.93260", "2006-07-31": "3.80600", "2005-07-31": "7.26810"}, "Book Value Per Share": {"2020-07-31": "17.30470", "2019-07-31": "15.83720", "2018-07-31": "14.59900", "2017-07-31": "12.55560", "2016-07-31": "10.89410", "2015-07-31": "9.77390", "2014-07-31": "8.81340", "2013-07-31": "7.80620", "2012-07-31": "6.78790", "2011-07-31": "6.02890", "2010-07-31": "5.51810", "2009-07-31": "4.99660", "2008-07-31": "4.58020", "2007-07-31": "4.27650", "2006-07-31": "4.06390", "2005-07-31": "3.21750"}, "Operating Cash Flow Per Share": {"2020-07-31": 1.6318, "2019-07-31": -1.4213, "2018-07-31": 0.4198, "2017-07-31": 0.6651, "2016-07-31": 0.5057, "2015-07-31": -0.1374, "2014-07-31": 0.3013, "2013-07-31": 0.006, "2012-07-31": 0.5299, "2011-07-31": -0.0368, "2010-07-31": -0.0721, "2009-07-31": 0.3361, "2008-07-31": 0.3424, "2007-07-31": -0.4382, "2006-07-31": -0.0769, "2005-07-31": 0.6793}, "Free Cash Flow Per Share": {"2020-07-31": 3.1186, "2019-07-31": -2.8014, "2018-07-31": 0.1647, "2017-07-31": 0.4687, "2016-07-31": 0.3607, "2015-07-31": -0.1158, "2014-07-31": 0.1362, "2013-07-31": -0.0223, "2012-07-31": 0.5425, "2011-07-31": -0.038, "2010-07-31": -0.1515, "2009-07-31": 0.4023, "2008-07-31": 0.3575, "2007-07-31": -0.427, "2006-07-31": -0.1469, "2005-07-31": 0.5876}}, "financial ratios, quarterly": {"Current Ratio": {"2020-10-31": "3.13230", "2020-07-31": "3.60250", "2020-04-30": "2.45550", "2020-01-31": "2.14590", "2019-10-31": "2.45220", "2019-07-31": "2.32360", "2019-04-30": "2.33370", "2019-01-31": "2.73800", "2018-10-31": "2.20870", "2018-07-31": "2.50950", "2018-04-30": "2.43620", "2018-01-31": "2.58190", "2017-10-31": "2.44300", "2017-07-31": "2.41030", "2017-04-30": "2.39880", "2017-01-31": "2.53600", "2016-10-31": "2.35590", "2016-07-31": "2.31220", "2016-04-30": "2.47530", "2016-01-31": "2.97320", "2015-10-31": "2.69690", "2015-07-31": "2.66710", "2015-04-30": "2.73700", "2015-01-31": "2.85620", "2014-10-31": "2.71660", "2014-07-31": "2.46480", "2014-04-30": "3.02720", "2014-01-31": "3.11340", "2013-10-31": "2.52210", "2013-07-31": "2.54700", "2013-04-30": "2.58060", "2013-01-31": "2.68620", "2012-10-31": "2.43910", "2012-07-31": "2.42820", "2012-04-30": "2.49870", "2012-01-31": "2.37670", "2011-10-31": "2.27180", "2011-07-31": "2.56440", "2011-04-30": "1.53080", "2011-01-31": "1.57970", "2010-10-31": "1.45270", "2010-07-31": "2.31140", "2010-04-30": "2.45210", "2010-01-31": "1.69610", "2009-10-31": "1.52920", "2009-07-31": "2.27320", "2009-04-30": "2.39100", "2009-01-31": "2.35270", "2008-10-31": "2.35230", "2008-07-31": "2.17260", "2008-04-30": "2.54660", "2008-01-31": "2.60810", "2007-10-31": "2.55240", "2007-07-31": "2.13310", "2007-04-30": "2.62800", "2007-01-31": "2.71460", "2006-10-31": "2.61380", "2006-07-31": "2.10880", "2006-04-30": "2.93240", "2006-01-31": "3.05280", "2005-10-31": "2.84710", "2005-07-31": "2.17340", "2005-04-30": "2.94870", "2005-01-31": "3.09420"}, "Long-term Debt / Capital": {"2020-10-31": "0.56170", "2020-07-31": "0.59040", "2020-04-30": "0.57830", "2020-01-31": "0.55040", "2019-10-31": "0.54460", "2019-07-31": "0.25030", "2019-04-30": "0.25390", "2019-01-31": "0.26180", "2018-10-31": "0.22910", "2018-07-31": "0.23530", "2018-04-30": "0.21940", "2018-01-31": "0.21430", "2017-10-31": "0.23640", "2017-07-31": "0.19390", "2017-04-30": "0.22350", "2017-01-31": "0.23570", "2016-10-31": "0.25910", "2016-07-31": "0.20340", "2016-04-30": "0.22770", "2016-01-31": "0.23800", "2015-10-31": "0.26100", "2015-07-31": "0.16180", "2015-04-30": "0.18840", "2015-01-31": "0.20070", "2014-10-31": "0.19930", "2014-07-31": "0.18060", "2014-04-30": "0.15400", "2014-01-31": "0.17890", "2013-10-31": "0.17890", "2013-07-31": "0.20930", "2013-04-30": "0.23580", "2013-01-31": "0.24560", "2012-10-31": "0.19740", "2012-07-31": "0.22480", "2012-04-30": "0.25360", "2012-01-31": "0.27630", "2011-10-31": "0.30110", "2011-07-31": "0.09290", "2011-04-30": "", "2011-01-31": "", "2010-10-31": "", "2010-07-31": "0.04990", "2010-04-30": "0.06780", "2010-01-31": "0.02440", "2009-10-31": "0.03730", "2009-07-31": "0.15110", "2009-04-30": "0.18290", "2009-01-31": "0.20860", "2008-10-31": "0.22530", "2008-07-31": "0.22970", "2008-04-30": "0.25240", "2008-01-31": "0.26750", "2007-10-31": "0.28260", "2007-07-31": "0.24750", "2007-04-30": "0.26930", "2007-01-31": "0.17690", "2006-10-31": "0.18450", "2006-07-31": "0.19450", "2006-04-30": "0.28660", "2006-01-31": "0.31200", "2005-10-31": "0.34140", "2005-07-31": "", "2005-04-30": "0.10400", "2005-01-31": "0.13300"}, "Debt/Equity Ratio": {"2020-10-31": "1.30080", "2020-07-31": "1.45150", "2020-04-30": "1.41680", "2020-01-31": "1.26500", "2019-10-31": "1.22950", "2019-07-31": "0.34900", "2019-04-30": "0.35560", "2019-01-31": "0.37030", "2018-10-31": "0.31320", "2018-07-31": "0.32400", "2018-04-30": "0.28110", "2018-01-31": "0.27280", "2017-10-31": "0.30960", "2017-07-31": "0.24050", "2017-04-30": "0.28780", "2017-01-31": "0.30840", "2016-10-31": "0.34970", "2016-07-31": "0.25530", "2016-04-30": "0.29490", "2016-01-31": "0.31230", "2015-10-31": "0.35320", "2015-07-31": "0.19300", "2015-04-30": "0.23210", "2015-01-31": "0.25110", "2014-10-31": "0.24890", "2014-07-31": "0.22040", "2014-04-30": "0.18200", "2014-01-31": "0.21780", "2013-10-31": "0.24820", "2013-07-31": "0.29580", "2013-04-30": "0.34100", "2013-01-31": "0.35910", "2012-10-31": "0.28110", "2012-07-31": "0.32620", "2012-04-30": "0.37730", "2012-01-31": "0.42080", "2011-10-31": "0.47120", "2011-07-31": "0.10240", "2011-04-30": "0.13070", "2011-01-31": "0.12380", "2010-10-31": "0.15410", "2010-07-31": "0.10030", "2010-04-30": "0.12120", "2010-01-31": "0.15260", "2009-10-31": "0.19660", "2009-07-31": "0.23140", "2009-04-30": "0.27720", "2009-01-31": "0.31600", "2008-10-31": "0.34140", "2008-07-31": "0.34560", "2008-04-30": "0.38260", "2008-01-31": "0.40790", "2007-10-31": "0.43400", "2007-07-31": "0.36760", "2007-04-30": "0.40500", "2007-01-31": "0.24950", "2006-10-31": "0.25760", "2006-07-31": "0.26990", "2006-04-30": "0.42780", "2006-01-31": "0.47660", "2005-10-31": "0.53890", "2005-07-31": "0.14500", "2005-04-30": "0.15960", "2005-01-31": "0.19370"}, "Gross Margin": {"2020-10-31": "49.61330", "2020-07-31": "41.51200", "2020-04-30": "42.62090", "2020-01-31": "42.37260", "2019-10-31": "45.04210", "2019-07-31": "46.20630", "2019-04-30": "46.76270", "2019-01-31": "46.61800", "2018-10-31": "46.65520", "2018-07-31": "46.93080", "2018-04-30": "48.17740", "2018-01-31": "47.52060", "2017-10-31": "47.30970", "2017-07-31": "47.55580", "2017-04-30": "47.60120", "2017-01-31": "47.87280", "2016-10-31": "47.67990", "2016-07-31": "47.66990", "2016-04-30": "46.24040", "2016-01-31": "45.70450", "2015-10-31": "46.29890", "2015-07-31": "45.46160", "2015-04-30": "44.94380", "2015-01-31": "44.73970", "2014-10-31": "44.23180", "2014-07-31": "43.42240", "2014-04-30": "43.66060", "2014-01-31": "43.96350", "2013-10-31": "43.54290", "2013-07-31": "43.09270", "2013-04-30": "43.31440", "2013-01-31": "42.44990", "2012-10-31": "43.86690", "2012-07-31": "43.34350", "2012-04-30": "43.82960", "2012-01-31": "41.95500", "2011-10-31": "40.69180", "2011-07-31": "37.08180", "2011-04-30": "37.88720", "2011-01-31": "38.74550", "2010-10-31": "39.15940", "2010-07-31": "39.67280", "2010-04-30": "40.10430", "2010-01-31": "40.73470", "2009-10-31": "41.49310", "2009-07-31": "40.00720", "2009-04-30": "38.42030", "2009-01-31": "37.82600", "2008-10-31": "36.67830", "2008-07-31": "35.24060", "2008-04-30": "34.71750", "2008-01-31": "35.27500", "2007-10-31": "35.34040", "2007-07-31": "33.77380", "2007-04-30": "37.14070", "2007-01-31": "37.80580", "2006-10-31": "35.98960", "2006-07-31": "34.64500", "2006-04-30": "36.35550", "2006-01-31": "35.56820", "2005-10-31": "37.56590", "2005-07-31": "40.17380", "2005-04-30": "38.63340", "2005-01-31": "37.99460"}, "Operating Margin": {"2020-10-31": "16.95190", "2020-07-31": "1.64670", "2020-04-30": "9.47270", "2020-01-31": "2.63290", "2019-10-31": "5.60710", "2019-07-31": "6.19390", "2019-04-30": "6.48080", "2019-01-31": "11.66660", "2018-10-31": "12.26920", "2018-07-31": "13.31900", "2018-04-30": "12.45790", "2018-01-31": "15.24730", "2017-10-31": "14.86800", "2017-07-31": "13.27970", "2017-04-30": "14.28530", "2017-01-31": "15.48180", "2016-10-31": "14.41630", "2016-07-31": "14.42220", "2016-04-30": "13.39240", "2016-01-31": "15.41410", "2015-10-31": "15.46120", "2015-07-31": "14.63220", "2015-04-30": "15.03870", "2015-01-31": "13.51320", "2014-10-31": "13.92210", "2014-07-31": "13.38210", "2014-04-30": "14.01490", "2014-01-31": "15.29630", "2013-10-31": "15.48300", "2013-07-31": "14.15250", "2013-04-30": "13.54460", "2013-01-31": "15.85420", "2012-10-31": "16.02310", "2012-07-31": "14.59980", "2012-04-30": "14.16530", "2012-01-31": "13.52660", "2011-10-31": "11.55880", "2011-07-31": "8.16110", "2011-04-30": "9.25090", "2011-01-31": "10.93420", "2010-10-31": "10.85380", "2010-07-31": "10.69030", "2010-04-30": "10.29760", "2010-01-31": "11.99030", "2009-10-31": "14.59820", "2009-07-31": "11.22270", "2009-04-30": "10.79620", "2009-01-31": "10.57190", "2008-10-31": "9.60160", "2008-07-31": "7.05490", "2008-04-30": "6.60660", "2008-01-31": "7.75240", "2007-10-31": "7.44940", "2007-07-31": "6.44030", "2007-04-30": "8.35480", "2007-01-31": "8.73830", "2006-10-31": "7.43800", "2006-07-31": "5.63220", "2006-04-30": "7.40290", "2006-01-31": "8.53610", "2005-10-31": "10.47440", "2005-07-31": "11.97810", "2005-04-30": "13.33560", "2005-01-31": "13.36000"}, "EBIT Margin": {"2020-10-31": "16.95190", "2020-07-31": "1.64670", "2020-04-30": "9.47270", "2020-01-31": "2.63290", "2019-10-31": "5.60710", "2019-07-31": "6.19390", "2019-04-30": "6.48080", "2019-01-31": "11.66660", "2018-10-31": "12.26920", "2018-07-31": "13.31900", "2018-04-30": "12.45790", "2018-01-31": "15.24730", "2017-10-31": "14.86800", "2017-07-31": "13.27970", "2017-04-30": "14.28530", "2017-01-31": "15.48180", "2016-10-31": "14.41630", "2016-07-31": "14.42220", "2016-04-30": "13.39240", "2016-01-31": "15.41410", "2015-10-31": "15.46120", "2015-07-31": "14.63220", "2015-04-30": "15.03870", "2015-01-31": "13.51320", "2014-10-31": "13.92210", "2014-07-31": "13.38210", "2014-04-30": "14.01490", "2014-01-31": "15.29630", "2013-10-31": "15.48300", "2013-07-31": "14.15250", "2013-04-30": "13.54460", "2013-01-31": "15.85420", "2012-10-31": "16.02310", "2012-07-31": "14.59980", "2012-04-30": "14.16530", "2012-01-31": "13.52660", "2011-10-31": "11.55880", "2011-07-31": "8.16110", "2011-04-30": "9.25090", "2011-01-31": "10.93420", "2010-10-31": "10.85380", "2010-07-31": "10.69030", "2010-04-30": "10.29760", "2010-01-31": "11.99030", "2009-10-31": "14.59820", "2009-07-31": "11.22270", "2009-04-30": "10.79620", "2009-01-31": "10.57190", "2008-10-31": "9.60160", "2008-07-31": "7.05500", "2008-04-30": "6.60660", "2008-01-31": "7.75240", "2007-10-31": "7.44940", "2007-07-31": "6.44030", "2007-04-30": "8.35480", "2007-01-31": "8.73830", "2006-10-31": "7.43800", "2006-07-31": "5.63220", "2006-04-30": "7.40290", "2006-01-31": "8.53610", "2005-10-31": "10.47440", "2005-07-31": "11.97810", "2005-04-30": "13.33560", "2005-01-31": "13.36000"}, "EBITDA Margin": {"2020-10-31": "", "2020-07-31": "", "2020-04-30": "", "2020-01-31": "", "2019-10-31": "", "2019-07-31": "", "2019-04-30": "", "2019-01-31": "", "2018-10-31": "", "2018-07-31": "", "2018-04-30": "", "2018-01-31": "", "2017-10-31": "", "2017-07-31": "", "2017-04-30": "", "2017-01-31": "", "2016-10-31": "", "2016-07-31": "", "2016-04-30": "", "2016-01-31": "", "2015-10-31": "", "2015-07-31": "", "2015-04-30": "", "2015-01-31": "", "2014-10-31": "", "2014-07-31": "", "2014-04-30": "", "2014-01-31": "", "2013-10-31": "", "2013-07-31": "", "2013-04-30": "", "2013-01-31": "", "2012-10-31": "", "2012-07-31": "", "2012-04-30": "", "2012-01-31": "", "2011-10-31": "", "2011-07-31": "", "2011-04-30": "", "2011-01-31": "", "2010-10-31": "", "2010-07-31": "", "2010-04-30": "", "2010-01-31": "", "2009-10-31": "", "2009-07-31": "", "2009-04-30": "", "2009-01-31": "", "2008-10-31": "", "2008-07-31": "", "2008-04-30": "", "2008-01-31": "", "2007-10-31": "", "2007-07-31": "", "2007-04-30": "", "2007-01-31": "", "2006-10-31": "", "2006-07-31": "", "2006-04-30": "", "2006-01-31": "", "2005-10-31": "", "2005-07-31": "", "2005-04-30": "", "2005-01-31": ""}, "Pre-Tax Profit Margin": {"2020-10-31": "11.46660", "2020-07-31": "-4.89780", "2020-04-30": "5.20440", "2020-01-31": "-0.91990", "2019-10-31": "3.38390", "2019-07-31": "5.03680", "2019-04-30": "5.38300", "2019-01-31": "11.26850", "2018-10-31": "11.37110", "2018-07-31": "12.67800", "2018-04-30": "11.76840", "2018-01-31": "14.71460", "2017-10-31": "14.84400", "2017-07-31": "12.85440", "2017-04-30": "13.72110", "2017-01-31": "14.87260", "2016-10-31": "13.83410", "2016-07-31": "13.95680", "2016-04-30": "12.89100", "2016-01-31": "14.86380", "2015-10-31": "14.97670", "2015-07-31": "14.25870", "2015-04-30": "13.04240", "2015-01-31": "13.03630", "2014-10-31": "13.53180", "2014-07-31": "12.99540", "2014-04-30": "13.56930", "2014-01-31": "14.76710", "2013-10-31": "14.93850", "2013-07-31": "13.54440", "2013-04-30": "12.84650", "2013-01-31": "15.12560", "2012-10-31": "15.38810", "2012-07-31": "13.80040", "2012-04-30": "13.25610", "2012-01-31": "11.90170", "2011-10-31": "10.48550", "2011-07-31": "7.88440", "2011-04-30": "9.04390", "2011-01-31": "10.63430", "2010-10-31": "10.54550", "2010-07-31": "10.42390", "2010-04-30": "9.97610", "2010-01-31": "11.49320", "2009-10-31": "14.06440", "2009-07-31": "10.30350", "2009-04-30": "9.94720", "2009-01-31": "9.55300", "2008-10-31": "8.54420", "2008-07-31": "5.73580", "2008-04-30": "4.91130", "2008-01-31": "5.93830", "2007-10-31": "5.65790", "2007-07-31": "4.90140", "2007-04-30": "7.06280", "2007-01-31": "7.57820", "2006-10-31": "6.50110", "2006-07-31": "4.22620", "2006-04-30": "5.87370", "2006-01-31": "6.56530", "2005-10-31": "8.30340", "2005-07-31": "11.56320", "2005-04-30": "12.90220", "2005-01-31": "12.72810"}, "Net Profit Margin": {"2020-10-31": "8.23620", "2020-07-31": "-2.39230", "2020-04-30": "6.66310", "2020-01-31": "-0.78440", "2019-10-31": "2.24180", "2019-07-31": "3.68510", "2019-04-30": "3.57690", "2019-01-31": "8.37270", "2018-10-31": "8.52970", "2018-07-31": "7.37940", "2018-04-30": "8.62350", "2018-01-31": "15.25020", "2017-10-31": "10.77660", "2017-07-31": "8.10890", "2017-04-30": "9.06390", "2017-01-31": "9.77720", "2016-10-31": "10.01470", "2016-07-31": "8.89260", "2016-04-30": "8.00450", "2016-01-31": "9.72320", "2015-10-31": "9.26910", "2015-07-31": "8.55840", "2015-04-30": "8.65750", "2015-01-31": "8.18500", "2014-10-31": "8.21500", "2014-07-31": "8.48630", "2014-04-30": "8.42430", "2014-01-31": "9.22110", "2013-10-31": "9.32170", "2013-07-31": "8.82580", "2013-04-30": "8.43830", "2013-01-31": "9.67630", "2012-10-31": "9.44910", "2012-07-31": "9.60960", "2012-04-30": "8.25710", "2012-01-31": "7.33420", "2011-10-31": "6.54930", "2011-07-31": "5.10590", "2011-04-30": "6.11000", "2011-01-31": "7.05990", "2010-10-31": "6.91040", "2010-07-31": "6.24970", "2010-04-30": "6.42140", "2010-01-31": "7.32280", "2009-10-31": "8.68790", "2009-07-31": "6.08000", "2009-04-30": "6.29680", "2009-01-31": "6.04610", "2008-10-31": "5.17500", "2008-07-31": "4.03850", "2008-04-30": "3.11790", "2008-01-31": "3.54130", "2007-10-31": "3.23140", "2007-07-31": "3.13530", "2007-04-30": "4.13140", "2007-01-31": "4.39620", "2006-10-31": "3.89830", "2006-07-31": "22.81410", "2006-04-30": "9.77460", "2006-01-31": "8.29950", "2005-10-31": "7.83490", "2005-07-31": "13.21460", "2005-04-30": "7.53750", "2005-01-31": "7.82260"}, "Asset Turnover": {"2020-10-31": "0.14560", "2020-07-31": "0.11260", "2020-04-30": "0.12390", "2020-01-31": "0.15260", "2019-10-31": "0.13500", "2019-07-31": "0.22370", "2019-04-30": "0.21500", "2019-01-31": "0.21970", "2018-10-31": "0.22940", "2018-07-31": "0.23750", "2018-04-30": "0.23570", "2018-01-31": "0.24110", "2017-10-31": "0.24880", "2017-07-31": "0.26130", "2017-04-30": "0.24490", "2017-01-31": "0.24540", "2016-10-31": "0.25050", "2016-07-31": "0.25770", "2016-04-30": "0.24570", "2016-01-31": "0.23860", "2015-10-31": "0.22690", "2015-07-31": "0.25900", "2015-04-30": "0.24400", "2015-01-31": "0.23860", "2014-10-31": "0.24490", "2014-07-31": "0.24500", "2014-04-30": "0.24110", "2014-01-31": "0.24140", "2013-10-31": "0.24340", "2013-07-31": "0.23370", "2013-04-30": "0.21680", "2013-01-31": "0.22540", "2012-10-31": "0.23100", "2012-07-31": "0.22700", "2012-04-30": "0.22600", "2012-01-31": "0.22700", "2011-10-31": "0.21730", "2011-07-31": "0.26760", "2011-04-30": "0.25960", "2011-01-31": "0.26510", "2010-10-31": "0.24170", "2010-07-31": "0.24870", "2010-04-30": "0.24000", "2010-01-31": "0.24080", "2009-10-31": "0.25340", "2009-07-31": "0.24040", "2009-04-30": "0.24370", "2009-01-31": "0.22870", "2008-10-31": "0.23710", "2008-07-31": "0.23020", "2008-04-30": "0.22920", "2008-01-31": "0.21880", "2007-10-31": "0.21240", "2007-07-31": "0.23710", "2007-04-30": "0.20870", "2007-01-31": "0.22760", "2006-10-31": "0.22070", "2006-07-31": "0.21050", "2006-04-30": "0.18850", "2006-01-31": "0.19310", "2005-10-31": "0.19580", "2005-07-31": "0.21580", "2005-04-30": "0.32110", "2005-01-31": "0.32400"}, "Inventory Turnover Ratio": {"2020-10-31": "0.91320", "2020-07-31": "0.81270", "2020-04-30": "0.73290", "2020-01-31": "0.90270", "2019-10-31": "0.70580", "2019-07-31": "0.93190", "2019-04-30": "0.90670", "2019-01-31": "1.03430", "2018-10-31": "1.08350", "2018-07-31": "1.12880", "2018-04-30": "0.99540", "2018-01-31": "1.00370", "2017-10-31": "1.05940", "2017-07-31": "1.09170", "2017-04-30": "0.97920", "2017-01-31": "1.00200", "2016-10-31": "1.01450", "2016-07-31": "1.02390", "2016-04-30": "1.02680", "2016-01-31": "1.08190", "2015-10-31": "1.05040", "2015-07-31": "1.14450", "2015-04-30": "1.11410", "2015-01-31": "1.14730", "2014-10-31": "1.26830", "2014-07-31": "1.24430", "2014-04-30": "1.19730", "2014-01-31": "1.18730", "2013-10-31": "1.20660", "2013-07-31": "1.19740", "2013-04-30": "1.12450", "2013-01-31": "1.25810", "2012-10-31": "1.17570", "2012-07-31": "1.19590", "2012-04-30": "1.14930", "2012-01-31": "1.20630", "2011-10-31": "1.20090", "2011-07-31": "1.35090", "2011-04-30": "1.30450", "2011-01-31": "1.30620", "2010-10-31": "1.20300", "2010-07-31": "1.21640", "2010-04-30": "1.10740", "2010-01-31": "1.17420", "2009-10-31": "1.32390", "2009-07-31": "1.37230", "2009-04-30": "1.39540", "2009-01-31": "1.18590", "2008-10-31": "1.28880", "2008-07-31": "1.30900", "2008-04-30": "1.30840", "2008-01-31": "1.23140", "2007-10-31": "1.26960", "2007-07-31": "1.51540", "2007-04-30": "1.21310", "2007-01-31": "1.23290", "2006-10-31": "1.29400", "2006-07-31": "1.36870", "2006-04-30": "0.88090", "2006-01-31": "0.92510", "2005-10-31": "0.95320", "2005-07-31": "1.57170", "2005-04-30": "1.34780", "2005-01-31": "1.37980"}, "Receiveable Turnover": {"2020-10-31": "1.59870", "2020-07-31": "1.27980", "2020-04-30": "1.45380", "2020-01-31": "1.70830", "2019-10-31": "1.47060", "2019-07-31": "1.61690", "2019-04-30": "1.58730", "2019-01-31": "1.76670", "2018-10-31": "1.80270", "2018-07-31": "1.92890", "2018-04-30": "1.83610", "2018-01-31": "1.82710", "2017-10-31": "2.02340", "2017-07-31": "1.85710", "2017-04-30": "1.73710", "2017-01-31": "1.84610", "2016-10-31": "1.96230", "2016-07-31": "1.91790", "2016-04-30": "1.89790", "2016-01-31": "2.08210", "2015-10-31": "2.08060", "2015-07-31": "2.16680", "2015-04-30": "1.93070", "2015-01-31": "2.04010", "2014-10-31": "2.13610", "2014-07-31": "2.11130", "2014-04-30": "1.94570", "2014-01-31": "1.90590", "2013-10-31": "2.05160", "2013-07-31": "2.11610", "2013-04-30": "1.99400", "2013-01-31": "2.00830", "2012-10-31": "2.04380", "2012-07-31": "1.98060", "2012-04-30": "2.10010", "2012-01-31": "2.11980", "2011-10-31": "2.13530", "2011-07-31": "1.86510", "2011-04-30": "1.86460", "2011-01-31": "1.99940", "2010-10-31": "2.11280", "2010-07-31": "2.19050", "2010-04-30": "2.22760", "2010-01-31": "2.06800", "2009-10-31": "2.22870", "2009-07-31": "2.19350", "2009-04-30": "2.16210", "2009-01-31": "2.20960", "2008-10-31": "2.20610", "2008-07-31": "2.12040", "2008-04-30": "2.11380", "2008-01-31": "1.83150", "2007-10-31": "1.83880", "2007-07-31": "2.05360", "2007-04-30": "1.93760", "2007-01-31": "1.94340", "2006-10-31": "2.07660", "2006-07-31": "2.11400", "2006-04-30": "1.22400", "2006-01-31": "1.27930", "2005-10-31": "1.31820", "2005-07-31": "1.71060", "2005-04-30": "1.58710", "2005-01-31": "1.63260"}, "Days Sales In Receivables": {"2020-10-31": "56.29720", "2020-07-31": "70.32440", "2020-04-30": "61.90860", "2020-01-31": "52.68330", "2019-10-31": "61.20130", "2019-07-31": "55.66170", "2019-04-30": "56.69970", "2019-01-31": "50.94180", "2018-10-31": "49.92530", "2018-07-31": "46.65760", "2018-04-30": "49.01640", "2018-01-31": "49.25930", "2017-10-31": "44.47970", "2017-07-31": "48.46200", "2017-04-30": "51.81140", "2017-01-31": "48.75140", "2016-10-31": "45.86560", "2016-07-31": "46.92620", "2016-04-30": "47.42090", "2016-01-31": "43.22610", "2015-10-31": "43.25620", "2015-07-31": "41.53550", "2015-04-30": "46.61610", "2015-01-31": "44.11480", "2014-10-31": "42.13350", "2014-07-31": "42.62730", "2014-04-30": "46.25490", "2014-01-31": "47.22120", "2013-10-31": "43.86770", "2013-07-31": "42.53110", "2013-04-30": "45.13590", "2013-01-31": "44.81430", "2012-10-31": "44.03530", "2012-07-31": "45.44180", "2012-04-30": "42.85550", "2012-01-31": "42.45670", "2011-10-31": "42.14930", "2011-07-31": "48.25610", "2011-04-30": "48.26750", "2011-01-31": "45.01390", "2010-10-31": "42.59790", "2010-07-31": "41.08670", "2010-04-30": "40.40190", "2010-01-31": "43.51930", "2009-10-31": "40.38240", "2009-07-31": "41.02980", "2009-04-30": "41.62590", "2009-01-31": "40.73070", "2008-10-31": "40.79530", "2008-07-31": "42.44550", "2008-04-30": "42.57670", "2008-01-31": "49.13870", "2007-10-31": "48.94540", "2007-07-31": "43.82590", "2007-04-30": "46.44900", "2007-01-31": "46.31160", "2006-10-31": "43.34030", "2006-07-31": "42.57320", "2006-04-30": "73.53060", "2006-01-31": "70.35170", "2005-10-31": "68.27740", "2005-07-31": "52.61210", "2005-04-30": "56.70640", "2005-01-31": "55.12720"}, "ROE - Return On Equity": {"2020-10-31": "3.22580", "2020-07-31": "-0.76520", "2020-04-30": "2.29310", "2020-01-31": "-0.31290", "2019-10-31": "0.78760", "2019-07-31": "1.33400", "2019-04-30": "1.24640", "2019-01-31": "2.93020", "2018-10-31": "3.09180", "2018-07-31": "2.77370", "2018-04-30": "3.11590", "2018-01-31": "5.53950", "2017-10-31": "4.22590", "2017-07-31": "3.24410", "2017-04-30": "3.47530", "2017-01-31": "3.74000", "2016-10-31": "4.08320", "2016-07-31": "3.58540", "2016-04-30": "3.13180", "2016-01-31": "3.60020", "2015-10-31": "3.41310", "2015-07-31": "3.26410", "2015-04-30": "3.13430", "2015-01-31": "2.91440", "2014-10-31": "2.99150", "2014-07-31": "2.93090", "2014-04-30": "2.89160", "2014-01-31": "3.25300", "2013-10-31": "3.38490", "2013-07-31": "3.18030", "2013-04-30": "2.92190", "2013-01-31": "3.50740", "2012-10-31": "3.36480", "2012-07-31": "3.49680", "2012-04-30": "3.06850", "2012-01-31": "2.84180", "2011-10-31": "2.51560", "2011-07-31": "1.99820", "2011-04-30": "2.19900", "2011-01-31": "2.57450", "2010-10-31": "2.32250", "2010-07-31": "2.20770", "2010-04-30": "2.07250", "2010-01-31": "2.43920", "2009-10-31": "3.19040", "2009-07-31": "2.28680", "2009-04-30": "2.35180", "2009-01-31": "2.19630", "2008-10-31": "1.98580", "2008-07-31": "1.53870", "2008-04-30": "1.19980", "2008-01-31": "1.31700", "2007-10-31": "1.19270", "2007-07-31": "1.22460", "2007-04-30": "1.48050", "2007-01-31": "1.56080", "2006-10-31": "1.19940", "2006-07-31": "0.65480", "2006-04-30": "1.21950", "2006-01-31": "1.45240", "2005-10-31": "1.82490", "2005-07-31": "2.45250", "2005-04-30": "3.68450", "2005-01-31": "3.89820"}, "Return On Tangible Equity": {"2020-10-31": "-6.55210", "2020-07-31": "1.35970", "2020-04-30": "-3.49670", "2020-01-31": "0.52620", "2019-10-31": "-1.34090", "2019-07-31": "6.21850", "2019-04-30": "6.30560", "2019-01-31": "14.56910", "2018-10-31": "16.91990", "2018-07-31": "16.32020", "2018-04-30": "21.06350", "2018-01-31": "37.45880", "2017-10-31": "44.15960", "2017-07-31": "19.32030", "2017-04-30": "25.91570", "2017-01-31": "34.84650", "2016-10-31": "67.88970", "2016-07-31": "26.13540", "2016-04-30": "31.43980", "2016-01-31": "42.98600", "2015-10-31": "82.07530", "2015-07-31": "16.83410", "2015-04-30": "19.83790", "2015-01-31": "19.24050", "2014-10-31": "15.38160", "2014-07-31": "21.13650", "2014-04-30": "16.63880", "2014-01-31": "23.74050", "2013-10-31": "24.58620", "2013-07-31": "30.40940", "2013-04-30": "35.12920", "2013-01-31": "80.76020", "2012-10-31": "30.11510", "2012-07-31": "46.01340", "2012-04-30": "90.43030", "2012-01-31": "-272.57150", "2011-10-31": "-40.24590", "2011-07-31": "7.75760", "2011-04-30": "9.31810", "2011-01-31": "10.52590", "2010-10-31": "10.99330", "2010-07-31": "7.71720", "2010-04-30": "7.48590", "2010-01-31": "9.69830", "2009-10-31": "14.47110", "2009-07-31": "12.19820", "2009-04-30": "14.49860", "2009-01-31": "17.14990", "2008-10-31": "20.42530", "2008-07-31": "19.22960", "2008-04-30": "14.64540", "2008-01-31": "23.60220", "2007-10-31": "36.12150", "2007-07-31": "22.65570", "2007-04-30": "25.77150", "2007-01-31": "7.19350", "2006-10-31": "5.97720", "2006-07-31": "3.68580", "2006-04-30": "7.38390", "2006-01-31": "11.59510", "2005-10-31": "28.09020", "2005-07-31": "4.27660", "2005-04-30": "6.76950", "2005-01-31": "7.48750"}, "ROA - Return On Assets": {"2020-10-31": "1.19890", "2020-07-31": "-0.26950", "2020-04-30": "0.82550", "2020-01-31": "-0.11970", "2019-10-31": "0.30260", "2019-07-31": "0.82450", "2019-04-30": "0.76920", "2019-01-31": "1.83950", "2018-10-31": "1.95630", "2018-07-31": "1.75240", "2018-04-30": "2.03220", "2018-01-31": "3.67630", "2017-10-31": "2.68120", "2017-07-31": "2.16140", "2017-04-30": "2.23250", "2017-01-31": "2.39900", "2016-10-31": "2.50860", "2016-07-31": "2.34560", "2016-04-30": "1.98320", "2016-01-31": "2.32000", "2015-10-31": "2.10340", "2015-07-31": "2.27270", "2015-04-30": "2.13070", "2015-01-31": "1.95270", "2014-10-31": "2.01150", "2014-07-31": "1.99670", "2014-04-30": "2.05850", "2014-01-31": "2.25590", "2013-10-31": "2.30230", "2013-07-31": "2.09420", "2013-04-30": "1.85770", "2013-01-31": "2.21510", "2012-10-31": "2.21940", "2012-07-31": "2.21910", "2012-04-30": "1.89950", "2012-01-31": "1.70140", "2011-10-31": "1.44910", "2011-07-31": "1.45660", "2011-04-30": "1.58640", "2011-01-31": "1.87190", "2010-10-31": "1.67030", "2010-07-31": "1.64720", "2010-04-30": "1.54120", "2010-01-31": "1.76300", "2009-10-31": "2.20180", "2009-07-31": "1.53990", "2009-04-30": "1.53450", "2009-01-31": "1.38300", "2008-10-31": "1.22680", "2008-07-31": "0.92980", "2008-04-30": "0.71470", "2008-01-31": "0.77480", "2007-10-31": "0.68640", "2007-07-31": "0.72020", "2007-04-30": "0.85550", "2007-01-31": "0.99260", "2006-10-31": "0.75330", "2006-07-31": "0.38700", "2006-04-30": "0.65900", "2006-01-31": "0.76430", "2005-10-31": "0.90820", "2005-07-31": "1.61180", "2005-04-30": "2.42060", "2005-01-31": "2.53470"}, "ROI - Return On Investment": {"2020-10-31": "1.41400", "2020-07-31": "-0.31340", "2020-04-30": "0.96710", "2020-01-31": "-0.14070", "2019-10-31": "0.35870", "2019-07-31": "1.00010", "2019-04-30": "0.93000", "2019-01-31": "2.16300", "2018-10-31": "2.38350", "2018-07-31": "2.12120", "2018-04-30": "2.43230", "2018-01-31": "4.35210", "2017-10-31": "3.22680", "2017-07-31": "2.61520", "2017-04-30": "2.69870", "2017-01-31": "2.85850", "2016-10-31": "3.02530", "2016-07-31": "2.85620", "2016-04-30": "2.41860", "2016-01-31": "2.74340", "2015-10-31": "2.52230", "2015-07-31": "2.73600", "2015-04-30": "2.54390", "2015-01-31": "2.32950", "2014-10-31": "2.39540", "2014-07-31": "2.40160", "2014-04-30": "2.44640", "2014-01-31": "2.67120", "2013-10-31": "2.77930", "2013-07-31": "2.51470", "2013-04-30": "2.23300", "2013-01-31": "2.64610", "2012-10-31": "2.70050", "2012-07-31": "2.71090", "2012-04-30": "2.29040", "2012-01-31": "2.05660", "2011-10-31": "1.75830", "2011-07-31": "1.81250", "2011-04-30": "2.19900", "2011-01-31": "2.57450", "2010-10-31": "2.32250", "2010-07-31": "2.09750", "2010-04-30": "1.93200", "2010-01-31": "2.37970", "2009-10-31": "3.07120", "2009-07-31": "1.94130", "2009-04-30": "1.92180", "2009-01-31": "1.73810", "2008-10-31": "1.53850", "2008-07-31": "1.18530", "2008-04-30": "0.89700", "2008-01-31": "0.96470", "2007-10-31": "0.85560", "2007-07-31": "0.92150", "2007-04-30": "1.08190", "2007-01-31": "1.28480", "2006-10-31": "0.97810", "2006-07-31": "0.52740", "2006-04-30": "0.87000", "2006-01-31": "0.99930", "2005-10-31": "1.20190", "2005-07-31": "2.45250", "2005-04-30": "3.30130", "2005-01-31": "3.37970"}, "Book Value Per Share": {"2020-10-31": "17.95240", "2020-07-31": "17.30470", "2020-04-30": "16.33530", "2020-01-31": "16.98680", "2019-10-31": "17.19690", "2019-07-31": "15.83720", "2019-04-30": "15.70330", "2019-01-31": "15.37840", "2018-10-31": "14.91720", "2018-07-31": "14.59900", "2018-04-30": "14.41670", "2018-01-31": "14.05930", "2017-10-31": "12.97850", "2017-07-31": "12.55560", "2017-04-30": "12.07640", "2017-01-31": "11.58050", "2016-10-31": "11.03680", "2016-07-31": "10.89410", "2016-04-30": "10.73370", "2016-01-31": "10.25020", "2015-10-31": "10.01320", "2015-07-31": "9.77390", "2015-04-30": "9.49070", "2015-01-31": "9.16130", "2014-10-31": "9.04660", "2014-07-31": "8.81340", "2014-04-30": "8.56560", "2014-01-31": "8.27350", "2013-10-31": "8.00100", "2013-07-31": "7.80620", "2013-04-30": "7.50730", "2013-01-31": "7.27000", "2012-10-31": "6.98470", "2012-07-31": "6.78790", "2012-04-30": "6.57780", "2012-01-31": "6.34710", "2011-10-31": "6.13240", "2011-07-31": "6.02890", "2011-04-30": "5.92550", "2011-01-31": "5.75270", "2010-10-31": "5.59270", "2010-07-31": "5.51810", "2010-04-30": "5.43750", "2010-01-31": "5.28180", "2009-10-31": "4.80460", "2009-07-31": "4.99660", "2009-04-30": "4.76260", "2009-01-31": "4.63090", "2008-10-31": "4.53160", "2008-07-31": "4.58020", "2008-04-30": "4.55070", "2008-01-31": "4.46970", "2007-10-31": "4.44320", "2007-07-31": "4.27650", "2007-04-30": "4.17520", "2007-01-31": "4.13660", "2006-10-31": "4.10430", "2006-07-31": "4.06390", "2006-04-30": "3.85300", "2006-01-31": "3.69410", "2005-10-31": "3.49330", "2005-07-31": "3.21750", "2005-04-30": "3.07190", "2005-01-31": "2.96330"}, "Operating Cash Flow Per Share": {"2020-10-31": "1.44340", "2020-07-31": 1.034, "2020-04-30": 1.1779, "2020-01-31": 0.811, "2019-10-31": "0.21180", "2019-07-31": 0.4418, "2019-04-30": 0.4608, "2019-01-31": -0.0734, "2018-10-31": "0.77370", "2018-07-31": 0.8632, "2018-04-30": 0.8479, "2018-01-31": 0.59, "2017-10-31": "0.72310", "2017-07-31": 0.8389, "2017-04-30": 0.6827, "2017-01-31": 0.4822, "2016-10-31": "0.60060", "2016-07-31": 0.6884, "2016-04-30": 0.5681, "2016-01-31": 0.317, "2015-10-31": "0.36580", "2015-07-31": 0.6245, "2015-04-30": 0.3523, "2015-01-31": 0.1475, "2014-10-31": "0.30930", "2014-07-31": 0.5766, "2014-04-30": 0.468, "2014-01-31": 0.2627, "2013-10-31": "0.26370", "2013-07-31": 0.4207, "2013-04-30": 0.3865, "2013-01-31": 0.2304, "2012-10-31": "0.23210", "2012-07-31": 0.4465, "2012-04-30": 0.3208, "2012-01-31": 0.3024, "2011-10-31": "0.19400", "2011-07-31": 0.2965, "2011-04-30": 0.1524, "2011-01-31": 0.2026, "2010-10-31": "0.08230", "2010-07-31": 0.3083, "2010-04-30": 0.1879, "2010-01-31": 0.1008, "2009-10-31": "0.17360", "2009-07-31": 0.2636, "2009-04-30": 0.2189, "2009-01-31": 0.2142, "2008-10-31": "0.14600", "2008-07-31": 0.1876, "2008-04-30": 0.2407, "2008-01-31": 0.0513, "2007-10-31": "0.02700", "2007-07-31": 0.145, "2007-04-30": 0.1314, "2007-01-31": -0.0147, "2006-10-31": "-0.09750", "2006-07-31": 0.1504, "2006-04-30": 0.2156, "2006-01-31": 0.061, "2005-10-31": "0.17540", "2005-07-31": 0.288, "2005-04-30": 0.1751, "2005-01-31": 0.2145}, "Free Cash Flow Per Share": {"2020-10-31": "1.31550", "2020-07-31": 0.8565, "2020-04-30": 1.0523, "2020-01-31": 0.5617, "2019-10-31": "-0.03460", "2019-07-31": -0.0385, "2019-04-30": 0.1443, "2019-01-31": -0.6311, "2018-10-31": "-0.15740", "2018-07-31": 0.5285, "2018-04-30": 0.6007, "2018-01-31": 0.4225, "2017-10-31": "0.56700", "2017-07-31": 0.687, "2017-04-30": 0.5305, "2017-01-31": 0.3318, "2016-10-31": "0.40470", "2016-07-31": 0.529, "2016-04-30": 0.457, "2016-01-31": 0.2102, "2015-10-31": "0.28910", "2015-07-31": 0.5162, "2015-04-30": 0.2786, "2015-01-31": 0.0945, "2014-10-31": "0.23530", "2014-07-31": 0.4384, "2014-04-30": 0.3821, "2014-01-31": 0.2097, "2013-10-31": "0.21020", "2013-07-31": 0.3537, "2013-04-30": 0.3498, "2013-01-31": 0.1975, "2012-10-31": "0.20320", "2012-07-31": 0.4053, "2012-04-30": 0.2886, "2012-01-31": 0.2711, "2011-10-31": "0.16150", "2011-07-31": 0.2627, "2011-04-30": 0.1176, "2011-01-31": 0.1511, "2010-10-31": "0.05260", "2010-07-31": 0.2709, "2010-04-30": 0.1584, "2010-01-31": 0.0561, "2009-10-31": "0.13660", "2009-07-31": 0.2751, "2009-04-30": 0.1943, "2009-01-31": 0.1953, "2008-10-31": "0.10880", "2008-07-31": 0.147, "2008-04-30": 0.2138, "2008-01-31": 0.0201, "2007-10-31": "-0.00970", "2007-07-31": 0.1018, "2007-04-30": 0.1036, "2007-01-31": -0.0453, "2006-10-31": "-0.14640", "2006-07-31": 0.0688, "2006-04-30": 0.1737, "2006-01-31": 0.0373, "2005-10-31": "0.16090", "2005-07-31": 0.2627, "2005-04-30": 0.1584, "2005-01-31": 0.165}}, "revenue": {"Cantel Medical Annual Revenue (Millions of US $)": {"2020": "$1,016", "2019": "$918", "2018": "$872", "2017": "$770", "2016": "$665", "2015": "$565", "2014": "$489", "2013": "$425", "2012": "$386", "2011": "$322", "2010": "$274", "2009": "$260", "2008": "$249", "2007": "$219", "2006": "$192", "2005": "$137"}, "Cantel Medical Quarterly Revenue (Millions of US $)": {"2020-10-31": "$297", "2020-07-31": "$233", "2020-04-30": "$237", "2020-01-31": "$288", "2019-10-31": "$257", "2019-07-31": "$239", "2019-04-30": "$229", "2019-01-31": "$225", "2018-10-31": "$226", "2018-07-31": "$229", "2018-04-30": "$217", "2018-01-31": "$213", "2017-10-31": "$213", "2017-07-31": "$206", "2017-04-30": "$192", "2017-01-31": "$185", "2016-10-31": "$188", "2016-07-31": "$179", "2016-04-30": "$174", "2016-01-31": "$158", "2015-10-31": "$154", "2015-07-31": "$151", "2015-04-30": "$142", "2015-01-31": "$135", "2014-10-31": "$137", "2014-07-31": "$131", "2014-04-30": "$120", "2014-01-31": "$119", "2013-10-31": "$118", "2013-07-31": "$114", "2013-04-30": "$105", "2013-01-31": "$106", "2012-10-31": "$100", "2012-07-31": "$99", "2012-04-30": "$97", "2012-01-31": "$97", "2011-10-31": "$93", "2011-07-31": "$86", "2011-04-30": "$83", "2011-01-31": "$81", "2010-10-31": "$72", "2010-07-31": "$70", "2010-04-30": "$67", "2010-01-31": "$67", "2009-10-31": "$71", "2009-07-31": "$67", "2009-04-30": "$66", "2009-01-31": "$62", "2008-10-31": "$64", "2008-07-31": "$64", "2008-04-30": "$64", "2008-01-31": "$61", "2007-10-31": "$60", "2007-07-31": "$63", "2007-04-30": "$54", "2007-01-31": "$52", "2006-10-31": "$50", "2006-07-31": "$50", "2006-04-30": "$47", "2006-01-31": "$47", "2005-10-31": "$48", "2005-07-31": "$36", "2005-04-30": "$51", "2005-01-31": "$50"}}, "gross-profit": {"Cantel Medical Annual Gross Profit (Millions of US $)": {"2020": "$436", "2019": "$427", "2018": "$414", "2017": "$367", "2016": "$309", "2015": "$253", "2014": "$213", "2013": "$183", "2012": "$164", "2011": "$123", "2010": "$111", "2009": "$99", "2008": "$88", "2007": "$79", "2006": "$69", "2005": "$54"}, "Cantel Medical Quarterly Gross Profit (Millions of US $)": {"2020-10-31": "$147", "2020-07-31": "$97", "2020-04-30": "$101", "2020-01-31": "$122", "2019-10-31": "$116", "2019-07-31": "$111", "2019-04-30": "$107", "2019-01-31": "$105", "2018-10-31": "$105", "2018-07-31": "$107", "2018-04-30": "$105", "2018-01-31": "$101", "2017-10-31": "$101", "2017-07-31": "$98", "2017-04-30": "$91", "2017-01-31": "$88", "2016-10-31": "$90", "2016-07-31": "$85", "2016-04-30": "$80", "2016-01-31": "$72", "2015-10-31": "$71", "2015-07-31": "$69", "2015-04-30": "$64", "2015-01-31": "$61", "2014-10-31": "$61", "2014-07-31": "$57", "2014-04-30": "$52", "2014-01-31": "$52", "2013-10-31": "$51", "2013-07-31": "$49", "2013-04-30": "$45", "2013-01-31": "$45", "2012-10-31": "$44", "2012-07-31": "$43", "2012-04-30": "$43", "2012-01-31": "$41", "2011-10-31": "$38", "2011-07-31": "$32", "2011-04-30": "$31", "2011-01-31": "$31", "2010-10-31": "$28", "2010-07-31": "$28", "2010-04-30": "$27", "2010-01-31": "$27", "2009-10-31": "$29", "2009-07-31": "$27", "2009-04-30": "$26", "2009-01-31": "$24", "2008-10-31": "$24", "2008-07-31": "$23", "2008-04-30": "$22", "2008-01-31": "$21", "2007-10-31": "$21", "2007-07-31": "$21", "2007-04-30": "$20", "2007-01-31": "$20", "2006-10-31": "$18", "2006-07-31": "$17", "2006-04-30": "$17", "2006-01-31": "$17", "2005-10-31": "$18", "2005-07-31": "$14", "2005-04-30": "$20", "2005-01-31": "$19"}}, "operating-income": {"Cantel Medical Annual Operating Income (Millions of US $)": {"2020": "$48", "2019": "$84", "2018": "$122", "2017": "$110", "2016": "$97", "2015": "$81", "2014": "$71", "2013": "$63", "2012": "$52", "2011": "$31", "2010": "$33", "2009": "$27", "2008": "$18", "2007": "$17", "2006": "$15", "2005": "$14"}, "Cantel Medical Quarterly Operating Income (Millions of US $)": {"2020-10-31": "$50", "2020-07-31": "$4", "2020-04-30": "$22", "2020-01-31": "$8", "2019-10-31": "$14", "2019-07-31": "$15", "2019-04-30": "$15", "2019-01-31": "$26", "2018-10-31": "$28", "2018-07-31": "$30", "2018-04-30": "$27", "2018-01-31": "$32", "2017-10-31": "$32", "2017-07-31": "$27", "2017-04-30": "$27", "2017-01-31": "$29", "2016-10-31": "$27", "2016-07-31": "$26", "2016-04-30": "$23", "2016-01-31": "$24", "2015-10-31": "$24", "2015-07-31": "$22", "2015-04-30": "$21", "2015-01-31": "$18", "2014-10-31": "$19", "2014-07-31": "$18", "2014-04-30": "$17", "2014-01-31": "$18", "2013-10-31": "$18", "2013-07-31": "$16", "2013-04-30": "$14", "2013-01-31": "$17", "2012-10-31": "$16", "2012-07-31": "$14", "2012-04-30": "$14", "2012-01-31": "$13", "2011-10-31": "$11", "2011-07-31": "$7", "2011-04-30": "$8", "2011-01-31": "$9", "2010-10-31": "$8", "2010-07-31": "$7", "2010-04-30": "$7", "2010-01-31": "$8", "2009-10-31": "$10", "2009-07-31": "$7", "2009-04-30": "$7", "2009-01-31": "$7", "2008-10-31": "$6", "2008-07-31": "$5", "2008-04-30": "$4", "2008-01-31": "$5", "2007-10-31": "$4", "2007-07-31": "$4", "2007-04-30": "$5", "2007-01-31": "$5", "2006-10-31": "$4", "2006-07-31": "$3", "2006-04-30": "$3", "2006-01-31": "$4", "2005-10-31": "$5", "2005-07-31": "$4", "2005-04-30": "$7", "2005-01-31": "$7"}}, "ebitda": {"Cantel Medical Annual EBITDA (Millions of US $)": {"2020": "$123", "2019": "$126", "2018": "$156", "2017": "$144", "2016": "$122", "2015": "$105", "2014": "$90", "2013": "$81", "2012": "$68", "2011": "$44", "2010": "$45", "2009": "$39", "2008": "$30", "2007": "$27", "2006": "$26", "2005": "$19"}, "Cantel Medical Quarterly EBITDA (Millions of US $)": {"2020-10-31": "$71", "2020-07-31": "$23", "2020-04-30": "$43", "2020-01-31": "$28", "2019-10-31": "$29", "2019-07-31": "$26", "2019-04-30": "$26", "2019-01-31": "$36", "2018-10-31": "$38", "2018-07-31": "$40", "2018-04-30": "$36", "2018-01-31": "$41", "2017-10-31": "$40", "2017-07-31": "$38", "2017-04-30": "$35", "2017-01-31": "$36", "2016-10-31": "$34", "2016-07-31": "$32", "2016-04-30": "$30", "2016-01-31": "$31", "2015-10-31": "$30", "2015-07-31": "$29", "2015-04-30": "$28", "2015-01-31": "$24", "2014-10-31": "$24", "2014-07-31": "$23", "2014-04-30": "$22", "2014-01-31": "$23", "2013-10-31": "$23", "2013-07-31": "$21", "2013-04-30": "$19", "2013-01-31": "$21", "2012-10-31": "$20", "2012-07-31": "$18", "2012-04-30": "$18", "2012-01-31": "$17", "2011-10-31": "$15", "2011-07-31": "$10", "2011-04-30": "$11", "2011-01-31": "$12", "2010-10-31": "$11", "2010-07-31": "$10", "2010-04-30": "$10", "2010-01-31": "$11", "2009-10-31": "$13", "2009-07-31": "$11", "2009-04-30": "$10", "2009-01-31": "$9", "2008-10-31": "$9", "2008-07-31": "$8", "2008-04-30": "$7", "2008-01-31": "$8", "2007-10-31": "$7", "2007-07-31": "$7", "2007-04-30": "$7", "2007-01-31": "$7", "2006-10-31": "$6", "2006-07-31": "$5", "2006-04-30": "$6", "2006-01-31": "$7", "2005-10-31": "$8", "2005-07-31": "$6", "2005-04-30": "$8", "2005-01-31": "$8"}}, "net-income": {"Cantel Medical Annual Net Income (Millions of US $)": {"2020": "$14", "2019": "$55", "2018": "$91", "2017": "$71", "2016": "$59", "2015": "$48", "2014": "$43", "2013": "$39", "2012": "$31", "2011": "$20", "2010": "$20", "2009": "$15", "2008": "$9", "2007": "$8", "2006": "$24", "2005": "$16"}, "Cantel Medical Quarterly Net Income (Millions of US $)": {"2020-10-31": "$24", "2020-07-31": "$-6", "2020-04-30": "$16", "2020-01-31": "$-2", "2019-10-31": "$6", "2019-07-31": "$9", "2019-04-30": "$8", "2019-01-31": "$19", "2018-10-31": "$19", "2018-07-31": "$17", "2018-04-30": "$19", "2018-01-31": "$32", "2017-10-31": "$23", "2017-07-31": "$17", "2017-04-30": "$17", "2017-01-31": "$18", "2016-10-31": "$19", "2016-07-31": "$16", "2016-04-30": "$14", "2016-01-31": "$15", "2015-10-31": "$14", "2015-07-31": "$13", "2015-04-30": "$12", "2015-01-31": "$11", "2014-10-31": "$11", "2014-07-31": "$11", "2014-04-30": "$10", "2014-01-31": "$11", "2013-10-31": "$11", "2013-07-31": "$10", "2013-04-30": "$9", "2013-01-31": "$10", "2012-10-31": "$9", "2012-07-31": "$9", "2012-04-30": "$8", "2012-01-31": "$7", "2011-10-31": "$6", "2011-07-31": "$4", "2011-04-30": "$5", "2011-01-31": "$6", "2010-10-31": "$5", "2010-07-31": "$4", "2010-04-30": "$4", "2010-01-31": "$5", "2009-10-31": "$6", "2009-07-31": "$4", "2009-04-30": "$4", "2009-01-31": "$4", "2008-10-31": "$3", "2008-07-31": "$3", "2008-04-30": "$2", "2008-01-31": "$2", "2007-10-31": "$2", "2007-07-31": "$2", "2007-04-30": "$2", "2007-01-31": "$2", "2006-10-31": "$2", "2006-07-31": "$11", "2006-04-30": "$5", "2006-01-31": "$4", "2005-10-31": "$4", "2005-07-31": "$5", "2005-04-30": "$4", "2005-01-31": "$4"}}, "eps-earnings-per-share-diluted": {"Cantel Medical Annual EPS": {"2020": "$0.32", "2019": "$1.32", "2018": "$2.18", "2017": "$1.71", "2016": "$1.44", "2015": "$1.15", "2014": "$1.04", "2013": "$0.95", "2012": "$0.77", "2011": "$0.52", "2010": "$0.52", "2009": "$0.42", "2008": "$0.24", "2007": "$0.23", "2006": "$0.65", "2005": "$0.43"}, "Cantel Medical Quarterly EPS": {"2020-10-31": "$0.57", "2020-07-31": "$-0.14", "2020-04-30": "$0.37", "2020-01-31": "$-0.05", "2019-10-31": "$0.14", "2019-07-31": "$0.21", "2019-04-30": "$0.20", "2019-01-31": "$0.45", "2018-10-31": "$0.46", "2018-07-31": "$0.40", "2018-04-30": "$0.45", "2018-01-31": "$0.78", "2017-10-31": "$0.55", "2017-07-31": "$0.41", "2017-04-30": "$0.42", "2017-01-31": "$0.43", "2016-10-31": "$0.45", "2016-07-31": "$0.39", "2016-04-30": "$0.34", "2016-01-31": "$0.37", "2015-10-31": "$0.34", "2015-07-31": "$0.31", "2015-04-30": "$0.30", "2015-01-31": "$0.27", "2014-10-31": "$0.27", "2014-07-31": "$0.25", "2014-04-30": "$0.25", "2014-01-31": "$0.27", "2013-10-31": "$0.27", "2013-07-31": "$0.25", "2013-04-30": "$0.22", "2013-01-31": "$0.25", "2012-10-31": "$0.23", "2012-07-31": "$0.24", "2012-04-30": "$0.20", "2012-01-31": "$0.18", "2011-10-31": "$0.15", "2011-07-31": "$0.12", "2011-04-30": "$0.13", "2011-01-31": "$0.15", "2010-10-31": "$0.13", "2010-07-31": "$0.12", "2010-04-30": "$0.11", "2010-01-31": "$0.13", "2009-10-31": "$0.16", "2009-07-31": "$0.12", "2009-04-30": "$0.11", "2009-01-31": "$0.10", "2008-10-31": "$0.09", "2008-07-31": "$0.07", "2008-04-30": "$0.05", "2008-01-31": "$0.06", "2007-10-31": "$0.05", "2007-07-31": "$0.05", "2007-04-30": "$0.06", "2007-01-31": "$0.06", "2006-10-31": "$0.05", "2006-07-31": "$0.32", "2006-04-30": "$0.12", "2006-01-31": "$0.11", "2005-10-31": "$0.10", "2005-07-31": "$0.13", "2005-04-30": "$0.10", "2005-01-31": "$0.11"}}, "shares-outstanding": {"Cantel Medical Annual Shares Outstanding (Millions of Shares)": {"2020": "42", "2019": "42", "2018": "42", "2017": "42", "2016": "41", "2015": "41", "2014": "41", "2013": "41", "2012": "40", "2011": "38", "2010": "38", "2009": "37", "2008": "37", "2007": "36", "2006": "37", "2005": "36"}, "Cantel Medical Quarterly Shares Outstanding (Millions of Shares)": {"2020-10-31": "43", "2020-07-31": "42", "2020-04-30": "42", "2020-01-31": "43", "2019-10-31": "42", "2019-07-31": "42", "2019-04-30": "42", "2019-01-31": "42", "2018-10-31": "42", "2018-07-31": "42", "2018-04-30": "42", "2018-01-31": "42", "2017-10-31": "42", "2017-07-31": "42", "2017-04-30": "42", "2017-01-31": "42", "2016-10-31": "41", "2016-07-31": "41", "2016-04-30": "41", "2016-01-31": "41", "2015-10-31": "41", "2015-07-31": "41", "2015-04-30": "41", "2015-01-31": "41", "2014-10-31": "41", "2014-07-31": "41", "2014-04-30": "41", "2014-01-31": "41", "2013-10-31": "41", "2013-07-31": "41", "2013-04-30": "41", "2013-01-31": "41", "2012-10-31": "40", "2012-07-31": "40", "2012-04-30": "40", "2012-01-31": "40", "2011-10-31": "40", "2011-07-31": "38", "2011-04-30": "40", "2011-01-31": "40", "2010-10-31": "39", "2010-07-31": "38", "2010-04-30": "38", "2010-01-31": "38", "2009-10-31": "37", "2009-07-31": "37", "2009-04-30": "37", "2009-01-31": "37", "2008-10-31": "37", "2008-07-31": "37", "2008-04-30": "37", "2008-01-31": "37", "2007-10-31": "37", "2007-07-31": "36", "2007-04-30": "36", "2007-01-31": "36", "2006-10-31": "36", "2006-07-31": "37", "2006-04-30": "37", "2006-01-31": "37", "2005-10-31": "37", "2005-07-31": "37", "2005-04-30": "38", "2005-01-31": "37"}}, "total-assets": {"Cantel Medical Annual Total Assets (Millions of US $)": {"2020": "$2,072", "2019": "$1,070", "2018": "$964", "2017": "$786", "2016": "$695", "2015": "$584", "2014": "$536", "2013": "$488", "2012": "$435", "2011": "$321", "2010": "$281", "2009": "$278", "2008": "$279", "2007": "$264", "2006": "$238", "2005": "$165"}, "Cantel Medical Quarterly Total Assets (Millions of US $)": {"2020-10-31": "$2,041", "2020-07-31": "$2,072", "2020-04-30": "$1,912", "2020-01-31": "$1,891", "2019-10-31": "$1,906", "2019-07-31": "$1,070", "2019-04-30": "$1,063", "2019-01-31": "$1,022", "2018-10-31": "$984", "2018-07-31": "$964", "2018-04-30": "$922", "2018-01-31": "$884", "2017-10-31": "$855", "2017-07-31": "$786", "2017-04-30": "$784", "2017-01-31": "$753", "2016-10-31": "$749", "2016-07-31": "$695", "2016-04-30": "$707", "2016-01-31": "$663", "2015-10-31": "$678", "2015-07-31": "$584", "2015-04-30": "$580", "2015-01-31": "$568", "2014-10-31": "$559", "2014-07-31": "$536", "2014-04-30": "$498", "2014-01-31": "$493", "2013-10-31": "$486", "2013-07-31": "$488", "2013-04-30": "$484", "2013-01-31": "$472", "2012-10-31": "$431", "2012-07-31": "$435", "2012-04-30": "$430", "2012-01-31": "$429", "2011-10-31": "$429", "2011-07-31": "$321", "2011-04-30": "$318", "2011-01-31": "$306", "2010-10-31": "$298", "2010-07-31": "$281", "2010-04-30": "$277", "2010-01-31": "$277", "2009-10-31": "$280", "2009-07-31": "$278", "2009-04-30": "$273", "2009-01-31": "$273", "2008-10-31": "$272", "2008-07-31": "$279", "2008-04-30": "$280", "2008-01-31": "$278", "2007-10-31": "$282", "2007-07-31": "$264", "2007-04-30": "$261", "2007-01-31": "$227", "2006-10-31": "$229", "2006-07-31": "$238", "2006-04-30": "$249", "2006-01-31": "$245", "2005-10-31": "$244", "2005-07-31": "$165", "2005-04-30": "$157", "2005-01-31": "$153"}}, "cash-on-hand": {"Cantel Medical Annual Cash on Hand (Millions of US $)": {"2020": "$278", "2019": "$45", "2018": "$94", "2017": "$37", "2016": "$28", "2015": "$32", "2014": "$32", "2013": "$34", "2012": "$30", "2011": "$18", "2010": "$23", "2009": "$23", "2008": "$18", "2007": "$16", "2006": "$30", "2005": "$33"}, "Cantel Medical Quarterly Cash on Hand (Millions of US $)": {"2020-10-31": "$258", "2020-07-31": "$278", "2020-04-30": "$116", "2020-01-31": "$59", "2019-10-31": "$49", "2019-07-31": "$45", "2019-04-30": "$51", "2019-01-31": "$71", "2018-10-31": "$64", "2018-07-31": "$94", "2018-04-30": "$52", "2018-01-31": "$40", "2017-10-31": "$37", "2017-07-31": "$37", "2017-04-30": "$31", "2017-01-31": "$24", "2016-10-31": "$26", "2016-07-31": "$28", "2016-04-30": "$25", "2016-01-31": "$22", "2015-10-31": "$31", "2015-07-31": "$32", "2015-04-30": "$25", "2015-01-31": "$24", "2014-10-31": "$30", "2014-07-31": "$32", "2014-04-30": "$24", "2014-01-31": "$20", "2013-10-31": "$28", "2013-07-31": "$34", "2013-04-30": "$31", "2013-01-31": "$27", "2012-10-31": "$28", "2012-07-31": "$30", "2012-04-30": "$25", "2012-01-31": "$22", "2011-10-31": "$20", "2011-07-31": "$18", "2011-04-30": "$16", "2011-01-31": "$16", "2010-10-31": "$16", "2010-07-31": "$23", "2010-04-30": "$19", "2010-01-31": "$18", "2009-10-31": "$23", "2009-07-31": "$23", "2009-04-30": "$22", "2009-01-31": "$20", "2008-10-31": "$16", "2008-07-31": "$18", "2008-04-30": "$19", "2008-01-31": "$14", "2007-10-31": "$18", "2007-07-31": "$16", "2007-04-30": "$17", "2007-01-31": "$17", "2006-10-31": "$20", "2006-07-31": "$30", "2006-04-30": "$22", "2006-01-31": "$20", "2005-10-31": "$21", "2005-07-31": "$33", "2005-04-30": "$25", "2005-01-31": "$22"}}, "long-term-debt": {"Cantel Medical Annual Long Term Debt (Millions of US $)": {"2020": "$1,052", "2019": "$221", "2018": "$187", "2017": "$126", "2016": "$116", "2015": "$79", "2014": "$81", "2013": "$85", "2012": "$80", "2011": "$24", "2010": "$11", "2009": "$33", "2008": "$50", "2007": "$51", "2006": "$34", "2005": "$"}, "Cantel Medical Quarterly Long Term Debt (Millions of US $)": {"2020-10-31": "$972", "2020-07-31": "$1,052", "2020-04-30": "$944", "2020-01-31": "$885", "2019-10-31": "$876", "2019-07-31": "$221", "2019-04-30": "$223", "2019-01-31": "$228", "2018-10-31": "$185", "2018-07-31": "$187", "2018-04-30": "$169", "2018-01-31": "$160", "2017-10-31": "$168", "2017-07-31": "$126", "2017-04-30": "$145", "2017-01-31": "$149", "2016-10-31": "$161", "2016-07-31": "$116", "2016-04-30": "$132", "2016-01-31": "$134", "2015-10-31": "$148", "2015-07-31": "$79", "2015-04-30": "$92", "2015-01-31": "$96", "2014-10-31": "$94", "2014-07-31": "$81", "2014-04-30": "$65", "2014-01-31": "$75", "2013-10-31": "$72", "2013-07-31": "$85", "2013-04-30": "$95", "2013-01-31": "$97", "2012-10-31": "$70", "2012-07-31": "$80", "2012-04-30": "$91", "2012-01-31": "$98", "2011-10-31": "$107", "2011-07-31": "$24", "2011-04-30": "", "2011-01-31": "", "2010-10-31": "", "2010-07-31": "$11", "2010-04-30": "$15", "2010-01-31": "$5", "2009-10-31": "$8", "2009-07-31": "$33", "2009-04-30": "$40", "2009-01-31": "$45", "2008-10-31": "$49", "2008-07-31": "$50", "2008-04-30": "$56", "2008-01-31": "$60", "2007-10-31": "$64", "2007-07-31": "$51", "2007-04-30": "$56", "2007-01-31": "$31", "2006-10-31": "$33", "2006-07-31": "$34", "2006-04-30": "$54", "2006-01-31": "$59", "2005-10-31": "$63", "2005-07-31": "", "2005-04-30": "$12", "2005-01-31": "$15"}}, "total-liabilities": {"Cantel Medical Annual Total Liabilities (Millions of US $)": {"2020": "$1,342", "2019": "$409", "2018": "$355", "2017": "$262", "2016": "$240", "2015": "$177", "2014": "$171", "2013": "$167", "2012": "$159", "2011": "$87", "2010": "$71", "2009": "$91", "2008": "$110", "2007": "$109", "2006": "$97", "2005": "$57"}, "Cantel Medical Quarterly Total Liabilities (Millions of US $)": {"2020-10-31": "$1,282", "2020-07-31": "$1,342", "2020-04-30": "$1,224", "2020-01-31": "$1,168", "2019-10-31": "$1,174", "2019-07-31": "$409", "2019-04-30": "$407", "2019-01-31": "$380", "2018-10-31": "$361", "2018-07-31": "$355", "2018-04-30": "$321", "2018-01-31": "$297", "2017-10-31": "$313", "2017-07-31": "$262", "2017-04-30": "$281", "2017-01-31": "$270", "2016-10-31": "$289", "2016-07-31": "$240", "2016-04-30": "$259", "2016-01-31": "$236", "2015-10-31": "$260", "2015-07-31": "$177", "2015-04-30": "$186", "2015-01-31": "$187", "2014-10-31": "$183", "2014-07-31": "$171", "2014-04-30": "$143", "2014-01-31": "$151", "2013-10-31": "$155", "2013-07-31": "$167", "2013-04-30": "$176", "2013-01-31": "$174", "2012-10-31": "$147", "2012-07-31": "$159", "2012-04-30": "$164", "2012-01-31": "$172", "2011-10-31": "$182", "2011-07-31": "$87", "2011-04-30": "$89", "2011-01-31": "$83", "2010-10-31": "$84", "2010-07-31": "$71", "2010-04-30": "$71", "2010-01-31": "$77", "2009-10-31": "$87", "2009-07-31": "$91", "2009-04-30": "$95", "2009-01-31": "$101", "2008-10-31": "$104", "2008-07-31": "$110", "2008-04-30": "$113", "2008-01-31": "$115", "2007-10-31": "$120", "2007-07-31": "$109", "2007-04-30": "$110", "2007-01-31": "$83", "2006-10-31": "$85", "2006-07-31": "$97", "2006-04-30": "$114", "2006-01-31": "$116", "2005-10-31": "$123", "2005-07-31": "$57", "2005-04-30": "$54", "2005-01-31": "$53"}}, "total-share-holder-equity": {"Cantel Medical Annual Share Holder Equity (Millions of US $)": {"2020": "$730", "2019": "$662", "2018": "$609", "2017": "$524", "2016": "$454", "2015": "$407", "2014": "$365", "2013": "$321", "2012": "$276", "2011": "$234", "2010": "$209", "2009": "$187", "2008": "$169", "2007": "$155", "2006": "$141", "2005": "$109"}, "Cantel Medical Quarterly Share Holder Equity (Millions of US $)": {"2020-10-31": "$758", "2020-07-31": "$730", "2020-04-30": "$688", "2020-01-31": "$723", "2019-10-31": "$732", "2019-07-31": "$662", "2019-04-30": "$656", "2019-01-31": "$642", "2018-10-31": "$622", "2018-07-31": "$609", "2018-04-30": "$601", "2018-01-31": "$586", "2017-10-31": "$543", "2017-07-31": "$524", "2017-04-30": "$504", "2017-01-31": "$483", "2016-10-31": "$460", "2016-07-31": "$454", "2016-04-30": "$448", "2016-01-31": "$427", "2015-10-31": "$418", "2015-07-31": "$407", "2015-04-30": "$394", "2015-01-31": "$380", "2014-10-31": "$376", "2014-07-31": "$365", "2014-04-30": "$354", "2014-01-31": "$342", "2013-10-31": "$330", "2013-07-31": "$321", "2013-04-30": "$308", "2013-01-31": "$298", "2012-10-31": "$285", "2012-07-31": "$276", "2012-04-30": "$266", "2012-01-31": "$257", "2011-10-31": "$247", "2011-07-31": "$234", "2011-04-30": "$230", "2011-01-31": "$222", "2010-10-31": "$214", "2010-07-31": "$209", "2010-04-30": "$206", "2010-01-31": "$200", "2009-10-31": "$193", "2009-07-31": "$187", "2009-04-30": "$178", "2009-01-31": "$172", "2008-10-31": "$168", "2008-07-31": "$169", "2008-04-30": "$167", "2008-01-31": "$164", "2007-10-31": "$163", "2007-07-31": "$155", "2007-04-30": "$151", "2007-01-31": "$144", "2006-10-31": "$144", "2006-07-31": "$141", "2006-04-30": "$134", "2006-01-31": "$129", "2005-10-31": "$122", "2005-07-31": "$109", "2005-04-30": "$103", "2005-01-31": "$99"}}, "profit-margins": {"current": "3.38%"}, "gross margin": {"2020-10-31": "44.27%", "2020-07-31": "42.96%", "2020-04-30": "44.07%", "2020-01-31": "45.01%", "2019-10-31": "46.21%", "2019-07-31": "46.57%", "2019-04-30": "46.64%", "2019-01-31": "47.05%", "2018-10-31": "47.23%", "2018-07-31": "47.48%", "2018-04-30": "47.70%", "2018-01-31": "47.45%", "2017-10-31": "47.49%", "2017-07-31": "47.60%", "2017-04-30": "47.58%", "2017-01-31": "47.25%", "2016-10-31": "46.78%", "2016-07-31": "46.32%", "2016-04-30": "45.84%", "2016-01-31": "45.62%", "2015-10-31": "45.53%", "2015-07-31": "45.13%", "2015-04-30": "44.59%", "2015-01-31": "44.17%", "2014-10-31": "43.79%", "2014-07-31": "43.44%", "2014-04-30": "43.31%", "2014-01-31": "43.20%", "2013-10-31": "42.89%", "2013-07-31": "43.06%", "2013-04-30": "43.17%", "2013-01-31": "43.53%", "2012-10-31": "43.51%", "2012-07-31": "42.75%", "2012-04-30": "41.29%", "2012-01-31": "39.55%", "2011-10-31": "38.48%", "2011-07-31": "37.89%", "2011-04-30": "38.56%", "2011-01-31": "39.31%", "2010-10-31": "39.86%", "2010-07-31": "40.36%", "2010-04-30": "40.44%", "2010-01-31": "40.22%", "2009-10-31": "39.85%", "2009-07-31": "39.00%", "2009-04-30": "37.89%", "2009-01-31": "36.61%", "2008-10-31": "35.57%", "2008-07-31": "34.94%", "2008-04-30": "34.27%", "2008-01-31": "34.87%", "2007-10-31": "35.81%", "2007-07-31": "36.07%", "2007-04-30": "36.41%", "2007-01-31": "36.18%", "2006-10-31": "35.57%", "2006-07-31": "35.94%", "2006-04-30": "37.08%", "2006-01-31": "37.91%", "2005-10-31": "38.38%"}, "operating margin": {"2020-10-31": "7.96%", "2020-07-31": "4.73%", "2020-04-30": "5.78%", "2020-01-31": "5.13%", "2019-10-31": "7.37%", "2019-07-31": "9.14%", "2019-04-30": "10.89%", "2019-01-31": "12.37%", "2018-10-31": "13.22%", "2018-07-31": "13.88%", "2018-04-30": "13.90%", "2018-01-31": "14.32%", "2017-10-31": "14.45%", "2017-07-31": "14.27%", "2017-04-30": "14.65%", "2017-01-31": "14.46%", "2016-10-31": "14.31%", "2016-07-31": "14.59%", "2016-04-30": "14.60%", "2016-01-31": "15.04%", "2015-10-31": "14.60%", "2015-07-31": "14.16%", "2015-04-30": "13.94%", "2015-01-31": "13.77%", "2014-10-31": "14.20%", "2014-07-31": "14.55%", "2014-04-30": "14.65%", "2014-01-31": "14.47%", "2013-10-31": "14.67%", "2013-07-31": "14.82%", "2013-04-30": "14.88%", "2013-01-31": "15.17%", "2012-10-31": "14.50%", "2012-07-31": "13.47%", "2012-04-30": "12.06%", "2012-01-31": "10.86%", "2011-10-31": "10.20%", "2011-07-31": "9.94%", "2011-04-30": "10.46%", "2011-01-31": "10.69%", "2010-10-31": "10.87%", "2010-07-31": "11.64%", "2010-04-30": "11.76%", "2010-01-31": "11.81%", "2009-10-31": "11.65%", "2009-07-31": "10.42%", "2009-04-30": "9.77%", "2009-01-31": "8.66%", "2008-10-31": "7.91%", "2008-07-31": "7.23%", "2008-04-30": "6.85%", "2008-01-31": "7.56%", "2007-10-31": "7.86%", "2007-07-31": "8.22%", "2007-04-30": "8.25%", "2007-01-31": "7.54%", "2006-10-31": "7.22%", "2006-07-31": "7.81%", "2006-04-30": "8.99%", "2006-01-31": "10.99%", "2005-10-31": "12.43%"}, "ebitda margin": {"2020-10-31": "15.64%", "2020-07-31": "12.12%", "2020-04-30": "12.34%", "2020-01-31": "10.76%", "2019-10-31": "12.32%", "2019-07-31": "13.71%", "2019-04-30": "15.40%", "2019-01-31": "16.72%", "2018-10-31": "17.51%", "2018-07-31": "18.00%", "2018-04-30": "18.26%", "2018-01-31": "18.69%", "2017-10-31": "18.72%", "2017-07-31": "18.55%", "2017-04-30": "18.41%", "2017-01-31": "18.18%", "2016-10-31": "18.17%", "2016-07-31": "18.50%", "2016-04-30": "18.84%", "2016-01-31": "19.50%", "2015-10-31": "19.07%", "2015-07-31": "18.58%", "2015-04-30": "18.17%", "2015-01-31": "17.78%", "2014-10-31": "18.15%", "2014-07-31": "18.65%", "2014-04-30": "18.90%", "2014-01-31": "18.86%", "2013-10-31": "18.96%", "2013-07-31": "19.06%", "2013-04-30": "19.02%", "2013-01-31": "19.15%", "2012-10-31": "18.58%", "2012-07-31": "17.62%", "2012-04-30": "16.09%", "2012-01-31": "14.76%", "2011-10-31": "13.99%", "2011-07-31": "13.66%", "2011-04-30": "14.38%", "2011-01-31": "14.83%", "2010-10-31": "15.22%", "2010-07-31": "16.00%", "2010-04-30": "16.54%", "2010-01-31": "16.61%", "2009-10-31": "16.17%", "2009-07-31": "15.06%", "2009-04-30": "14.06%", "2009-01-31": "12.99%", "2008-10-31": "12.65%", "2008-07-31": "12.05%", "2008-04-30": "11.69%", "2008-01-31": "12.18%", "2007-10-31": "12.23%", "2007-07-31": "12.33%", "2007-04-30": "12.14%", "2007-01-31": "12.06%", "2006-10-31": "12.37%", "2006-07-31": "13.54%", "2006-04-30": "15.17%", "2006-01-31": "15.93%", "2005-10-31": "16.22%"}, "pre tax profit margin": {"2020-10-31": "3.03%", "2020-07-31": "0.69%", "2020-04-30": "2.94%", "2020-01-31": "2.96%", "2019-10-31": "6.11%", "2019-07-31": "8.16%", "2019-04-30": "10.12%", "2019-01-31": "11.82%", "2018-10-31": "12.66%", "2018-07-31": "13.53%", "2018-04-30": "13.55%", "2018-01-31": "13.96%", "2017-10-31": "13.94%", "2017-07-31": "13.62%", "2017-04-30": "13.98%", "2017-01-31": "13.77%", "2016-10-31": "13.88%", "2016-07-31": "14.14%", "2016-04-30": "14.29%", "2016-01-31": "14.38%", "2015-10-31": "13.92%", "2015-07-31": "13.63%", "2015-04-30": "13.21%", "2015-01-31": "13.38%", "2014-10-31": "13.81%", "2014-07-31": "14.14%", "2014-04-30": "14.23%", "2014-01-31": "14.04%", "2013-10-31": "14.00%", "2013-07-31": "13.88%", "2013-04-30": "14.15%", "2013-01-31": "14.43%", "2012-10-31": "13.74%", "2012-07-31": "12.69%", "2012-04-30": "11.26%", "2012-01-31": "10.03%", "2011-10-31": "9.62%", "2011-07-31": "9.63%", "2011-04-30": "10.13%", "2011-01-31": "10.69%", "2010-10-31": "10.87%", "2010-07-31": "11.64%", "2010-04-30": "11.76%", "2010-01-31": "11.81%", "2009-10-31": "11.28%", "2009-07-31": "10.04%", "2009-04-30": "8.98%", "2009-01-31": "7.48%", "2008-10-31": "6.72%", "2008-07-31": "5.62%", "2008-04-30": "5.24%", "2008-01-31": "5.88%", "2007-10-31": "6.11%", "2007-07-31": "6.39%", "2007-04-30": "6.31%", "2007-01-31": "6.03%", "2006-10-31": "5.67%", "2006-07-31": "6.25%", "2006-04-30": "7.87%", "2006-01-31": "9.89%", "2005-10-31": "11.35%"}, "net profit margin": {"2020-10-31": "3.03%", "2020-07-31": "1.38%", "2020-04-30": "2.84%", "2020-01-31": "2.07%", "2019-10-31": "4.42%", "2019-07-31": "5.98%", "2019-04-30": "6.93%", "2019-01-31": "8.25%", "2018-10-31": "9.83%", "2018-07-31": "10.44%", "2018-04-30": "10.72%", "2018-01-31": "10.80%", "2017-10-31": "9.42%", "2017-07-31": "9.21%", "2017-04-30": "9.41%", "2017-01-31": "9.23%", "2016-10-31": "9.16%", "2016-07-31": "8.87%", "2016-04-30": "8.79%", "2016-01-31": "8.93%", "2015-10-31": "8.59%", "2015-07-31": "8.32%", "2015-04-30": "8.26%", "2015-01-31": "8.22%", "2014-10-31": "8.48%", "2014-07-31": "8.81%", "2014-04-30": "8.92%", "2014-01-31": "8.99%", "2013-10-31": "9.03%", "2013-07-31": "8.94%", "2013-04-30": "9.02%", "2013-01-31": "8.96%", "2012-10-31": "8.40%", "2012-07-31": "7.77%", "2012-04-30": "6.70%", "2012-01-31": "6.13%", "2011-10-31": "6.12%", "2011-07-31": "6.21%", "2011-04-30": "6.54%", "2011-01-31": "6.55%", "2010-10-31": "6.52%", "2010-07-31": "6.91%", "2010-04-30": "6.99%", "2010-01-31": "7.01%", "2009-10-31": "6.77%", "2009-07-31": "5.79%", "2009-04-30": "5.47%", "2009-01-31": "4.72%", "2008-10-31": "3.95%", "2008-07-31": "3.61%", "2008-04-30": "3.23%", "2008-01-31": "3.36%", "2007-10-31": "3.49%", "2007-07-31": "3.65%", "2007-04-30": "8.25%", "2007-01-31": "10.05%", "2006-10-31": "11.34%", "2006-07-31": "12.50%", "2006-04-30": "10.11%", "2006-01-31": "9.34%", "2005-10-31": "9.19%"}, "pe ratio": {"current": "40.70", "2021-02-05": "92.54", "2020-10-31": "56.95", "2020-07-31": "115.24", "2020-04-30": "55.22", "2020-01-31": "130.12", "2019-10-31": "72.77", "2019-07-31": "69.79", "2019-04-30": "45.22", "2019-01-31": "45.86", "2018-10-31": "37.53", "2018-07-31": "42.15", "2018-04-30": "50.91", "2018-01-31": "51.09", "2017-10-31": "53.87", "2017-07-31": "43.14", "2017-04-30": "43.73", "2017-01-31": "47.75", "2016-10-31": "45.60", "2016-07-31": "46.14", "2016-04-30": "48.48", "2016-01-31": "44.26", "2015-10-31": "47.73", "2015-07-31": "46.86", "2015-04-30": "40.29", "2015-01-31": "38.23", "2014-10-31": "39.91", "2014-07-31": "31.56", "2014-04-30": "31.47", "2014-01-31": "30.98", "2013-10-31": "34.84", "2013-07-31": "27.35", "2013-04-30": "22.07", "2013-01-31": "22.41", "2012-10-31": "20.12", "2012-07-31": "22.25", "2012-04-30": "23.41", "2012-01-31": "23.54", "2011-10-31": "21.77", "2011-07-31": "20.67", "2011-04-30": "21.45", "2011-01-31": "18.23", "2010-10-31": "16.39", "2010-07-31": "13.10", "2010-04-30": "16.56", "2010-01-31": "16.00", "2009-10-31": "14.01", "2009-07-31": "15.95", "2009-04-30": "16.29", "2009-01-31": "20.45", "2008-10-31": "15.24", "2008-07-31": "17.05", "2008-04-30": "18.88", "2008-01-31": "21.92", "2007-10-31": "33.39", "2007-07-31": "26.98", "2007-04-30": "15.99", "2007-01-31": "12.58", "2006-10-31": "10.31"}, "price sales": {"2021-02-05": "3.13", "2020-10-31": "1.93", "2020-07-31": "1.97", "2020-04-30": "1.53", "2020-01-31": "2.70", "2019-10-31": "3.21", "2019-07-31": "4.19", "2019-04-30": "3.16", "2019-01-31": "3.77", "2018-10-31": "3.71", "2018-07-31": "4.41", "2018-04-30": "5.47", "2018-01-31": "5.57", "2017-10-31": "5.10", "2017-07-31": "3.98", "2017-04-30": "4.12", "2017-01-31": "4.40", "2016-10-31": "4.19", "2016-07-31": "4.14", "2016-04-30": "4.31", "2016-01-31": "4.02", "2015-10-31": "4.16", "2015-07-31": "3.96", "2015-04-30": "3.34", "2015-01-31": "3.15", "2014-10-31": "3.38", "2014-07-31": "2.77", "2014-04-30": "2.83", "2014-01-31": "2.79", "2013-10-31": "3.18", "2013-07-31": "2.50", "2013-04-30": "2.05", "2013-01-31": "2.07", "2012-10-31": "1.74", "2012-07-31": "1.77", "2012-04-30": "1.63", "2012-01-31": "1.51", "2011-10-31": "1.38", "2011-07-31": "1.33", "2011-04-30": "1.45", "2011-01-31": "1.23", "2010-10-31": "1.11", "2010-07-31": "0.94", "2010-04-30": "1.19", "2010-01-31": "1.14", "2009-10-31": "0.96", "2009-07-31": "0.94", "2009-04-30": "0.87", "2009-01-31": "0.93", "2008-10-31": "0.60", "2008-07-31": "0.59", "2008-04-30": "0.61", "2008-01-31": "0.76", "2007-10-31": "1.23", "2007-07-31": "1.03", "2007-04-30": "1.39", "2007-01-31": "1.28", "2006-10-31": "1.16"}, "price book": {"current": "4.33", "2021-02-05": "4.33", "2020-10-31": "2.66", "2020-07-31": "2.73", "2020-04-30": "2.27", "2020-01-31": "3.83", "2019-10-31": "4.23", "2019-07-31": "5.82", "2019-04-30": "4.38", "2019-01-31": "5.28", "2018-10-31": "5.28", "2018-07-31": "6.32", "2018-04-30": "7.73", "2018-01-31": "7.85", "2017-10-31": "7.51", "2017-07-31": "5.88", "2017-04-30": "6.12", "2017-01-31": "6.64", "2016-10-31": "6.40", "2016-07-31": "6.10", "2016-04-30": "6.19", "2016-01-31": "5.74", "2015-10-31": "5.86", "2015-07-31": "5.56", "2015-04-30": "4.67", "2015-01-31": "4.38", "2014-10-31": "4.63", "2014-07-31": "3.76", "2014-04-30": "3.82", "2014-01-31": "3.78", "2013-10-31": "4.32", "2013-07-31": "3.35", "2013-04-30": "2.76", "2013-01-31": "2.84", "2012-10-31": "2.44", "2012-07-31": "2.52", "2012-04-30": "2.33", "2012-01-31": "2.17", "2011-10-31": "1.96", "2011-07-31": "1.80", "2011-04-30": "1.90", "2011-01-31": "1.61", "2010-10-31": "1.43", "2010-07-31": "1.25", "2010-04-30": "1.58", "2010-01-31": "1.58", "2009-10-31": "1.44", "2009-07-31": "1.33", "2009-04-30": "1.28", "2009-01-31": "1.39", "2008-10-31": "0.91", "2008-07-31": "0.88", "2008-04-30": "0.90", "2008-01-31": "1.11", "2007-10-31": "1.74", "2007-07-31": "1.46", "2007-04-30": "1.89", "2007-01-31": "1.69", "2006-10-31": "1.51", "2006-07-31": "1.52", "2006-04-30": "1.64", "2006-01-31": "2.00"}, "price fcf": {"2021-02-05": "", "2020-10-31": "$3.79", "2020-07-31": "$2.44", "2020-04-30": "$1.54", "2020-01-31": "$0.63", "2019-10-31": "$-0.56", "2019-07-31": "$-0.68", "2019-04-30": "$-0.12", "2019-01-31": "$0.34", "2018-10-31": "$1.39", "2018-07-31": "$2.12", "2018-04-30": "$2.28", "2018-01-31": "$2.21", "2017-10-31": "$2.12", "2017-07-31": "$1.95", "2017-04-30": "$1.80", "2017-01-31": "$1.72", "2016-10-31": "$1.60", "2016-07-31": "$1.49", "2016-04-30": "$1.47", "2016-01-31": "$1.29", "2015-10-31": "$1.18", "2015-07-31": "$1.12", "2015-04-30": "$1.05", "2015-01-31": "$1.15", "2014-10-31": "$1.27", "2014-07-31": "$1.24", "2014-04-30": "$1.16", "2014-01-31": "$1.12", "2013-10-31": "$1.11", "2013-07-31": "$1.10", "2013-04-30": "$1.16", "2013-01-31": "$1.09", "2012-10-31": "$1.17", "2012-07-31": "$1.13", "2012-04-30": "$0.98", "2012-01-31": "$0.81", "2011-10-31": "$0.69", "2011-07-31": "$0.58", "2011-04-30": "$0.59", "2011-01-31": "$0.63", "2010-10-31": "$0.54", "2010-07-31": "$0.62", "2010-04-30": "$0.63", "2010-01-31": "$0.66", "2009-10-31": "$0.80", "2009-07-31": "$0.77", "2009-04-30": "$0.65", "2009-01-31": "$0.66", "2008-10-31": "$0.49", "2008-07-31": "$0.37", "2008-04-30": "$0.33", "2008-01-31": "$0.22", "2007-10-31": "$0.15", "2007-07-31": "$0.01", "2007-04-30": "$-0.02", "2007-01-31": "$0.05", "2006-10-31": "$0.29"}, "net worth": {"value": "$3.28B"}, "current ratio": {"2020-10-31": "3.13", "2020-07-31": "3.60", "2020-04-30": "2.46", "2020-01-31": "2.15", "2019-10-31": "2.45", "2019-07-31": "2.32", "2019-04-30": "2.33", "2019-01-31": "2.74", "2018-10-31": "2.21", "2018-07-31": "2.51", "2018-04-30": "2.44", "2018-01-31": "2.58", "2017-10-31": "2.44", "2017-07-31": "2.41", "2017-04-30": "2.40", "2017-01-31": "2.54", "2016-10-31": "2.36", "2016-07-31": "2.31", "2016-04-30": "2.48", "2016-01-31": "2.97", "2015-10-31": "2.70", "2015-07-31": "2.67", "2015-04-30": "2.74", "2015-01-31": "2.86", "2014-10-31": "2.72", "2014-07-31": "2.47", "2014-04-30": "3.03", "2014-01-31": "3.11", "2013-10-31": "2.52", "2013-07-31": "2.55", "2013-04-30": "2.58", "2013-01-31": "2.69", "2012-10-31": "2.44", "2012-07-31": "2.43", "2012-04-30": "2.50", "2012-01-31": "2.38", "2011-10-31": "2.27", "2011-07-31": "2.56", "2011-04-30": "1.53", "2011-01-31": "1.58", "2010-10-31": "1.45", "2010-07-31": "2.31", "2010-04-30": "2.45", "2010-01-31": "1.70", "2009-10-31": "1.53", "2009-07-31": "2.27", "2009-04-30": "2.39", "2009-01-31": "2.35", "2008-10-31": "2.35", "2008-07-31": "2.17", "2008-04-30": "2.55", "2008-01-31": "2.61", "2007-10-31": "2.55", "2007-07-31": "2.13", "2007-04-30": "2.63", "2007-01-31": "2.72", "2006-10-31": "2.61", "2006-07-31": "2.11", "2006-04-30": "2.93", "2006-01-31": "3.05", "2005-10-31": "2.85", "2005-07-31": "2.17", "2005-04-30": "2.95", "2005-01-31": "3.09"}, "quick ratio": {"2020-10-31": "2.31", "2020-07-31": "2.67", "2020-04-30": "1.52", "2020-01-31": "1.24", "2019-10-31": "1.36", "2019-07-31": "1.41", "2019-04-30": "1.45", "2019-01-31": "1.79", "2018-10-31": "1.44", "2018-07-31": "1.71", "2018-04-30": "1.52", "2018-01-31": "1.57", "2017-10-31": "1.48", "2017-07-31": "1.49", "2017-04-30": "1.44", "2017-01-31": "1.49", "2016-10-31": "1.37", "2016-07-31": "1.36", "2016-04-30": "1.48", "2016-01-31": "1.77", "2015-10-31": "1.65", "2015-07-31": "1.65", "2015-04-30": "1.68", "2015-01-31": "1.81", "2014-10-31": "1.78", "2014-07-31": "1.57", "2014-04-30": "1.90", "2014-01-31": "1.93", "2013-10-31": "1.60", "2013-07-31": "1.63", "2013-04-30": "1.64", "2013-01-31": "1.74", "2012-10-31": "1.57", "2012-07-31": "1.58", "2012-04-30": "1.56", "2012-01-31": "1.47", "2011-10-31": "1.39", "2011-07-31": "1.64", "2011-04-30": "0.96", "2011-01-31": "0.99", "2010-10-31": "0.88", "2010-07-31": "1.47", "2010-04-30": "1.49", "2010-01-31": "1.06", "2009-10-31": "1.01", "2009-07-31": "1.53", "2009-04-30": "1.58", "2009-01-31": "1.46", "2008-10-31": "1.44", "2008-07-31": "1.36", "2008-04-30": "1.61", "2008-01-31": "1.61", "2007-10-31": "1.63", "2007-07-31": "1.37", "2007-04-30": "1.69", "2007-01-31": "1.76", "2006-10-31": "1.73", "2006-07-31": "1.50", "2006-04-30": "1.93", "2006-01-31": "1.99", "2005-10-31": "1.89", "2005-07-31": "1.86", "2005-04-30": "2.14", "2005-01-31": "2.22"}, "debt equity ratio": {"current": "1.28", "2020-10-31": "1.69", "2020-07-31": "1.84", "2020-04-30": "1.78", "2020-01-31": "1.61", "2019-10-31": "1.60", "2019-07-31": "0.62", "2019-04-30": "0.62", "2019-01-31": "0.59", "2018-10-31": "0.58", "2018-07-31": "0.58", "2018-04-30": "0.53", "2018-01-31": "0.51", "2017-10-31": "0.58", "2017-07-31": "0.50", "2017-04-30": "0.56", "2017-01-31": "0.56", "2016-10-31": "0.63", "2016-07-31": "0.53", "2016-04-30": "0.58", "2016-01-31": "0.55", "2015-10-31": "0.62", "2015-07-31": "0.44", "2015-04-30": "0.47", "2015-01-31": "0.49", "2014-10-31": "0.49", "2014-07-31": "0.47", "2014-04-30": "0.41", "2014-01-31": "0.44", "2013-10-31": "0.47", "2013-07-31": "0.52", "2013-04-30": "0.57", "2013-01-31": "0.58", "2012-10-31": "0.52", "2012-07-31": "0.58", "2012-04-30": "0.62", "2012-01-31": "0.67", "2011-10-31": "0.74", "2011-07-31": "0.37", "2011-04-30": "0.39", "2011-01-31": "0.38", "2010-10-31": "0.39", "2010-07-31": "0.34", "2010-04-30": "0.35", "2010-01-31": "0.38", "2009-10-31": "0.45", "2009-07-31": "0.49", "2009-04-30": "0.53", "2009-01-31": "0.59", "2008-10-31": "0.62", "2008-07-31": "0.66", "2008-04-30": "0.68", "2008-01-31": "0.70", "2007-10-31": "0.74", "2007-07-31": "0.70", "2007-04-30": "0.73", "2007-01-31": "0.57", "2006-10-31": "0.59", "2006-07-31": "0.69", "2006-04-30": "0.85", "2006-01-31": "0.90", "2005-10-31": "1.01", "2005-07-31": "0.52", "2005-04-30": "0.52", "2005-01-31": "0.54"}, "return on equity": {"2020-10-31": "4.42%", "2020-07-31": "1.95%", "2020-04-30": "4.14%", "2020-01-31": "3.03%", "2019-10-31": "6.24%", "2019-07-31": "8.52%", "2019-04-30": "9.96%", "2019-01-31": "11.96%", "2018-10-31": "14.39%", "2018-07-31": "15.56%", "2018-04-30": "16.15%", "2018-01-31": "16.50%", "2017-10-31": "14.61%", "2017-07-31": "14.41%", "2017-04-30": "14.73%", "2017-01-31": "14.53%", "2016-10-31": "14.31%", "2016-07-31": "13.51%", "2016-04-30": "13.18%", "2016-01-31": "13.12%", "2015-10-31": "12.51%", "2015-07-31": "12.07%", "2015-04-30": "11.88%", "2015-01-31": "11.66%", "2014-10-31": "11.97%", "2014-07-31": "12.37%", "2014-04-30": "12.47%", "2014-01-31": "12.61%", "2013-10-31": "12.73%", "2013-07-31": "12.54%", "2013-04-30": "12.68%", "2013-01-31": "12.80%", "2012-10-31": "12.18%", "2012-07-31": "11.47%", "2012-04-30": "9.96%", "2012-01-31": "9.09%", "2011-10-31": "9.00%", "2011-07-31": "8.89%", "2011-04-30": "9.14%", "2011-01-31": "8.93%", "2010-10-31": "8.69%", "2010-07-31": "9.41%", "2010-04-30": "9.67%", "2010-01-31": "10.03%", "2009-10-31": "9.86%", "2009-07-31": "8.51%", "2009-04-30": "8.15%", "2009-01-31": "7.10%", "2008-10-31": "5.99%", "2008-07-31": "5.43%", "2008-04-30": "4.93%", "2008-01-31": "5.06%", "2007-10-31": "5.22%", "2007-07-31": "5.39%", "2007-04-30": "11.72%", "2007-01-31": "14.21%", "2006-10-31": "16.06%", "2006-07-31": "18.25%", "2006-04-30": "14.57%", "2006-01-31": "14.69%", "2005-10-31": "15.70%"}, "return on assets": {"2020-10-31": "1.62%", "2020-07-31": "0.72%", "2020-04-30": "1.71%", "2020-01-31": "1.42%", "2019-10-31": "3.32%", "2019-07-31": "5.32%", "2019-04-30": "6.25%", "2019-01-31": "7.61%", "2018-10-31": "9.27%", "2018-07-31": "10.04%", "2018-04-30": "10.56%", "2018-01-31": "10.76%", "2017-10-31": "9.44%", "2017-07-31": "9.24%", "2017-04-30": "9.39%", "2017-01-31": "9.23%", "2016-10-31": "9.10%", "2016-07-31": "8.60%", "2016-04-30": "8.51%", "2016-01-31": "8.62%", "2015-10-31": "8.30%", "2015-07-31": "8.21%", "2015-04-30": "8.02%", "2015-01-31": "7.96%", "2014-10-31": "8.25%", "2014-07-31": "8.54%", "2014-04-30": "8.55%", "2014-01-31": "8.41%", "2013-10-31": "8.29%", "2013-07-31": "8.11%", "2013-04-30": "8.12%", "2013-01-31": "8.14%", "2012-10-31": "7.65%", "2012-07-31": "6.96%", "2012-04-30": "6.22%", "2012-01-31": "5.88%", "2011-10-31": "6.11%", "2011-07-31": "6.44%", "2011-04-30": "6.65%", "2011-01-31": "6.54%", "2010-10-31": "6.35%", "2010-07-31": "6.82%", "2010-04-30": "6.83%", "2010-01-31": "6.86%", "2009-10-31": "6.52%", "2009-07-31": "5.47%", "2009-04-30": "5.10%", "2009-01-31": "4.35%", "2008-10-31": "3.61%", "2008-07-31": "3.22%", "2008-04-30": "2.90%", "2008-01-31": "2.95%", "2007-10-31": "3.09%", "2007-07-31": "3.26%", "2007-04-30": "7.12%", "2007-01-31": "8.48%", "2006-10-31": "9.16%", "2006-07-31": "9.84%", "2006-04-30": "7.97%", "2006-01-31": "8.38%", "2005-10-31": "9.46%"}, "return on investments": {"2020-10-31": "4.98%", "2020-07-31": "2.90%", "2020-04-30": "4.12%", "2020-01-31": "4.18%", "2019-10-31": "6.61%", "2019-07-31": "9.78%", "2019-04-30": "11.82%", "2019-01-31": "13.70%", "2018-10-31": "15.00%", "2018-07-31": "16.01%", "2018-04-30": "16.41%", "2018-01-31": "17.13%", "2017-10-31": "17.41%", "2017-07-31": "17.24%", "2017-04-30": "17.64%", "2017-01-31": "17.48%", "2016-10-31": "17.15%", "2016-07-31": "17.05%", "2016-04-30": "16.98%", "2016-01-31": "17.36%", "2015-10-31": "16.90%", "2015-07-31": "16.70%", "2015-04-30": "16.20%", "2015-01-31": "15.91%", "2014-10-31": "16.45%", "2014-07-31": "16.86%", "2014-04-30": "16.79%", "2014-01-31": "16.22%", "2013-10-31": "16.19%", "2013-07-31": "16.16%", "2013-04-30": "16.17%", "2013-01-31": "16.68%", "2012-10-31": "16.02%", "2012-07-31": "14.63%", "2012-04-30": "13.60%", "2012-01-31": "16.13%", "2011-10-31": "22.88%", "2011-07-31": "49.61%", "2011-04-30": "58.18%", "2011-01-31": "28.12%", "2010-10-31": "18.58%", "2010-07-31": "15.11%", "2010-04-30": "15.11%", "2010-01-31": "15.17%", "2009-10-31": "14.49%", "2009-07-31": "12.39%", "2009-04-30": "11.48%", "2009-01-31": "10.05%", "2008-10-31": "9.06%", "2008-07-31": "8.06%", "2008-04-30": "7.73%", "2008-01-31": "8.34%", "2007-10-31": "8.85%", "2007-07-31": "9.44%", "2007-04-30": "9.29%", "2007-01-31": "8.40%", "2006-10-31": "7.70%", "2006-07-31": "8.15%", "2006-04-30": "11.41%", "2006-01-31": "16.39%", "2005-10-31": "22.17%"}, "return on tangible equity": {"2020-10-31": "-7.69%", "2020-07-31": "-3.25%", "2020-04-30": "-9.92%", "2020-01-31": "-14.29%", "2019-10-31": "-579.31%", "2019-07-31": "42.72%", "2019-04-30": "52.94%", "2019-01-31": "68.05%", "2018-10-31": "88.55%", "2018-07-31": "109.97%", "2018-04-30": "115.19%", "2018-01-31": "120.68%", "2017-10-31": "115.38%", "2017-07-31": "120.34%", "2017-04-30": "133.33%", "2017-01-31": "143.32%", "2016-10-31": "149.71%", "2016-07-31": "147.50%", "2016-04-30": "126.55%", "2016-01-31": "111.34%", "2015-10-31": "92.59%", "2015-07-31": "69.12%", "2015-04-30": "73.77%", "2015-01-31": "70.49%", "2014-10-31": "73.82%", "2014-07-31": "83.90%", "2014-04-30": "89.36%", "2014-01-31": "107.89%", "2013-10-31": "135.59%", "2013-07-31": "144.76%", "2013-04-30": "160.87%", "2013-01-31": "192.00%", "2012-10-31": "223.73%", "2012-07-31": "1000.00%", "2012-04-30": "196.08%", "2012-01-31": "91.67%", "2011-10-31": "54.90%", "2011-07-31": "37.56%", "2011-04-30": "37.56%", "2011-01-31": "35.19%", "2010-10-31": "33.96%", "2010-07-31": "36.19%", "2010-04-30": "41.08%", "2010-01-31": "48.41%", "2009-10-31": "55.81%", "2009-07-31": "58.82%", "2009-04-30": "69.14%", "2009-01-31": "72.73%", "2008-10-31": "75.47%", "2008-07-31": "85.71%", "2008-04-30": "88.89%", "2008-01-31": "103.23%", "2007-10-31": "60.38%", "2007-07-31": "41.56%", "2007-04-30": "72.34%", "2007-01-31": "74.77%", "2006-10-31": "95.65%", "2006-07-31": "135.21%", "2006-04-30": "66.67%", "2006-01-31": "47.89%", "2005-10-31": "38.20%"}, "dividend yield history": {"last payout": "$0.00", "last yield": "0.00%"}}